2768 4834
94 175 109 182 ’
164 221 224 286 tos
621 213 774 277 storto
795 199 849 272 vt.
908 169 919 182 ’
1013 152 1023 166 ’

196 369 362 449 ariadnae
381 365 517 429 adv'ersus
535 368 629 448 ipsum
640 363 819 426 tumultuari
831 385 892 426 non
914 364 1030 437 desinit,
1052 364 1164 424 dociles
1182 362 1241 422 sibi
1253 383 1308 424 ·ac

138 391 331 508 'ignatium
350 443 465 519 reddat,
484 465 523 505 ne
543 442 613 523 qtrid
632 443 724 504 velint
743 455 793 502 aut
812 454 952 522 appetant
972 441 1027 500 nisi
1047 441 1127 520 quod
1148 440 1176 501 ei
1196 440 1310 520 placet

166 545 206 584 ac·
225 523 376 604 probatur.
414 521 520 582 Posset
541 533 639 580 tamen
664 517 753 578 obiici
774 518 923 598 quaestio,
952 539 989 576 an
1010 517 1169 596 petendum
1189 538 1205 584 a
1224 517 1308 576 Deo

165 597 246 675 rior?
272 598 331 659 uod
348 617 506 684 :nunquam
533 597 599 655 lore
619 595 900 674 pronuntiatusque
920 594 957 654 ad
977 593 1197 656 finemundi.
1236 593 1307 652 Re-

165 619 316 756 spondeo,
345 669 416 734 nibil
437 693 510 752 opus
528 693 606 747 csse,
637 672 705 733 dum
724 682 831 731 terram
851 669 1026 733 obedienter
1047 669 1186 749 componi
1207 682 1306 750 opta-

95 796 98 802 ι
165 751 235 812 mus'
248 751 284 811 ad
302 747 362 810 Ilei
381 761 493 822 nutum,
513 760 649 808 excutere
667 745 796 828 singulos
817 747 971 820 homines„
998 747 1118 805 Sufficit
1136 747 1215 805 euim
1240 747 1306 805 hoc

164 839 237 891 voto
257 826 383 900 testari,
401 825 489 884 nobis
513 825 583 884 odio
609 845 643 884 ae
667 823 801 884 tristitiae
826 842 889 882 esse
910 823 1048 902 quicquid
1067 823 1125 882 Dei
1149 821 1306 882 voluntati

165 904 316 986 adversum
336 900 497 976 ceruimus,
518 900 747 978 exstinctumque
768 919 892 980 cupere,
919 918 980 958 non
999 900 1090 959 modo
1111 910 1145 958 ut
1164 899 1306 958 omnium

141 963 511 1044 'nostrorumuflectuum
536 977 574 1034 sit
597 975 788 1049 moderatrix,
827 975 879 1036 sed
899 987 932 1034 ut
951 997 1005 1036 nos
1031 987 1112 1036 totos
1132 995 1189 1054 qua
1208 975 1307 1034 decet

164 1053 398 1138 promptitudine
418 1053 455 1114 ad
474 1073 538 1114 eam
557 1053 734 1132 implendam
755 1051 923 1112 olicramus.

185 1153 189 1170 ·
241 1137 296 1196 tt.»
321 1131 438 1191 'Partem
466 1143 596 1190 murum
622 1127 828 1208 quotidinaum.
869 1129 950 1188 Haeo
971 1137 1030 1202 cst,
1059 1137 1092 1187 ut
1112 1126 1185 1201 dixi,
1214 1128 1305 1206 quasi

104 1255 106 1264 ,
163 1207 292 1268 secunda
311 1205 410 1267 tabula
430 1201 542 1266 fonnae'
562 1207 712 1296 precandi,
732 1227 817 1296 quam
839 1202 924 1264 nobis
946 1203 1078 1264 Christus
1094 1204 1234 1265 dictavit:
1256 1203 1304 1264 sic

165 1281 395 1346 etimidocerdt
421 1291 505 1344 cau'sa
552 1283 610 1354 ‘rpus
636 1281 758 1340 distinxi.
793 1281 851 1341 :Ut
876 1301 910 1340 ex
935 1279 1046 1348 duabus
1072 1279 1159 1371 Legis
1188 1279 1303 1340 tabulis

166 1360 308 1452 priorgde
327 1367 410 1419 recto
420 1358 480 1418 Dei
500 1302 580 1418 cultu
599 1358 751 1437 praecipit,
772 1358 862 1417 altera
881 1376 956 1426 veru
975 1357 1011 1416 de
1032 1356 1136 1416 ollicirs
1157 1353 1302 1430 caritatis,

163 1436 257 1515 atain
283 1435 526 1516 bac=precatioue
553 1432 632 1513 prius
655 1455 711 1494 nos
731 1433 849 1494 instruit
876 1434 912 1508 ad
933 1432 1129 1512 quaerendam
1147 1432 1208 1492 Dei
1228 1434 1301 1514 glo-

163 1512 248 1584 riam,
266 1511 375 1572 deinde
394 1511 425 1570 in
446 1511 535 1570 altera
555 1517 639 1590 parte
659 1510 803 1585 ostendit,
823 1510 894 1589 quid
914 1529 969 1588 pro
991 1508 1077 1569 nobis
1097 1521 1199 1588 petere
1220 1527 1301 1568 cont

163 1588 271 1653 veniat.
312 1587 489 1666 Quanquam
509 1585 595 1646 simul
613 1586 775 1646 notandum
796 1598 855 1660 cst,
874 1605 950 1664 quiae
966 1585 1001 1644 in
1020 1583 1144 1644 salutem
1163 1596 1302 1646 nostram

163 1664 214 1724 vel
230 1663 386 1723 utilitatem
407 1662 587 1741 concipimus
605 1673 684 1734 vota,
703 1663 734 1722 iu
754 1661 888 1722 ultimum
907 1661 989 1728 illum
1008 1661 1095 1721 finem
1116 1661 1227 1722 debere
1247 1683 1302 1720 re-

162 1739 250 1800 ferri:
278 1759 347 1798 non·
359 1739 438 1798 enim
457 1737 595 1818 propriae
615 1736 747 1797 utilitatis
767 1739 867 1798 studio
883 1738 924 1800 sic
944 1757 999 1798 nos
1013 1736 1157 1820 -occ'upari
1177 1737 1219 1797 sas
1242 1749 1302 1812 est,

163 1817 235 1896 quin
253 1815 409 1894 primatum
434 1811 551 1893 semper
575 1817 677 1874 teneat
694 1813 752 1874 Dei
778 1814 881 1895 gloria.
898 1821 909 1862 ι’
930 1815 1054 1895 Quotitb
1073 1831 1146 1896 ergo
1167 1832 1301 1888 oramus,

161 1911 321 1976 nunquam·
338 1891 374 1950 ab
401 1911 438 1952 eo
462 1909 554 1970 scopo
578 1889 681 1952 oculos
707 1891 865 1950 deflectere
885 1891 961 1953 licet
1001 1891 1067 1950 Hoc
1092 1903 1190 1949 tamen
1216 1890 1301 1950 inter

163 1963 599 2047 duusssprccatiouum‘species,
641 1987 690 2026 uas
710 1967 869 2046 posuimus,
889 1969 1021 2043 interest,
1041 1965 1120 2046 quod
1141 1967 1210 2025 dum
1231 1966 1300 2047 agi-

161 2055 211 2104 tur
224 2043 267 2104 de
286 2063 319 2102 re
341 2063 381 2102 uo
401 2043 510 2125 Deizet
529 1989 758 2118 sanctibcatioue
778 2044 905 2104 nominis
924 2044 1029 2124 ipsius,
1056 2064 1160 2104 seusus
1175 2051 1299 2102 nostros

161 2139 275 2180 sursum
295 2139 310 2178 e
341 2117 394 2178 olli
414 2131 549 2199 oportet,
572 2131 606 2178 ut
626 2119 732 2180 omisso
752 2119 846 2180 nostri
864 2129 1004 2200 respectu
1023 2119 1060 2180 ad
1081 2119 1175 2179 solum
1195 2118 1300 2178 Deum

162 2195 329 2255 attendant:
357 2197 475 2256 ‘deinde
502 2197 538 2256 ad
564 2215 618 2255 nos
643 2195 721 2276 ipsos
742 2197 961 2272 descendimus,
1001 2208 1032 2256 et
1056 2191 1154 2256 salutis
1172 2195 1300 2255 nostrae

163 2277 262 2332 curant
278 2271 500 2356 coniungimur·
512 2291 579 2333 cum
605 2272 661 2331 illis
681 2272 829 2353 prioribus
855 2275 949 2350 votis,
988 2293 1062 2353 quae
1080 2273 1179 2332 Deum
1198 2270 1300 2330 solum

161 2347 426 2428 respi'cirint··litsi
438 2361 535 2410 autem
555 2349 644 2410 victui
665 2349 858 2428 praeferenda
880 2361 924 2409 est
941 2361 1131 2441 peecatorum
1152 2347 1301 2422 remissio,

160 2423 313 2560 pertenui.
326 2423 439 2486 seilicet
458 2427 552 2486 anima
574 2425 694 2504 corpori
714 2425 882 2560 praecellit,
908 2425 1022 2488 initium
1040 2438 1139 2486 tamen
1161 2423 1300 2483 Christus

176 2500 234 2561 enit
252 2521 268 2560 a
288 2520 366 2580 pane
386 2513 416 2564 et
434 2513 570 2563 terrenae
590 2500 667 2560 vitae
686 2523 718 2561 su
741 2501 835 2578 sidiis,
862 2515 896 2562 ut
915 2524 931 2561 a
950 2501 1002 2562 tali
1022 2501 1189 2561 rudimento
1210 2499 1301 2560 altius

161 2577 310 2650 creberet.
350 2579 420 2652 Non
442 2599 514 2670 ergo
535 2598 642 2657 panem
662 2575 864 2656 quotidianum
883 2579 962 2658 prius
981 2577 1068 2638 nobis
1086 2577 1148 2639 dari
1168 2577 1301 2656 petimus

162 2643 346 2733 quamuis
366 2655 571 2736 reconciliari,
611 2653 692 2733 quasi
711 2653 802 2713 nobis
828 2655 918 2734 pluris
944 2675 1007 2716 csse
1032 2653 1138 2714 debeat
1168 2652 1300 2713 caducus

160 2730 271 2790 ventris
291 2729 387 2804 cibus,
406 2751 491 2812 quam
512 2727 632 2789 aeterna
652 2729 734 2789 salus
748 2731 873 2806 animae,
892 2731 944 2791 sed
956 2743 1069 2790 mentes
1083 2741 1201 2789 nostrae
1236 2732 1302 2789 nasi

160 2809 218 2886 pet
239 2806 330 2866 scalas
355 2817 470 2866 aterna
496 2806 527 2865 in
548 2805 663 2866 coelum
688 2807 897 2866 conscendant.
943 2809 1017 2867 Nam
1043 2825 1132 2884 quum
1156 2823 1187 2865 se
1246 2827 1300 2866 cus

124 2906 127 2915 ·
160 2883 323 2942 adialeuda
344 2902 475 2960 corpora
489 2881 632 2957 demittat,
650 2881 769 2941 minime
790 2881 910 2943 dubium
930 2896 985 2961 est,
1026 2883 1074 2942 uin
1095 2883 1131 2942 dc
1150 2881 1301 2962 spirituali

60 2954 64 2970 '
159 2957 221 3022 rita
242 2963 340 3016 nostra
362 2957 452 3048 longe
468 2957 509 3018 sit
527 2959 619 3040 magis
639 2958 789 3018 sollicitus.
828 2962 910 3041 Ergo
930 2972 989 3020 tam
1039 2959 1145 3040 cnigna
1166 2958 1229 3017 cius
1249 2960 1300 3017 in-

102 3055 110 3081 t
161 3032 314 3115 dulgentia
340 3033 479 3094 ¹fiduciam
510 3046 640 3094 nostram
665 3035 750 3094 altius
779 3035 875 3115 erigit
915 3035 1008 3110 Quod
1032 3034 1169 3094 nonnulli
1188 3055 1301 3114 panem

92 3173 95 3184 ,
159 3113 306 3172 tranimur
333 3129 389 3189 pro
415 3109 685 3190 supersubstantiali
710 3112 872 3192 accipiunt,
889 3139 892 3153 ι
909 3131 1030 3192 prorsus
1061 3110 1217 3172 absurdum
1243 3125 1300 3174 est.

159 3183 358 3258 Ratio-vero,
390 3205 477 3264 quam
500 3187 621 3250 adducit
639 3189 791 3262 Erasmus,
821 3209 883 3248 non
908 3189 999 3248 modo
1024 3186 1130 3247 frivola
1150 3199 1211 3260 cst,
1244 3190 1301 3248 scd

159 3259 265 3352 pietati
283 3263 442 3344 repugnat:
463 3283 524 3322 non
545 3264 661 3324 videtur
679 3264 721 3323 illi
736 3262 914 3399 probabile,
935 3265 1030 3344 quod,
1056 3265 1124 3324 dum
1144 3263 1300 3342 prodimus

159 3337 265 3395 rnDer
285 3349 487 3418 conspectum,
508 3338 641 3400 Christus
661 3362 716 3400 uos
757 3359 772 3400 e
793 3341 936 3400 alimentis
955 3339 1045 3401 verba
1066 3340 1164 3400 lacere
1186 3340 1300 3401 iubeat

233 3413 257 3471 si
277 3433 350 3476 voro
369 3435 431 3475 uon
452 3417 557 3493 passim
577 3415 649 3476 baec
669 3415 796 3494 docendi
820 3417 898 3476 ratio
918 3416 948 3476 iu
970 3416 1128 3496 Scripturis
1150 3429 1302 3494 occurrat,

161 3511 182 3549 u
203 3487 327 3550 *scilieet
345 3492 542 3570 praesentium
562 3491 820 3573 bonortuu'gustu
846 3493 878 3552 iu
902 3513 984 3574 spem
1009 3492 1179 3553 coelestium
1207 3495 1301 3553 duca-

161 3566 322 3633 murrinro
334 3588 405 3628 vero
426 3567 498 3629 baec
518 3569 593 3628 iusta
613 3569 728 3628 demum
747 3567 816 3629 fidei
835 3581 953 3629 nostrae
973 3568 1112 3650 probatio
1133 3579 1186 3640 cst,
1207 3591 1301 3660 qurum

159 3641 234 3702 nibil
250 3641 378 3704 aliunde
393 3645 554 3723 expetimus
574 3666 660 3726 quam
680 3667 696 3706 a
716 3644 800 3722 Deo,
829 3665 885 3706 nec
905 3647 995 3706 modo
1022 3667 1089 3720 eum
1110 3666 1125 3704 a
1148 3666 1302 3707 noscimus

130 3717 448 3787 ‘unicnmbonorum
470 3721 609 3781 omnium·
623 3723 752 3795 sontem,
791 3721 842 3794 ped
868 3733 1019 3803 paternam
1045 3723 1106 3782 eius
1127 3665 1301 3782 bonitatem
1382 3789 1383 3798 ,

93 3855 97 3862 .
158 3796 247 3860 etiam
267 3797 445 3857 ard-minime
465 3817 601 3876 quaeque
622 3797 748 3858 dillundi
768 3798 924 3874 sentimus,
949 3812 983 3858 ot
1002 3819 1040 3862 ne
1061 3795 1156 3858 carnis
1176 3799 1301 3889 quidem

157 3884 397 3933 nostrae-curam
417 3873 565 3952 suscipere
584 3886 711 3934 recuset
752 3873 844 3948 Quod
872 3887 969 3936 autern
990 3875 1026 3934 de
1047 3873 1196 3953 corporali
1217 3873 1302 3934 rictu

157 3946 213 4008 bie
227 3949 366 4038 loquatur
387 3949 538 4023 Christus,
571 3949 669 4028 primo
689 3949 758 4010 inde
779 3951 848 4010 rolli
871 3971 920 4011 ere
940 3964 1110 4031 promptum
1131 3961 1189 4023 est,
1237 3953 1301 4012 uod

69 4073 73 4078 .
158 4025 271 4103 alioqm
291 4025 393 4084 mutila
415 4035 500 4098 esset,
521 4046 583 4085 non
580 4026 693 4161 ⁴1plenu
714 4027 819 4089 oratio.
845 3971 984 4087 bibemus
1004 4028 1083 4088 enim
1102 4025 1202 4085 multis
1215 3971 1301 4088 locis

158 4119 242 4160 curas
270 4120 373 4159 omncs
397 4113 511 4161 nostras
538 4102 568 4160 in
620 4103 647 4162 ei
670 4104 765 4162 sinum
791 4105 956 4179 coniicerc,
990 4116 1021 4164 et
1044 4105 1107 4183 ipse
1134 4100 1303 4163 liberaliter

157 4175 324 4256 promittit,
351 4176 431 4237 nulla
461 4178 491 4236 in
520 4199 552 4238 re
578 4200 610 4239 se
639 4178 725 4240 nobis
750 4179 937 4240 defuturum,
966 4181 1048 4262 Ergo
1069 4180 1099 4239 in
1120 4191 1220 4240 exacta
1240 4180 1301 4240 rite

158 4251 264 4309 orandi
283 4253 386 4334 regula
406 4273 527 4314 necesse
547 4267 601 4328 est,
621 4257 658 4315 de
678 4255 837 4330 innumeris
857 4256 1019 4334 praesentis
1039 4255 1115 4316 vitae
1137 4255 1299 4316 necessita-

44 4317 50 4324 ’
157 4324 235 4389 tibus
256 4327 366 4408 aliquid
385 4330 524 4412 praecipi.
563 4317 681 4395 Deinde
701 4327 843 4414 particula
862 4330 946 4395 hodio
965 4332 1121 4417 significat,
1140 4333 1299 4394 bicaDeo
