2778 4838
116 251 156 313 86
220 279 225 290 ·
345 240 461 306 stur.
481 239 561 303 xtv.
599 203 777 304 uaricum
797 255 840 300 nr
861 205 1046 302 sinuosas.

124 419 185 461 esse
204 397 378 460 rationalem
397 398 456 462 Dei
477 393 603 470 cultum,
629 417 716 476 qnam
741 394 793 474 qui
819 394 856 454 ad
881 391 1013 473 regulam
1033 389 1117 450 verbi
1138 385 1292 472 eius,lor-
1387 397 1388 406 ’

121 488 216 536 matus
245 487 297 548 est.
347 473 525 555 Quanquam
550 486 648 534 autem
674 473 795 533 lesaias'
813 475 887 548 (29,
913 472 983 547 13.)
1012 487 1075 527 nou
1100 467 1132 525 in
1157 466 1294 526 laturum
1387 527 1388 532 ,

121 553 212 636 modo
238 551 352 632 teinpus
376 551 550 612 vaticinatus
574 562 635 625 est,
664 549 716 612 sed
747 547 850 609 aetatis
881 566 950 606 suae
983 545 1118 604 homines
1149 544 1295 622 respexit,

125 627 257 689 Christus
277 641 375 687 tamen
395 628 426 686 in
440 627 615 688 Pharisaeos
635 639 666 686 et
685 625 804 706 Scrihas
824 634 995 704 competere
1017 620 1089 680 dicit
1107 612 1295 694 vaticinium,
1387 667 1388 682 ,

146 705 193 765 uia
222 704 330 766 similes
356 715 425 764 sunt
452 704 599 764 veteribus
631 703 686 763 illis
714 703 732 761 h
756 701 892 782 pocritis,
924 719 991 758 cum
1021 697 1127 775 quibus
1156 697 1298 757 certabat
1387 697 1388 708 ¹

123 726 284 862 Propheta.
329 782 399 840 Noa
430 780 523 839 refert
546 779 679 840 Christus
710 724 753 838 ad
778 778 917 850 verbum,
950 775 1032 855 quod
1063 772 1124 833 illic
1151 773 1295 833 habetur:
1387 789 1388 846 t

125 859 185 932 duo
210 869 308 918 tamen
334 855 406 917 haec
432 856 502 917 vitia
527 856 676 936 Propheta
704 856 811 916 diserte
837 861 1066 925 commemorat,
1099 849 1207 932 quihus
1236 849 1298 910 Ilei

125 934 283 997 vindictam
302 933 333 992 in
353 953 384 992 se
404 944 638 1013 provocaverant
649 931 761 1007 Iudaei,
782 931 862 1010 quod
882 929 967 989 labiis
990 938 1102 986 tantum
1124 937 1155 986 et
1172 938 1296 986 externa

149 1011 313 1072 rolessione
333 1009 472 1088 pietatem
492 1009 674 1084 simularent,
694 1007 802 1068 deinde
823 1005 904 1086 quod
924 1005 1120 1065 deflecterent
1139 1003 1177 1062 ad
1196 1003 1295 1062 cultus

126 1032 259 1147 heticios.
304 1085 405 1146 PrImo
433 1085 524 1166 igitur
548 1086 587 1144 im
610 1085 637 1145 ia
665 1096 710 1144 est
736 1082 914 1165 hypocrisis,
946 1101 1036 1160 quam
1069 1079 1202 1140 homines
1234 1099 1300 1138 non

129 1162 185 1222 nisi
212 1175 331 1224 externa
355 1163 455 1242 speeie
474 1162 572 1222 Deum
590 1107 763 1221 honorant:
792 1180 858 1220 nam
885 1178 937 1220 ore
963 1170 994 1218 et
1018 1155 1104 1217 labiis
1131 1155 1298 1236 appropin-

129 1241 311 1318 quarelleo,
330 1259 434 1318 perse
454 1240 561 1298 malum
581 1259 642 1298 non
665 1248 750 1312 esset,
770 1236 794 1296 si
815 1234 906 1295 modo
927 1255 981 1296 cor
999 1229 1142 1323 praeiret.
1175 1231 1298 1291 Summa
1387 1265 1388 1312 t

129 1329 175 1375 est
194 1315 299 1396 igitur,
324 1315 393 1394 quia
410 1315 577 1394 spiritualis
603 1327 647 1374 εει
673 1312 766 1375 cultus
786 1312 859 1385 Dei,
885 1332 940 1372 uec
962 1329 1119 1390 quicquam
1138 1308 1180 1368 illi
1195 1307 1300 1398 placet
1387 1353 1388 1386 ,

129 1392 186 1452 nisi
205 1393 273 1452 assit
292 1392 419 1452 interior
437 1391 534 1454 cordis
553 1391 723 1466 sinceritas,
738 1389 917 1471 ¹hypocritas
938 1408 1018 1463 esse,
1043 1387 1093 1466 qui
1114 1395 1300 1446 sanctitatem
1387 1415 1388 1468 ἦ

130 1467 162 1528 in
183 1470 308 1530 externis
329 1469 446 1549 pompis
466 1469 658 1528 constituunt.
1387 1507 1388 1520 .

75 1543 79 1555 '
204 1552 233 1612 9.
260 1545 404 1622 ,chstra
432 1567 477 1614 nte
505 1545 611 1605 colunt.
659 1543 707 1603 ad
742 1541 866 1603 verbum
905 1542 946 1601 sic
976 1539 1109 1620 loquitur
1138 1537 1304 1618 Propheta,

131 1621 201 1684 Fuit
225 1623 499 1682 timor'eorum‘ex
524 1631 685 1701 praecepto
710 1619 862 1679 hominnm
888 1620 1020 1678 edoctus.
1073 1615 1134 1676 Sed
1163 1613 1301 1674 Christus
1387 1629 1388 1652 ι

131 1697 260 1758 fideliter
292 1711 323 1758 et
358 1709 426 1776 apte
454 1717 571 1758 sensum
601 1695 748 1768 reddidit,
784 1695 892 1754 frustra
917 1693 1017 1753 Deum
1044 1691 1119 1768 coli,
1153 1691 1206 1751 uhi
1244 1711 1303 1770 pro
1387 1697 1388 1734 l

136 1775 271 1834 doctrina
301 1773 448 1856 ingeritur
475 1772 627 1832 hominum
660 1771 805 1831 voluntas.
860 1771 958 1830 Porro
989 1769 1032 1829 his
1064 1768 1163 1832 verbis
1196 1787 1303 1827 omnes
1387 1779 1388 1822 1

134 1851 371 1925 ἔιελοθρησκείας,
395 1860 428 1907 ut
447 1849 553 1909 Paulus
573 1859 661 1908 vocat
684 1847 768 1926 (cot.
787 1853 824 1922 2,
843 1849 925 1922 23),
951 1845 1082 1906 damnari
1101 1843 1223 1904 minime
1245 1843 1300 1904 oh·
1387 1869 1388 1878 ¹

78 1969 90 1992 ,,
132 1943 247 1983 scurum
274 1933 326 1982 est.
369 1923 459 2000 Nam,
484 1938 517 1985 ut
542 1925 680 1996 diximus,
704 1924 772 2014 quia
796 1923 861 1984 vult
879 1923 961 1983 Deus
988 1942 1042 1982 suo
1071 1923 1157 1981 unius
1177 1919 1304 1980 arbitrio

134 1999 203 2074 coli,
223 2018 317 2059 novos
337 1998 394 2058 sihi
414 2001 507 2062 cultus
528 2001 665 2061 fabricari
685 2001 805 2060 manime
827 2001 962 2060 sustinet.
1001 1997 1097 2058 Simul
1118 2018 1197 2089 ergo
1215 2008 1305 2076 atque
1387 1989 1388 2030 ³

133 2075 234 2158 vagari
258 2074 314 2135 sihi
338 2077 511 2155 permittunt
537 2077 670 2138 homines
691 2087 770 2138 extra
789 2076 848 2136 Dei
867 2075 1006 2151 verbum,
1033 2096 1093 2154 quo
1120 2094 1246 2154 quasque
1274 2073 1305 2132 in

135 2171 173 2214 eo
200 2151 327 2213 colendo
347 2155 440 2236 magis
459 2166 578 2214 strenue
598 2165 628 2213 et
649 2153 764 2213 curiose
784 2165 914 2232 sataget,
935 2173 972 2214 eo
993 2152 1108 2234 gravius
1128 2151 1186 2228 sibi
1207 2171 1306 2210 arces-

135 2240 181 2288 set
198 2227 354 2303 iudicium,
382 2230 449 2310 quia
470 2232 645 2312 profanatur
663 2229 770 2311 religio
790 2229 897 2289 talibus
918 2229 1073 2311 tigmentis.
1113 2229 1150 2286 ln
1170 2228 1217 2287 his
1237 2248 1305 2286 ver-

135 2303 181 2366 bis
212 2305 360 2385 appositio
392 2318 450 2379 est,
489 2305 619 2368 dormies
648 2303 812 2378 dommum,
846 2320 1000 2382 praecepto
1029 2301 1185 2367 mium.
1244 2305 1306 2364 Eos

137 2382 215 2442 euim
236 2402 334 2442 errare
356 2381 488 2446 Christus
508 2383 699 2465 pronuntiat,
730 2383 781 2462 qui
801 2382 868 2442 loco
890 2382 1043 2443 doctrinae
1064 2380 1232 2441 obtrudunt
1250 2380 1307 2442 ho·
1387 2423 1388 2426 η

135 2457 247 2518 minum
266 2458 417 2534 mandata,
447 2460 494 2521 vel
515 2461 565 2552 qui
587 2459 655 2520 inde
676 2458 808 2542 regulam
828 2470 935 2539 petunt
955 2458 1074 2518 colendi
1093 2457 1162 2518 Dei.
1203 2457 1308 2516 Fixum
1387 2521 1388 2532 ,

136 2555 210 2618 ergo
230 2534 303 2594 illud
321 2549 455 2612 maneat,
480 2531 635 2617 qma'Deo
660 2535 753 2614 pluris
779 2545 822 2595 est
849 2534 1021 2596 obedientia
1047 2555 1132 2614 qnam
1158 2533 1307 2606 victimae,

135 2611 260 2672 ficticios
289 2631 391 2672 omnes
423 2614 516 2674 cultus
549 2633 647 2673 coram
675 2632 712 2671 co
738 2631 830 2672 vanos
856 2629 936 2686 esse,
966 2612 1026 2672 imo
1052 2622 1128 2672 teste
1155 2609 1309 2690 Propheta

135 2687 306 2750 maledictos
327 2700 357 2748 et
376 2689 563 2752 detestabiles
583 2689 623 2770 (1.
645 2689 722 2748 Sam.
743 2696 791 2764 15,
810 2692 860 2752 22.
880 2691 952 2768 Ph).
1387 2689 1388 2696 '

222 2899 326 2998 (1355
343 2919 514 2985 ΜΑΤΤΗ.
528 2923 599 2986 XV.
633 2919 684 2984 10.
697 2920 738 2985 Et
753 2919 918 2988 advocatis
931 2920 971 2986 ad
985 2943 1020 2986 se
1034 2920 1147 2998 turbis,
1162 2918 1246 2986 dixit
1257 2921 1312 2995 eis,

138 3019 258 3086 Audito
288 3033 320 3086 et
347 3021 525 3109 intelligite.
568 3022 616 3089 11.
644 3023 721 3088 Nou
749 3021 838 3110 quod
867 3022 1047 3108 ingreditur
1074 3025 1108 3088 iu
1131 3043 1183 3102 os,
1210 3026 1313 3108 impu·
1387 3047 1388 3118 p

138 3131 188 3184 rat
209 3121 387 3202 hominem,
415 3126 475 3192 sod
503 3127 593 3214 quod
622 3125 787 3212 egreditur
815 3147 854 3190 ex
875 3145 949 3202 ore,
969 3125 1033 3192 hoo
1052 3128 1216 3213 impurum
1238 3125 1313 3192 red·
1387 3187 1388 3222 ,

139 3221 188 3288 dit
214 3223 386 3291 hominem.
441 3229 491 3292 12.
524 3229 620 3316 'suno
652 3227 846 3294 accedentes
882 3225 1033 3320 discipuli
1060 3233 1130 3297 eins
1159 3229 1313 3294 dixemnt
1387 3273 1388 3300 2

139 3319 206 3406 illi,
244 3327 353 3406 Nosti,
389 3329 579 3398 Pharisaeos
606 3333 718 3399 audito
749 3353 898 3398 sermone
925 3334 988 3397 isto
1017 3333 1164 3398 ollensos
1194 3331 1314 3398 inisse?
1387 3407 1388 3410 Ἴ

86 3439 92 3524 Ι·
129 3433 184 3494 Αι
203 3429 261 3497 ille
281 3430 487 3516 respondens
508 3437 568 3518 ait,
596 3435 715 3506 Omnia
740 3435 914 3523 plantatio,
945 3457 1039 3522 quam
1062 3457 1128 3502 uon
1152 3435 1312 3520 plantavit

140 3533 238 3601 Pater
263 3556 354 3600 meus
384 3535 548 3616 coelestis,
576 3538 801 3629 eradicabitur..
847 3537 896 3601 14.
920 3537 1068 3604 Omittite
1091 3537 1182 3617 illos,
1209 3537 1309 3602 ducos

140 3648 215 3703 sunt
249 3641 341 3704 coeci
377 3660 558 3708 coecorum.
620 3645 724 3710 Porro
758 3644 785 3706 si
819 3658 937 3708 coecus
973 3662 1074 3708 coeco
1108 3640 1173 3706 dux
1203 3639 1312 3718 luerit,
1387 3671 1388 3698 ι

141 3739 237 3808 ambo
263 3744 298 3808 in
325 3741 452 3808 lorcam
480 3744 606 3811 cadent.
650 3747 700 3812 15.
723 3743 941 3829 Respondeas
963 3755 1068 3809 autem
1090 3744 1207 3809 Petrus
1228 3744 1311 3808 dixit

143 3847 190 3922 ei,
216 3846 370 3911 Edissere
398 3845 494 3912 nohis
520 3849 708 3935 parabolam
735 3850 836 3912 istam.
894 3849 943 3913 16.
971 3849 1061 3914 lesus
1090 3837 1197 3913 aut'em
1227 3847 1315 3924 dixit,

142 3947 259 4012 Adhuc
282 3956 315 4012 et
346 3967 406 4010 vos
432 3945 647 4034 intelligentia
680 3951 815 4015 caretis?
866 3951 915 4014 17.
942 3946 1096 4016 Nondum
1119 3949 1312 4037 intelligitis,
1387 4001 1388 4020 .

144 4046 234 4133 quod
264 4047 418 4136 quicquid
443 4052 623 4134 ingreditur
650 4056 683 4119 in
711 4075 764 4132 os,
791 4056 825 4118 iu
851 4053 956 4118 alvum
973 4050 1065 4130 abit,
1093 4065 1126 4118 et
1152 4057 1187 4120 in
1209 4075 1315 4119 seces-
1387 4045 1388 4104 l

144 4171 214 4214 suan
242 4154 376 4219 eiicitur.
430 4152 481 4216 18.
501 4153 544 4217 At
566 4176 619 4234 ca,
641 4175 725 4242 quac
745 4155 996 4240 proficiscuntur
1016 4177 1054 4221 cx
1076 4178 1150 4235 ore,
1179 4177 1218 4220 ex
1240 4159 1311 4244 ipso
1387 4131 1388 4206 l

146 4249 245 4316 corde
273 4252 500 4338 egrediuntur,
534 4268 567 4322 et
593 4257 651 4324 illa
682 4262 841 4344 impurum
869 4259 1010 4327 reddunt
1037 4259 1212 4327 homiuem.
1265 4259 1315 4323 ts.
1387 4253 1388 4256 '

144 4354 227 4418 Nam
254 4375 293 4419 er
320 4354 419 4422 corde
448 4369 567 4426 exeunt
595 4363 805 4448 cogitationes
832 4363 949 4444 muas,
983 4362 1115 4446 caedes,
1143 4361 1312 4442 adulteria,
