2790 4838
153 257 344 337 <tot-tot.
363 253 591 324 Pharisaeorum
611 255 767 318 calumnia.
808 211 920 319 Christi
939 227 1121 339 responsio.)
1155 263 1217 330 Ν

9 387 10 432 ³
69 409 214 472 fecerunt
233 407 347 470 Christi
366 408 504 491 cognati,
527 419 560 469 ut
578 428 645 468 eum
666 409 748 488 quasi
768 407 911 472 furiosum
930 410 1086 480 vincirent.
1123 405 1213 492 Apud

68 487 257 548 Matthaeum
284 496 316 546 et
334 485 444 546 Lucam
470 505 601 565 expressa
626 495 739 546 tantum
764 485 849 548 unius
874 486 1007 548 miraculi
1031 487 1064 547 fit
1087 489 1213 566 mentio,

69 563 155 643 qnod
178 561 378 622 maledicendi
404 561 589 622 occasionem
609 561 775 624 Pharisaeis
796 563 945 654 praebuit.
991 563 1070 640 Quia
1089 584 1160 638 vero
1179 565 1213 624 in

68 642 129 700 hoc
150 651 305 720 postremo
325 637 461 699 membro
486 649 546 698 tres
572 637 657 698 simul
671 652 875 716 conveniunt,
924 641 985 702 uod
1004 661 1020 702 a
1040 634 1143 702 Marco
1162 661 1214 702 re-

68 716 178 792 fertur,
199 715 257 775 buc
277 715 407 776 inserere
425 715 518 775 visum
539 724 592 775 est.
616 715 723 774 Mirum
737 738 820 792 vero,
840 661 922 797 quod
931 717 962 775 in
977 715 1088 778 Christi
1099 737 1213 810 cogna3

68 793 106 854 tis
127 804 213 852 tanta
234 790 326 852 suerit
345 791 490 872 pravitas,
520 791 571 870 qui
591 791 627 850 ad
648 795 881 872 promovendum
900 791 960 853 Dei
979 814 1104 878 regnum
1123 815 1214 874 prrmr
1318 853 1324 878 Ι

68 869 223 929 adiutores
245 889 308 930 esse
328 867 499 928 debuerant
541 867 642 942 Quum
661 869 778 944 vident,
812 868 933 1006 aliquod
959 868 1016 930 iam
1036 889 1147 930 nomen
1165 869 1212 930 illi

69 967 135 1006 esse
154 955 291 1025 partum,
320 943 420 1004 titillat
445 966 497 1005 eos
517 943 655 1019 ambitio,
684 957 717 1004 ut
736 945 864 1008 Hieroso
877 941 963 1027 ymae
988 944 1132 1030 celebrari
1159 968 1212 1008 cu-

90 1023 167 1082 iant:
202 1021 361 1082 hortantur
387 1019 465 1082 enim
489 1031 523 1081 ut
541 1020 610 1080 illuc
630 1022 781 1100 ascendat,
811 1045 871 1102 quo
896 1044 927 1084 se
947 1023 1050 1084 melius
1071 1034 1210 1083 ostentet.

68 1045 158 1158 Mune
180 1098 250 1188 quia
269 1098 386 1172 vident,
411 1097 517 1178 partim
544 1117 667 1156 exosum
686 1118 748 1158 esse
769 1099 962 1179 primoribus,
987 1097 1092 1179 partim
1113 1099 1211 1159 multis

69 1175 227 1234 calumniis
239 1173 410 1245 obnoxium,
430 1173 580 1234 contemni
593 1174 679 1232 etiam
700 1196 716 1234 a
736 1195 841 1256 magna
853 1188 948 1255 parte,
967 1175 1088 1255 nequid
1102 1167 1227 1250 damni,*

68 1251 116 1312 vel
137 1251 285 1324 invidiae,
317 1250 364 1310 vel
384 1251 539 1311 dedecoris
560 1250 705 1310 redundet
725 1251 762 1310 ad
782 1272 937 1312 commune
957 1272 1067 1332 genus,
1087 1251 1211 1312 iniicere

67 1329 113 1388 illi
133 1349 256 1388 manum
268 1326 411 1408 cogitant,
431 1339 461 1386 et
481 1326 561 1388 domi
574 1326 779 1408 constringere
791 1339 929 1419 tanquam
949 1327 1099 1387 hominem
1110 1339 1212 1388 mente

68 1405 246 1465 alienatum:
268 1416 355 1482 atque
375 1402 414 1462 ita
436 1402 523 1463 fuisse
544 1423 708 1483 persuasos,
729 1402 1090 1486 ex‘verbrsErangelistae
1105 1401 1210 1482 liquet,
1291 1457 1294 1463 .

70 1482 161 1542 Unde
183 1478 310 1560 primum
324 1479 482 1553 discimus,
503 1491 611 1560 qnanta
630 1479 668 1538 sit
688 1479 807 1539 bomani
826 1479 939 1561 rhrgenii
960 1477 1102 1553 coecitas,
1148 1479 1210 1540 uod
1302 1477 1310 1486 “

68 1570 129 1618 tam
149 1577 293 1637 perverse
318 1555 429 1616 iudicat
453 1557 490 1616 de
514 1555 667 1615 manifesta
685 1556 746 1616 Dei
793 1555 875 1618 foria.
916 1554 1007 1615 Certe
1027 1555 1117 1614 virtus
1161 1556 1210 1646 pi..
1256 1609 1259 1622 ,

68 1637 142 1696 ritus
162 1633 258 1694 sancti
278 1633 434 1714 magnifice
453 1631 622 1716 refulgebat
641 1632 671 1690 in
692 1577 828 1693 omnibus
843 1631 953 1692 Christi
965 1631 1049 1692 dictis
1061 1651 1095 1691 ac
1107 1629 1208 1692 factrsa

70 1711 180 1802 quodsi
200 1709 264 1768 aliis
284 1709 386 1768 fuisset
405 1708 541 1785 obscura,
560 1708 798 1790 consanguineos
811 1720 939 1800 proptor
959 1707 1130 1768 familiarem
1150 1727 1211 1782 no-

70 1788 167 1848 trtiarn
188 1786 342 1866 quomodo
358 1785 450 1845 latere
470 1785 608 1865 poterat?
646 1785 707 1846 Sed
728 1806 867 1865 quoniam
887 1784 994 1867 agendi
1012 1785 1101 1858 ratio,
1121 1800 1209 1863 quarn

69 1865 209 1926 Christus
228 1873 321 1934 tenet,
341 1859 452 1922 mundo
472 1882 535 1923 nou
550 1861 669 1937 arridet,
688 1863 822 1942 adeoque
836 1862 967 1923 favorem
987 1861 1031 1920 illi
1050 1881 1113 1920 non
1132 1881 1209 1921 con-

69 1943 170 2017 ciliat,
201 1950 234 1998 ut
254 1939 353 2018 potius
373 1950 500 2018 exponat
518 1939 677 1999 multorum
697 1939 789 2014 odiis,
808 1938 978 1999 ecstaticunr
999 1958 1061 1998 esse
1080 1937 1208 2020 fingunt.

68 2015 366 2079 Discamussecundo
387 2014 468 2090 loco,
486 2014 554 2075 fidei
573 2016 750 2076 lucem'non
772 2037 805 2075 ex
818 2036 906 2075 carue
926 2026 958 2075 et
975 2013 1119 2096 sanguine
1132 2034 1207 2091 esse,

68 2095 120 2154 sed
142 2115 178 2154 ex
198 2090 320 2152 coelesti
339 2091 449 2173 gratia,
481 2111 519 2152 ne
541 2093 604 2171 quis
624 2093 655 2151 in
675 2092 734 2152 alio
755 2113 841 2172 quam
863 2091 988 2171 Spiritus
1031 2091 1207 2150 eneratione
1234 2147 1238 2163 ,

68 2171 229 2251 glorietur,
250 2169 495 2260 quemadmodum
508 2169 615 2229 Paulus
634 2169 785 2250 admonet,
804 2169 838 2230 Si
858 2169 921 2248 quis
940 2168 972 2226 iu
1041 2167 1113 2228 riato
1132 2187 1206 2228 cen-

67 2246 130 2307 seri
151 2246 227 2319 vute,
246 2256 285 2304 srt
304 2265 381 2306 nova
401 2257 532 2307 creatura
552 2245 608 2322 (ll.
631 2246 702 2308 Cor.
722 2247 844 2320 5,17.).
1147 2263 1151 2277 ¹

147 2321 253 2382 Matth.
278 2326 326 2386 ²2
367 2321 454 2382 Tunc
481 2319 623 2382 adductus
650 2335 699 2380 est
738 2321 832 2380 Lucas
862 2319 1063 2394 daemonium,
1102 2339 1205 2399 aquo
1237 2314 1244 2330 ⁸
1292 2325 1295 2330 ’

69 2397 279 2481 possidebatur
297 2396 414 2473 bomo,¹
429 2399 466 2458 ab
487 2397 597 2457 effectu
616 2409 728 2456 mutum
747 2396 896 2457 nominat:
921 2395 1086 2456 Matthaeus
1105 2408 1206 2455 tamen

70 2477 159 2554 dicit,
191 2474 339 2555 duplicem
365 2475 479 2556 plagam
509 2474 597 2534 fuisse
617 2473 731 2533 homini
754 2472 905 2532 inflictam.
944 2469 1066 2532 Certum
1087 2471 1206 2550 quidem

67 2565 125 2628 est,
144 2550 254 2611 multos
275 2550 455 2612 naturalibus
474 2551 552 2610 vitiis
572 2569 679 2610 coecos
700 2568 762 2608 esse
782 2559 812 2609 et
832 2560 943 2622 mutos,
962 2547 1014 2606 sed
1034 2545 1112 2606 bunc
1132 2566 1207 2606 ocu-

66 2629 104 2690 lis
125 2641 245 2710 captum
265 2626 355 2688 fuisse
375 2648 390 2688 a
414 2640 513 2708 paret,
544 2637 575 2688 ct
594 2624 738 2688 sermonis
758 2645 812 2684 usu
832 2623 995 2704 privatum,
1024 2621 1154 2701 quamvis
1174 2622 1205 2680 in

68 2705 168 2766 nervis
194 2703 318 2785 opticis,
357 2649 411 2764 vei
428 2703 458 2762 in
489 2703 608 2785 linguae
638 2700 805 2789 symmetria
836 2699 931 2760 nullus
957 2708 1034 2758 esset
1064 2697 1207 2760 defectus.

68 2783 169 2842 Porro
190 2801 253 2840 non
273 2781 378 2840 mirum
398 2791 452 2856 est,
470 2791 584 2841 tantum
602 2777 740 2839 licentiae
760 2777 797 2836 ad
816 2775 962 2837 vitiandos
982 2775 1116 2855 corporis
1135 2794 1205 2834 sen-

67 2881 117 2920 sus
146 2859 275 2918 Satanae
300 2855 449 2936 permitti,
487 2877 577 2937 quum
606 2875 709 2917 omnes
732 2854 847 2916 animae
873 2851 1026 2914 facultates
1050 2852 1127 2911 iusto
1146 2849 1207 2911 Dei

68 2936 215 3018 permissu
235 2944 406 3013 corrumpat
424 2932 471 2993 vel
491 2945 648 3016 pervertat.

146 3017 194 3076 22
234 3009 276 3068 Et
294 3007 498 3085 obmupuomrrt
516 3031 612 3070 oasam
630 3006 739 3068 suffice.
780 3006 858 3068 Hinc
878 3004 1060 3090 colligimus,
1090 3002 1205 3085 perspi·

69 3109 154 3150 cuam
176 3087 265 3148 fuisse
284 3087 343 3147 Dei
363 3087 516 3163 virtutem,
555 3105 629 3165 quae
654 3086 687 3144 in
712 3085 947 3146 admirationem
961 3082 1005 3143 sui
1028 3079 1144 3142 turbam

69 3164 153 3224 ornni
183 3163 315 3246 maligno
345 3163 456 3224 affectu
481 3182 585 3242 puram
617 3173 648 3222 et
677 3162 823 3254 integram
853 3160 959 3240 rapuit.
1005 3159 1095 3218 Unde
1126 3158 1206 3218 enim

68 3243 181 3302 factum
202 3251 256 3314 est,
275 3249 309 3299 ut
327 3239 460 3299 admirati
478 3239 538 3299 sint
558 3259 677 3311 omnes,
695 3237 751 3298 nisr
772 3237 838 3316 quia
859 3258 905 3296 res
925 3237 965 3296 ita
987 3235 1133 3318 cogebat?
1162 3235 1205 3294 Et

68 3329 152 3378 certe
180 3337 274 3384 nemo
296 3328 340 3376 est
363 3327 511 3391 nostrum,
537 3313 594 3397 qui
619 3333 682 3374 non
707 3313 738 3373 in
763 3313 818 3374 bac
844 3312 981 3385 historia,
1008 3323 1148 3392 tanquam
1172 3310 1207 3368 in

68 3393 212 3486 speculo,
235 3391 384 3454 insolitam
404 3391 463 3452 Dei
482 3391 646 3472 potentiam
666 3401 781 3451 cernat:
806 3391 886 3450 unde
906 3385 1079 3463 conficitur,
1098 3385 1206 3448 diabo-
1246 3415 1251 3420 ·

68 3471 132 3532 lrco
152 3469 268 3530 veneno
289 3469 411 3534 infectas
431 3468 518 3528 fuisso
537 3466 699 3528 scribarum
717 3476 848 3542 mentes,
873 3465 922 3544 qui
942 3475 1001 3525 tam
1042 3463 1205 3524 raeclarum

66 3546 132 3608 Dei
153 3566 226 3626 opus
246 3543 417 3607 calumniari
436 3543 523 3606 veriti
543 3565 603 3603 non
624 3555 700 3604 sunt.
740 3541 898 3602 Caeterum
917 3485 1040 3601 notand

67 3621 164 3684 saculi
183 3623 310 3697 fructus,
330 3621 411 3702 quod
431 3619 623 3682 admiratione
643 3617 729 3693 tacti,
749 3618 800 3699 qui
819 3618 968 3692 viderant,
987 3635 1085 3678 secum
1105 3613 1205 3692 inqui-

68 3711 156 3774 runt,
185 3698 328 3780 numquid
347 3699 428 3758 lesus
447 3699 486 3764 sit
506 3695 648 3758 Chrhus.
685 3695 762 3755 Nam
782 3695 880 3778 agnita
899 3693 958 3754 Dei
977 3693 1101 3763 virtute,
1122 3687 1207 3767 quasi

67 3797 159 3835 manu
179 3777 327 3836 ducuntur
346 3777 382 3836 ad
403 3773 504 3834 fidem:
524 3793 587 3832 nou
607 3773 689 3852 quod
707 3783 831 3851 repente
851 3767 1044 3850 profecerint,
1063 3773 1205 3844 quantum

68 3853 234 3932 oportebat
252 3851 438 3930 (dubitanter
448 3851 526 3911 enim
539 3847 727 3928 loquuntur),
746 3848 797 3908 sed
817 3846 864 3908 bic
885 3859 982 3906 tamen
1002 3861 1064 3902 non
1086 3840 1206 3921 exiguus

68 3942 114 3988 est
133 3930 299 4020 profectus,
318 3929 387 3988 dum
404 3947 468 3987 sese
488 3947 521 3987 ex
545 3924 730 4007 ergefaciunt
748 3925 785 3984 ad
805 3919 1047 3986 considerandam
1067 3915 1207 4006 attentius

69 4005 184 4066 Cbrrsti
232 4004 345 4066 loriam.
392 4003 508 4078 Quibus
529 4023 576 4062 am
600 4001 803 4064 videturesse
829 4000 918 4080 plena
942 3996 1115 4068 affirmans,
1153 3989 1207 4052 sed

67 4082 160 4142 verba
180 4025 257 4142 nibil
277 4081 336 4141 tale
355 4092 479 4154 sonant,
498 4090 530 4141 et
548 4076 623 4138 resi
646 4099 676 4137 sa
697 4077 842 4148 ostendit,
861 4095 893 4134 re
913 4072 1066 4161 inopinata
1086 4067 1207 4150 percul-

67 4178 117 4218 sos
143 4179 208 4218 non
234 4158 366 4240 perfecte
392 4157 548 4228 iudicasse,
586 4098 644 4214 sed
662 4165 776 4214 tanturn
801 4152 856 4212 illis
881 4149 1046 4211 venissem
1064 4157 1206 4221 mentem,

68 4233 134 4294 fieri
155 4255 243 4315 posse
264 4244 297 4292 ut
317 4233 367 4294 ille
386 4245 463 4294 esset
483 4231 626 4293 Christus.

143 4318 194 4376 ‘M-
233 4309 281 4372 Ar
297 4308 453 4370 Pharisaei
475 4307 614 4370 dicebam
661 4306 740 4382 Quia
766 4307 797 4365 in
822 4323 854 4364 re
874 4315 934 4363 tam
953 4311 1054 4382 aperta
1081 4311 1111 4362 et
1131 4319 1206 4360 con-

66 4389 147 4448 victa
168 4387 356 4469 tergiversari
375 4399 528 4466 nequeunt
543 4383 667 4461 scribae,
685 4383 814 4464 maligne
834 4393 933 4456 umen
952 4379 1107 4455 arrodunt,
1120 4375 1220 4457 qnod,

92 4488 416 4536 cassamentum.
432 4487 476 4537 ss.
494 4488 578 4536 voss.
954 4461 994 4520 19

1033 3561 1064 3598 us
1084 3550 1128 3600 esi
1147 3537 1204 3596 mi-
1302 3546 1307 3562 ‘
