2766 4834
177 239 238 302 sp*
352 185 505 322 strutio
525 224 583 289 m.
618 225 699 334 lesu
718 235 873 292 umas
894 236 939 286 rr
958 235 1166 330 menania„
1247 177 1251 185 ι

180 374 263 456 bunt
282 387 404 454 nomen
425 387 495 452 eius
515 379 701 448 lmiiianusl.
743 381 847 468 Quod
867 383 895 447 si
915 381 1240 468 quisinteipretetur‚
1262 403 1328 446 va-

165 477 243 568 let,
275 485 453 555 Nobiscum
481 485 582 552 Deus.
624 485 676 550 at.
698 469 865 548 'Excitatus
889 501 970 546 vero
997 481 1115 568 loseph
1143 503 1162 546 a
1190 503 1326 560 somno,

181 592 259 658 iecit
278 585 360 656 sicut
382 590 413 652 ei
433 595 642 672 praeceperat
664 581 806 669 Angelus
825 581 969 658 Domini,
992 592 1024 646 et
1045 586 1218 668 assumpsit
1239 605 1326 650 uxo-

94 701 122 732 *
180 677 249 760 reni
270 711 374 758 suam:
405 687 455 752 25.
477 687 516 752 Et
542 707 610 754 non
637 686 789 770 coguovit
817 705 901 761 eam,
929 679 1036 747 dones
1062 687 1191 768 peperit
1211 683 1323 750 lilium

183 771 275 860 suum
296 789 563 876 primogenitum,
584 794 617 852 et
637 785 765 849 vocavit
785 802 905 850 nomen
928 784 998 848 cius
1018 783 1131 848 tasum

257 992 305 1054 18.
343 983 412 1046 lesu
433 979 540 1044 classis
556 985 700 1046 amiram.
738 980 881 1042 Nondum
905 1001 939 1042 ex
962 981 1028 1041 unit
1052 979 1233 1058 Matthaeus,
1263 982 1322 1043 ubi

67 1133 75 1154 κ
184 1077 239 1157 aut·
253 1063 380 1155 qualiter
398 1072 482 1121 natus
501 1061 541 1120 sit
560 1057 708 1136 Christus,
727 1058 779 1149 ped
824 1002 959 1148 riumodi
977 1056 1114 1149 coelestis
1141 1059 1201 1122 eius
1221 1079 1323 1195 pepe-

183 1155 261 1204 ratio
281 1161 337 1222 ipsi
358 1136 641 1272 Ioseph-comperta
661 1135 758 1196 luerit.
829 1146 882 1193 icit
900 1155 1037 1216 primum,
1056 1145 1206 1196 iuventam
1239 1157 1323 1197 uisse

69 1257 78 1266 -
184 1217 308 1280 Mariam
328 1213 477 1298 gravidam
498 1215 531 1272 e'r
575 1212 665 1294 piritu
685 1221 802 1272 sancto:
823 1227 885 1270 non
906 1209 987 1289 quod
1006 1231 1143 1272 arcanum
1163 1211 1235 1273 illud
1254 1213 1321 1274 Dei

185 1315 260 1384 opus
279 1291 370 1374 vulgo
390 1301 494 1354 notum
514 1289 609 1364 soret,
635 1287 688 1350 sed
707 1309 772 1348 cuin
790 1285 951 1348 huminum
970 1287 1076 1348 notitia
1095 1287 1199 1349 niiscet
1218 1288 1322 1369 Spiri-

185 1384 232 1434 tus
252 1369 401 1442 virtutcm,
422 1385 496 1446 quac
516 1367 611 1426 adbuc
630 1363 750 1425 latebat.
789 1363 919 1444 Tempus
939 1373 1035 1438 notat,
1056 1361 1157 1439 Quum
1169 1365 1322 1445 desponsa

186 1458 264 1512 esset
282 1444 408 1524 Ioseph,
437 1441 518 1521 prius
543 1453 642 1502 tamen
662 1461 749 1520 qusai
767 1439 975 1502 convenirent.
1014 1440 1089 1502 Nam
1109 1441 1207 1522 quoad
1227 1442 1322 1502 fidem

133 1566 137 1574 -
185 1521 329 1606 coniugii,
348 1517 469 1582 simulac
509 1517 587 1578 uella
606 1518 683 1590 viro,
693 1517 835 1598 promissa
856 1529 929 1591 erat,
949 1517 1051 1581 Iudaei
1062 1517 1154 1578 instar
1163 1517 1320 1602 legitimae

105 1619 111 1628 “
184 1599 282 1663 uxoris
302 1595 459 1658 habebant.
488 1539 602 1673 huone
622 1593 668 1654 lex
688 1593 825 1654 adulterii
844 1591 1016 1670 damnabat,
1035 1613 1110 1685 quae
1130 1594 1322 1674 sponsalibus

157 1708 161 1720 ·
185 1673 344 1748 contractis
364 1671 525 1733 castitatem
545 1659 735 1731 violaverant
775 1667 907 1730 Verbum
928 1687 988 1748 qun
1008 1682 1101 1731 utitur
1116 1671 1321 1752 Evangelisu,

184 1754 232 1816 vel
249 1746 439 1812 concubitum
448 1747 617 1808 verecunde
628 1757 722 1822 notat,
742 1745 789 1806 vel
802 1745 975 1826 simpliciter
986 1746 1047 1808 acci
1071 1747 1130 1808 itur
1148 1751 1322 1827 (occupatum

294 1830 302 1847 ⁰
365 1825 454 1904 ),pro
473 1821 559 1884 simul
579 1821 723 1896 babitare,
741 1835 775 1882 ut
794 1821 921 1884 dominii.
933 1834 965 1883 et
983 1769 1121 1884 similam
1141 1845 1227 1900 unam
1248 1823 1321 1884 elli-

185 1907 266 1967 ciant
282 1901 403 1963 maritus
424 1909 455 1958 et
473 1919 555 1959 uxor.
594 1899 640 1960 Ita
659 1920 759 1958 sensus
782 1899 848 1974 erit,
868 1898 999 1960 nondniii
1015 1901 1160 1982 virginem
1180 1901 1321 1962 traditam

143 1991 148 1998 '
184 1982 275 2072 fuisse
294 1979 325 2040 iii
344 1997 463 2038 manum
481 1975 537 2038 viii
553 1995 574 2056 ,a
594 1975 776 2056 parentibus,
795 1975 849 2038 sed
868 1975 963 2037 adbuc
982 1975 1036 2038 suh
1059 1971 1163 2038 eo'rum
1182 1977 1320 2038 custodia

185 2077 307 2200 mlh.
350 2130 446 2214 Qwra
462 2131 553 2188 iustus
571 2142 651 2188 essm.
692 2125 822 2203 Quidam
846 2127 1026 2210 interpretes
1050 2128 1236 2222 intelligunt,
1264 2131 1320 2192 lo-

185 2209 275 2301 seph,
304 2208 374 2269 ideo
395 2203 476 2288 qnod
495 2205 586 2264 iustus
605 2216 697 2280 esset,
728 2204 855 2265 voluisse
874 2206 958 2266 uxori
979 2227 1115 2287 parcere:
1146 2219 1186 2268 ita
1205 2207 1322 2270 iustitia

187 2287 244 2348 illis
265 2296 310 2346 est
328 2282 500 2356 humanitas,
519 2280 567 2342 uel
586 2280 754 2342 moderatio
775 2279 865 2344 animi
884 2282 920 2343 ad
931 2281 1118 2344 clementiam
1128 2283 1321 2364 propensior.

111 2405 120 2432 ,
187 2363 248 2425 Sed
268 2363 318 2424 alii
336 2359 455 2431 rectius,
475 2357 525 2439 qui
546 2359 619 2418 haec
639 2358 698 2419 duo
716 2357 850 2434 membra
871 2359 1051 2420 adversative
1071 2357 1189 2442 legunt,
1209 2360 1320 2422 iustum

208 2441 306 2502 uideni
326 2437 425 2510 luisse,
445 2433 566 2515 Ioseph,
586 2434 638 2495 sed
657 2445 756 2494 tamen
768 2435 806 2495 dc
827 2433 902 2496 fama
922 2437 1020 2496 uxoris
1040 2435 1127 2500 luisse
1147 2435 1321 2498 sollicitum.

186 2461 319 2578 insiste
338 2511 458 2586 iustitia,
479 2532 553 2590 quae
574 2510 622 2571 hic
642 2509 791 2587 landatur,
811 2511 842 2571 in
864 2512 935 2572 odio
956 2525 987 2573 et
1006 2511 1202 2572 detestatione
1221 2513 1321 2574 scele-

164 2653 167 2661 ,
184 2593 224 2654 ris
243 2592 308 2653 suit.
348 2589 428 2665 Quia
446 2597 611 2668 suspectam
630 2587 766 2648 adulterii
787 2586 916 2650 habebat
931 2609 1062 2663 uxorein,
1082 2589 1142 2668 imo
1154 2588 1321 2652 adulteram
1373 2605 1374 2608 ’

186 2689 250 2730 esse
274 2685 426 2752 persuasus
451 2675 529 2738 erat,
560 2663 619 2724 tale
648 2663 741 2724 scelus
770 2663 895 2725 nolebat
917 2664 1101 2758 indulgentia
1126 2685 1176 2726 sua
1202 2665 1320 2727 lovere.

183 2748 226 2808 Et
245 2757 325 2806 certe
344 2741 442 2802 uxoris
461 2759 529 2801 suae
549 2739 619 2800 leno
640 2751 699 2814 est,
720 2739 849 2820 quisquis
869 2739 907 2802 ad
927 2741 988 2802 cius
1008 2740 1219 2822 impudicitiam
1240 2764 1318 2803 coii-

80 2815 85 2836 ‘
185 2822 281 2882 nivet:
311 2840 369 2881 nec
392 2827 506 2878 tantum
525 2836 543 2876 a
562 2815 612 2876 tali
632 2817 753 2899 flagitio
768 2817 932 2878 abhorrent
950 2817 1098 2900 ingenuae
1118 2829 1148 2878 et
1172 2819 1319 2882 honestae

185 2908 310 2971 mentes,
328 2893 379 2956 scd
398 2892 477 2952 illam
518 2913 584 2952 uam
604 2892 662 2952 dixi
680 2893 847 2956 socordiam
867 2894 949 2978 leges
968 2894 1211 2955 nonnitnsamia.
1230 2897 1318 2987 Ergo

187 2971 296 3052 Ioseph
317 2969 444 3030 iustitiae
461 2913 530 3029 reio
552 2969 632 3048 qnod
645 2969 775 3059 putabat
795 2991 856 3030 esse
877 2970 908 3030 iii
927 2992 1019 3031 uxore
1031 2969 1320 3033 crimendaninavit:

186 3051 300 3109 interea
321 3045 459 3126 proclivis
479 3045 516 3104 ad
536 3045 745 3106 humanitatem
765 3047 876 3138 animps
888 3045 1035 3122 obstabat,
1054 3068 1092 3110 ne
1111 3066 1224 3107 summo
1244 3048 1320 3132 iuris

184 3126 210 3186 ri
235 3145 286 3184 ore
306 3133 418 3216 ageret.
456 3121 554 3182 bledia
573 3121 625 3182 illa
644 3134 708 3189 erat
727 3134 758 3184 et
775 3144 867 3206 magis
887 3135 1050 3204 temperata
1068 3123 1160 3198 ratio,
1188 3123 1212 3184 si
1233 3123 1319 3184 clan-

92 3213 106 3228 “
187 3146 284 3262 cuium
304 3199 458 3260 discedens
477 3197 536 3260 alio
556 3198 708 3282 migraret.
745 3199 834 3258 Unde
846 3198 1021 3282 colligimus,
1040 3220 1102 3260 non
1121 3199 1162 3260 ita
1181 3199 1265 3261 molli
1286 3215 1320 3262 et

186 3277 360 3338 effeminato
380 3275 467 3336 iuisse
478 3274 588 3348 animo,
607 3285 640 3333 ut
658 3273 877 3335 misericordiae
896 3287 1047 3356 praetextu
1060 3274 1170 3336 crimen
1181 3278 1318 3360 tegendo

185 3354 292 3415 aleret:
322 3363 435 3412 tanturn
461 3351 571 3432 aliquid
594 3351 708 3411 remisit
732 3371 767 3412 ex
785 3373 899 3412 summo
923 3353 1003 3428 iure,
1032 3373 1070 3412 ne
1094 3373 1214 3412 uxorem
1234 3357 1319 3433 turpi

166 3429 296 3492 -iudicio
318 3440 488 3522 exponeret
526 3427 590 3488 Nec
609 3449 681 3488 vcro
702 3426 822 3488 dubium
842 3428 929 3490 nobis
950 3451 1012 3489 esse
1038 3427 1143 3502 debet,
1175 3430 1246 3510 quiri
1267 3429 1318 3492 ar'-

186 3527 261 3568 cano
275 3505 402 3586 Spiritus
422 3505 562 3566 instinctu
582 3515 713 3564 retentus
734 3504 823 3564 suerit
842 3505 902 3565 eius
923 3507 1042 3566 animus.
1083 3505 1206 3580 Selinus,
1227 3527 1318 3586 quam

107 3644 120 3652 ,
171 3583 333 3664 ¹impotens
353 3583 391 3642 sit
409 3581 568 3672 zelotypia,
589 3591 619 3640 ct
638 3601 725 3658 quani
734 3580 881 3642 violenter
892 3581 1041 3642 hominem
1063 3581 1201 3662 abripiat:
1223 3603 1318 3674 quare

186 3659 299 3720 etiamsi
319 3659 403 3720 nimis
423 3657 615 3740 praecipitem
634 3656 776 3736 impetum
794 3659 988 3719 continuisset
999 3659 1118 3738 loseph,
1137 3658 1319 3720 mirabiliter

184 3745 282 3798 lamen
303 3757 456 3798 occursum
476 3736 533 3795 luit
550 3734 636 3794 variis
683 3732 816 3808 ericulis,
845 3757 920 3815 quac
944 3736 1107 3808 instabant,
1137 3741 1227 3825 puniri
1256 3735 1316 3796 soli

184 3812 320 3874 vertendi
340 3813 494 3874 consilium
514 3809 603 3890 cepit.
642 3753 725 3868 Idem
750 3819 781 3870 et
804 3810 841 3871 de
866 3810 985 3872 silentio
1005 3811 1116 3872 blaciae
1136 3811 1249 3872 iudico:
1280 3825 1318 3874 ut

185 3888 296 3962 demus,
316 3889 430 3969 pudore
450 3888 537 3948 luisse
553 3884 724 3961 cohibitam,
743 3905 781 3946 ne
792 3889 898 3948 marito
911 3889 1039 3970 prodere
1050 3887 1181 3963 auderet,
1200 3909 1232 3947 se
1244 3908 1316 3970 gra-

183 3964 281 4026 vidam
302 3985 364 4025 esse
385 3965 555 4045 suspiritu,
574 3961 742 4021 Dcitamcn
761 3966 948 4099 providentia
968 3965 1059 4046 magis
1079 3983 1165 4042 quani
1186 3965 1316 4044 proprio

185 4041 310 4100 consilio
331 4054 445 4102 retenta
466 4039 535 4100 fuit:
567 4058 634 4096 nani
659 4038 683 4096 si
708 4059 760 4098 ver
782 4063 830 4102 run
857 4043 990 4114 lecisset,
1019 4051 1052 4100 ut
1071 4061 1116 4100 res
1138 4051 1214 4114 erat,
1246 4039 1315 4119 plus

145 4163 147 4182 .
184 4137 269 4196 quani
296 4117 476 4179 incredibilis
502 4126 631 4198 putasset
655 4115 780 4196 loseph,
811 4139 841 4178 se
868 4117 997 4180 ludibrio
1023 4113 1137 4176 haberi.
1177 4117 1212 4176 Id
1236 4137 1313 4176 vero

181 4193 311 4252 omnium
330 4195 390 4254 risu
407 4207 456 4254 tan
479 4215 544 4254 uam
565 4189 730 4252 fabulosum
749 4208 902 4275 exceptum
921 4195 1012 4256 soret:
1034 4203 1311 4268 necuere-tantum

180 4268 284 4330 fuisset
300 4271 442 4331 momenti
460 4216 563 4332 divino
579 4267 719 4343 oraculo,
745 4269 772 4328 si
798 4283 899 4350 postea
925 4280 1080 4354 sequutum
1101 4281 1184 4328 esset.
1223 4270 1311 4349 Ergo

177 4365 277 4425 passus
297 4359 341 4408 est
360 4346 517 4422 Dominus,
535 4365 650 4408 servum
668 4366 751 4406 suum
771 4345 881 4428 loseph
900 4346 1069 4431 ignorantia
1090 4345 1166 4408 trahi
1186 4345 1218 4404 iii
1238 4367 1311 4426 per-
