2756 4838
256 265 444 344 (179-183.
481 223 566 326 heris
584 226 809 326 Pharisaeorum
827 261 1053 345 reprobatio)-
1157 271 1216 334 tte

53 438 141 478 mero
160 415 207 477 rel
227 416 384 478 universali
405 437 533 497 corpore
552 438 719 480 sennonem
743 416 861 481 haheri:
901 417 1145 498 quemadmodum
1164 419 1215 478 Ie*

52 495 139 569 salas,
158 491 209 552 uhi
230 514 414 554 communem
434 495 532 576 gentis
550 496 700 556 interitum
721 495 874 576 praedixit,
893 495 1013 556 iubetur
1025 494 1068 554 Le
1092 515 1138 554 cm
1155 493 1216 555 Dei

54 573 135 633 inter
154 567 313 650 discipulos
333 571 398 629 ohsi
422 592 501 630 nare.
540 571 670 632 Sciamus
690 591 775 654 crgo,
795 572 911 652 quoties
924 573 1048 632 ludaeos
1061 515 1216 650 §criptura

52 646 144 706 morti
164 658 302 706 aeternae
322 591 420 707 adiudi
707 649 715 662 '
779 647 786 662 ⁹
1190 647 1197 662 '

52 737 100 784 tae
122 723 276 784 electionis
297 743 365 782 snae
386 744 470 784 causa
489 745 590 785 semen
611 671 735 806 aliquod
752 737 915 785 conseruat.
1205 771 1209 780 .

129 807 182 866 35.
225 799 264 858 Ut
281 803 375 860 ueniat
392 821 486 872 sacrms
496 823 554 862 vos.
591 801 663 861 Non
681 802 772 862 modo
799 801 928 862 detrahit
951 801 1023 876 illis,
1055 799 1137 882 quod
1156 798 1215 860 sihi

52 877 130 938 salso
152 875 340 958 arrogabant,
360 879 412 936 sed
422 877 581 968 Prophetis
594 879 714 938 ornatos
734 877 822 939 fuisse
842 877 932 939 docet
965 899 1062 938 rursus
1072 877 1102 937 in
1114 875 1214 937 diuer-

50 976 115 1012 sum
136 953 235 1026 finem,
256 973 294 1012 ne
315 973 370 1032 qua
391 963 469 1013 aetas
489 953 626 1014 immunis¹
640 965 717 1015 essct
732 955 768 1014 ah
785 955 890 1034 impiae
907 897 962 1016 rch

51 1031 128 1090 Nam
143 1049 316 1164 pronomen
336 1051 386 1090 vos
410 1031 589 1112 generaliter
613 1042 707 1091 totam
731 1044 851 1113 gentem
871 1053 887 1092 a
906 1033 1000 1113 prima
1026 1051 1077 1091 sua
1094 1029 1215 1110 origine

51 1128 141 1187 comp
155 1105 272 1168 ectitur.
311 1105 344 1166 Si
365 1108 429 1186 quis
451 1106 588 1181 obiiciat,
608 1127 670 1166 non
690 1128 856 1190 congruere
876 1108 934 1168 Dei
954 1108 1063 1168 iudicio
1083 1127 1215 1188 poenam

51 1184 88 1244 de
109 1179 228 1274 patrum
248 1181 417 1244 criminibus
438 1183 513 1275 exigi
534 1205 550 1243 a
571 1183 646 1258 filiis,
665 1185 695 1243 in
716 1197 857 1265 promptu
875 1185 984 1246 solutio
999 1196 1055 1244 est:
1077 1205 1167 1263 quum
1180 1203 1214 1243 so

51 1261 88 1319 im
114 1281 143 1318 ra
157 1258 378 1344 conspiratione
393 1258 481 1319 simul
492 1261 702 1340 implicuerint,
721 1282 784 1322 non
805 1261 914 1322 dehere
934 1260 1089 1320 absurdum
1109 1260 1215 1334 uideri,

48 1281 180 1407 silicus,
200 1335 395 1395 communiter
414 1357 517 1396 omnes
537 1337 671 1417 puniens,
690 1357 817 1418 poenam
837 1339 968 1419 patribus
985 1335 1113 1408 dehitam
1129 1335 1160 1395 in
1173 1335 1215 1396 si.

49 1435 121 1478 nurn
144 1411 280 1472 filiorum)
292 1411 414 1474 reliciat.
453 1407 533 1488 lirste
554 1431 627 1506 ergo
647 1435 664 1474 a
682 1425 746 1474 tota
766 1427 884 1496 gente,
899 1433 1075 1504 quocuqque
1095 1410 1215 1480 saeculo

49 1490 100 1550 alii
122 1501 213 1566 atque
232 1487 282 1548 alii
303 1489 436 1564 vixerint,
455 1503 593 1580 perpetua
612 1491 945 1584 contemptus-exigitur
957 1497 1046 1564 ratro,
1066 1500 1096 1548 et
1114 1507 1216 1569 poena
1255 1517 1260 1548 ·,

47 1565 137 1626 simul
159 1586 175 1625 e
194 1565 313 1645 petitur.
351 1566 427 1625 Nam
446 1579 521 1628 ssent
536 1568 618 1627 Deus
637 1567 732 1647 longo
752 1578 912 1648 patrentrae
930 1563 1127 1626 auae'tenore
1148 1585 1215 1624 rum

48 1643 143 1702 totius
163 1588 266 1777 phpuli
286 1641 397 1702 malitia
416 1651 588 1705 constanter
607 1645 744 1718 certarit,
774 1643 815 1704 sie
835 1643 1001 1706 inflexibilis
1021 1643 1215 1724 pervicaciae,

49 1741 126 1802 quae
148 1740 163 1778 a
207 1729 365 1778 extremum
386 1741 478 1799 usqne
499 1721 625 1794 duravit,
644 1720 862 1800 totuspopulns
882 1719 988 1780 merito
1008 1739 1074 1779 reus
1095 1718 1216 1801 peragi·

48 1810 111 1857 tur:
135 1807 166 1854 et
184 1793 269 1855 sicuti
289 1817 324 1854 eu
344 1807 499 1876 compacto
518 1797 652 1880 singulae
671 1809 781 1858 aetates
800 1819 868 1859 suos
883 1797 942 1858 Pro
967 1796 1048 1855 hetas
1060 1804 1215 1870 necarunt,

47 1873 87 1934 ita
109 1874 149 1932 ad
169 1892 325 1932 commune
344 1871 480 1934 iudicium
500 1874 601 1935 uocari
622 1896 747 1966 aequum
767 1886 821 1950 est,
841 1895 876 1935 ac
888 1817 992 1935 caedes
1004 1893 1117 1948 omnes,
1137 1891 1215 1952 quae

47 1971 109 2010 uno
133 1967 279 2010 consensu
289 1951 430 2030 'patratae
450 1961 528 2026 sunt,
547 1949 579 2011 in
599 1951 735 2012 omnihus
754 1950 905 2012 vindicari.
928 1951 1114 2025 Asouguine
1123 1947 1214 2009 Atat.

47 2023 184 2086 Tametsi
203 2025 280 2085 hhel
301 2047 363 2086 non
384 2027 526 2088 aludaeis
546 2028 659 2090 occisus
679 2041 732 2102 est,
752 2028 814 2087 eius
833 2040 932 2088 tamen
952 2043 1056 2086 necem
1075 2025 1143 2106 ipsis
1156 2024 1213 2084 inr-
1251 2029 1254 2035 ’

47 2115 137 2184 putat
149 2100 293 2176 Christus,
313 2102 381 2182 quia
400 2103 479 2164 iuter
498 2103 579 2182 ipsos
600 2117 630 2165 et
642 2103 717 2164 Cain
738 2105 880 2183 quaedam
901 2115 964 2164 erat
983 2102 1140 2182 impietatis
1159 2121 1213 2160 co-

47 2179 169 2262 gnatio:
190 2178 302 2268 alioqui
322 2199 382 2237 non
404 2180 562 2257 quadraret
580 2181 661 2269 quod
674 2181 755 2254 dicit,
773 2181 946 2270 sanguinem
958 2179 1063 2236 iustum
1076 2177 1113 2235 ah
1126 2177 1212 2234 initio

48 2276 145 2336 usque
165 2255 267 2314 mundr
287 2254 413 2312 esiusum
433 2275 449 2312 a
468 2267 664 2338 generatione
684 2256 748 2315 hac.
788 2256 864 2322 Cam
885 2274 958 2337 crgo
975 2253 1087 2312 Iudaici
1107 2251 1214 2332 populi

46 2343 141 2413 caput
161 2351 194 2390 ac
214 2329 351 2409 princeps
372 2340 533 2419 auctorque
552 2330 698 2403 statuitur,
719 2330 796 2409 quia,
816 2352 849 2390 er
869 2351 929 2410 quo
949 2328 1115 2409 Prophetas
1132 2329 1213 2388 occi-

46 2413 122 2469 dere
144 2417 320 2484 coeperunt,
339 2417 532 2478 successerunt
550 2406 582 2466 in
604 2407 664 2467 eius
684 2407 781 2466 locum
803 2407 883 2466 cuius
903 2403 1213 2464 luerunt0imitatores.

44 2485 149 2546 Porro
165 2479 335 2540 Zachariam
347 2481 482 2550 nominat
497 2502 558 2542 non
580 2482 662 2561 quasi
681 2482 814 2542 ultimum
833 2493 991 2570 martyrem
1011 2479 1214 2570 (nequeenim
1262 2532 1266 2544 .

45 2574 122 2622 tunc
143 2555 233 2616 finem
253 2556 389 2644 sccerqnt
406 2557 507 2617 Iudaei
528 2557 744 2638 Prophetarum
764 2557 911 2632 caedibus,
932 2578 1004 2636 qurn
1024 2568 1122 2636 potrus
1143 2555 1214 2614 hinc

46 2634 144 2696 crevit
164 2631 220 2694 illis
241 2633 360 2693 audacia
382 2645 412 2693 et
432 2633 525 2706 furor,
546 2646 577 2694 et
596 2635 645 2714 qui
664 2636 781 2714 sequuti
799 2645 868 2694 stant
887 2633 1008 2714 posteri,
1027 2651 1090 2708 sese
1109 2632 1214 2710 ingura

46 2716 185 2794 gitarunt
204 2709 347 2790 sangnine
369 2725 457 2790 quem
477 2723 575 2792 patres
587 2715 700 2772 ta'ntum
713 2710 904 2787 lihauerantl:
924 2721 1022 2789 neque
1034 2708 1120 2767 etiam
1131 2707 1214 2842 qnod

47 2809 130 2848 mors
152 2786 213 2846 eius
233 2787 323 2868 vulgo
343 2787 444 2846 notior
465 2801 556 2862 esset,
581 2789 697 2848 tametsi
716 2809 779 2848 eam
798 2809 879 2848 sacra
899 2787 1052 2866 Scriptura
1071 2783 1133 2846 cele
1157 2787 1216 2860 rat,

47 2865 98 2926 sed
122 2862 176 2923 alia
197 2861 273 2922 ratio
286 2873 341 2934 est,
362 2883 447 2942 quae,
467 2885 556 2942 quum
569 2865 819 2926 animaduersione
831 2865 918 2944 digna
930 2874 1016 2936 esset,
1036 2862 1215 2940 interpretes

47 2941 150 3002 latuit:
170 2940 249 3014 unde
269 2939 356 3014 etiam
378 2939 552 3017 factumest,
572 2953 677 3001 utnon
689 2942 779 3001 modo
790 2940 961 3014 hallucinati
972 2937 1041 3012 sint,
1060 2937 1212 2997 sedetiam

50 3017 179 3077 lectores
199 3016 399 3098 implicuerint
418 3016 541 3078 molesta
562 3019 744 3098 quaestione.
782 3018 894 3098 Lapsus
908 3017 986 3076 enim
1005 3015 1147 3076 memoria
1166 3015 1212 3074 vi-

48 3095 113 3154 deri
134 3105 235 3174 posset
246 3091 390 3170 Christus,
411 3094 479 3153 dum
500 3097 620 3154 caedem
639 3116 726 3154 unam
747 3107 889 3177 vetustam
909 3111 1143 3154 commemorans
1163 3092 1212 3150 in-

48 3189 201 3230 numeram
220 3191 316 3250 prope
335 3182 478 3254 stragem,
498 3193 572 3250 quae
592 3183 695 3253 postea
715 3170 768 3231 suh
789 3171 922 3232 Manasse
942 3169 1019 3230 facta
1039 3181 1099 3242 est,
1160 3189 1213 3228 ae·-

421 658 478 721 cat,
497 646 636 728 reliquias
654 669 715 708 exer
738 651 758 722 i,
777 670 808 706 ιιι
829 649 935 728 quihus
944 649 1216 730 Dominus‘gratur-
1240 713 1243 722 ,
1343 705 1348 713 ι

963 953 1215 1014 ellionisscelerea
1276 969 1279 976 ’

1267 1568 1283 1613 ἰ

48 3248 129 3307 terit.
155 3247 260 3326 Neque
273 3247 352 3306 enim
363 3249 400 3308 ad
414 3259 527 3328 tempus
543 3247 809 3338 transmigrationis
829 3258 977 3310 cessarunt
997 3245 1073 3326 apud
1086 3248 1120 3305 Iu
1142 3265 1212 3306 aeos
1268 3257 1270 3269 ’

48 3321 157 3403 impiae
181 3336 351 3384 sanctorum
374 3325 504 3385 virorum
520 3336 786 3415 persequutiones:
818 3325 878 3385 imo
910 3337 999 3404 quum
1024 3323 1081 3382 iam
1106 3321 1213 3382 afflicti

23 3411 157 3477 ,essent
176 3399 282 3460 scimus
304 3421 389 3478 quam
410 3402 575 3460 immaniter
594 3403 625 3460 in
645 3401 799 3460 Ieremiam
819 3399 977 3462 saevierint
996 3403 1059 3478 (32,
1079 3401 1131 3474 h).
1155 3401 1212 3457 At·
1276 3399 1280 3412 ¹

49 3477 99 3554 qui
112 3477 179 3536 data
191 3496 282 3568 opera
293 3477 443 3536 Dominus
463 3498 525 3538 non
545 3489 679 3538 recentes
699 3476 756 3536 illis
769 3479 872 3538 caedes
885 3475 1054 3556 exprobrat,
1073 3477 1124 3535 sed
1135 3475 1215 3532 hane

48 3552 140 3633 magis
160 3554 434 3643 antiquamdeligit
465 3557 556 3632 (quae
577 3554 663 3615 etiam
684 3553 799 3614 initium
820 3566 851 3614 et
870 3554 957 3634 origo
977 3552 1033 3610 suit
1051 3550 1212 3610 sceleratae

46 3626 194 3704 licentiae,
213 3642 246 3689 ut
266 3641 368 3710 postea
388 3651 418 3688 ru
440 3630 586 3690 effrenem
606 3630 808 3691 crudelitatem
829 3630 1044 3708 erumperent),
1065 3627 1132 3706 quia
1152 3625 1213 3685 hoc

48 3706 110 3764 eius
131 3705 288 3786 proposito
308 3707 403 3785 aptius
423 3719 494 3766 erat.
532 3707 608 3766 Nam
628 3707 704 3766 hanc
725 3707 841 3767 consilii
853 3708 913 3766 eius
926 3707 1065 3764 suminam
1080 3721 1142 3762 csse
1154 3723 1211 3760 nu-

50 3803 104 3860 per
124 3783 254 3862 exposui,
274 3798 364 3862 quum
386 3803 458 3864 gens
478 3781 527 3843 illa
547 3782 584 3843 ah
595 3785 633 3842 im
658 3783 745 3843 ietate
766 3805 828 3844 nou
849 3782 1011 3852 desisteret,
1030 3798 1110 3838 ream
1124 3795 1211 3856 pera-

48 3879 120 3938 gere
142 3859 272 3919 umnium
294 3859 437 3933 caedium,
458 3881 531 3939 quae
550 3861 607 3920 iam
623 3805 693 3920 oiim
705 3870 891 3940 perpetratae
902 3855 1134 3945 inerant-Ergo
1147 3873 1214 3944 pop.

47 3936 209 4012 praesentis
230 3947 343 3996 tantum
362 3935 500 4012 saeuitiae
525 3936 684 3997 vindictam
710 3937 878 4008 denuntiat,
907 3934 958 3994 sed
989 3943 1133 3992 rationem
1153 3928 1211 3993 dtu

48 4012 227 4072 reddendam
240 4034 302 4072 esse
317 4012 388 4073 dicit
400 4013 435 4072 de
457 4014 546 4073 caede
566 4014 735 4084 Zachariae,
755 4014 812 4074 acsi
834 4013 895 4072 eius
915 4009 1058 4087 sanguine
1078 4006 1210 4069 madela-

49 4101 112 4148 ctae
133 4101 230 4148 essent
248 4089 380 4170 ipsorum
399 4107 510 4148 manus.
548 4090 653 4170 Neque
674 4089 752 4149 enim
771 4085 935 4170 probabilis
956 4097 1002 4144 est
1018 4103 1122 4146 eorum
1142 4083 1211 4164 opi-

50 4164 111 4240 nio,
131 4164 181 4244 qui
202 4167 259 4226 hoc
274 4161 316 4226 ’acl
329 4165 499 4226 Zachariam
519 4167 664 4239 referunt,
684 4166 734 4246 qui
768 4165 889 4245 epulum
903 4161 940 4222 ah
961 4161 1062 4227 exsilio
1083 4161 1210 4242 bahylo-

49 4241 116 4300 uico
136 4242 273 4302 reducem
294 4243 331 4304 ad
353 4242 493 4324 templum
514 4243 727 4304 aedificandum
746 4187 885 4302 hortatus
906 4251 965 4312 cst,
996 4236 1076 4299 cuius
1097 4249 1210 4299 exstant

48 4317 192 4378 vaticinia.
216 4319 347 4380 Tametsi
367 4319 444 4380 enim
465 4317 533 4379 libri
552 4319 707 4399 inscriptio
728 4318 820 4379 filium
838 4317 1000 4380 Barachiae
1013 4314 1226 4386 suissedocet'

48 4393 177 4456 occisum
196 4407 295 4457 tanam
315 4395 403 4460 luisse
422 4417 566 4479 nusquam
586 4395 710 4480 legitur:
740 4394 848 4458 deinde
868 4405 971 4474 coacta
990 4405 1034 4456 est
1053 4389 1211 4474 expositio,
