<?xml version="1.0" encoding="UTF-8"?>
<!DOCTYPE html PUBLIC "-//W3C//DTD XHTML 1.0 Transitional//EN"
    "http://www.w3.org/TR/xhtml1/DTD/xhtml1-transitional.dtd">
<html xmlns="http://www.w3.org/1999/xhtml" xml:lang="en" lang="en">
 <head>
  <title>
</title>
<meta http-equiv="Content-Type" content="text/html;charset=utf-8" />
  <meta name='ocr-system' content='tesseract 3.04.00' />
  <meta name='ocr-capabilities' content='ocr_page ocr_carea ocr_par ocr_line ocrx_word'/>
</head>
<body>
  <div class='ocr_page' id='page_1' title='image "./innovumtestamen00calvgoog_0378.png"; bbox 0 0 2814 4846; ppageno 0'>
   <div class='ocr_carea' id='block_1_1' title="bbox 310 205 1292 342">
    <p class='ocr_par' dir='ltr' id='par_1_1' title="bbox 310 205 1292 342">
     <span class='ocr_line' id='line_1_1' title="bbox 310 205 1292 342; baseline -0.042 -8"><span class='ocrx_word' id='word_1_1' title='bbox 310 215 316 230; x_wconf 23' lang='grc' dir='ltr'>ὓ</span> <span class='ocrx_word' id='word_1_2' title='bbox 367 264 479 342; x_wconf 72' lang='grc'><strong>“(105.</strong></span> <span class='ocrx_word' id='word_1_3' title='bbox 504 259 602 324; x_wconf 80' lang='lat' dir='ltr'><strong>Mater</strong></span> <span class='ocrx_word' id='word_1_4' title='bbox 622 269 651 322; x_wconf 89' lang='lat' dir='ltr'><strong>et</strong></span> <span class='ocrx_word' id='word_1_5' title='bbox 670 259 775 322; x_wconf 86' lang='lat' dir='ltr'><strong>iratres</strong></span> <span class='ocrx_word' id='word_1_6' title='bbox 796 259 889 340; x_wconf 89' lang='lat' dir='ltr'><strong>lesu.)</strong></span> <span class='ocrx_word' id='word_1_7' title='bbox 967 304 972 322; x_wconf 80' lang='grc'>,</span> <span class='ocrx_word' id='word_1_8' title='bbox 1096 205 1107 314; x_wconf 40' lang='grc' dir='ltr'><strong>,Ι</strong></span> <span class='ocrx_word' id='word_1_9' title='bbox 1155 267 1212 340; x_wconf 59' lang='lat'><strong>301</strong></span> <span class='ocrx_word' id='word_1_10' title='bbox 1290 281 1292 293; x_wconf 92' lang='lat'>.</span> 
     </span>
    </p>
   </div>
   <div class='ocr_carea' id='block_1_2' title="bbox 65 377 1214 504">
    <p class='ocr_par' dir='ltr' id='par_1_2' title="bbox 65 377 1214 504">
     <span class='ocr_line' id='line_1_2' title="bbox 65 377 1214 504; baseline -0.001 -18"><span class='ocrx_word' id='word_1_11' title='bbox 65 429 101 486; x_wconf 88' lang='lat' dir='ltr'><strong>et</strong></span> <span class='ocrx_word' id='word_1_12' title='bbox 133 419 250 484; x_wconf 84' lang='lat' dir='ltr'><strong>iratres</strong></span> <span class='ocrx_word' id='word_1_13' title='bbox 277 377 428 484; x_wconf 54' lang='lat' dir='ltr'><strong>mim</strong></span> <span class='ocrx_word' id='word_1_14' title='bbox 448 427 547 497; x_wconf 87' lang='lat' dir='ltr'><strong>stant,</strong></span> <span class='ocrx_word' id='word_1_15' title='bbox 568 406 772 504; x_wconf 66' lang='lat' dir='ltr'><strong>squaerehtes</strong></span> <span class='ocrx_word' id='word_1_16' title='bbox 791 415 851 484; x_wconf 90' lang='lat' dir='ltr'><strong>tihi</strong></span> <span class='ocrx_word' id='word_1_17' title='bbox 871 415 974 504; x_wconf 84' lang='lat' dir='ltr'><strong>loqui.</strong></span> <span class='ocrx_word' id='word_1_18' title='bbox 1015 417 1066 484; x_wconf 76' lang='lat' dir='ltr'><strong>ee</strong></span> <span class='ocrx_word' id='word_1_19' title='bbox 1092 418 1136 485; x_wconf 82' lang='lat' dir='ltr'><strong>At</strong></span> <span class='ocrx_word' id='word_1_20' title='bbox 1155 419 1214 486; x_wconf 84' lang='lat' dir='ltr'><strong>ille</strong></span> 
     </span>
    </p>
   </div>
   <div class='ocr_carea' id='block_1_3' title="bbox 64 517 1274 1010">
    <p class='ocr_par' dir='ltr' id='par_1_3' title="bbox 64 517 1274 1010">
     <span class='ocr_line' id='line_1_3' title="bbox 65 517 1215 608; baseline -0.001 -21"><span class='ocrx_word' id='word_1_21' title='bbox 65 519 278 608; x_wconf 88' lang='lat' dir='ltr'><strong>respondens</strong></span> <span class='ocrx_word' id='word_1_22' title='bbox 300 519 379 586; x_wconf 84' lang='lat' dir='ltr'><strong>dixit</strong></span> <span class='ocrx_word' id='word_1_23' title='bbox 398 523 449 598; x_wconf 88' lang='lat' dir='ltr'><strong>ei,</strong></span> <span class='ocrx_word' id='word_1_24' title='bbox 481 521 537 606; x_wconf 90' lang='lat' dir='ltr'><strong>qui</strong></span> <span class='ocrx_word' id='word_1_25' title='bbox 556 517 619 586; x_wconf 89' lang='lat' dir='ltr'><strong>sihi</strong></span> <span class='ocrx_word' id='word_1_26' title='bbox 640 521 892 598; x_wconf 74' lang='lat' dir='ltr'><strong>renuntiaverat,</strong></span> <span class='ocrx_word' id='word_1_27' title='bbox 924 518 1022 605; x_wconf 82' lang='lat' dir='ltr'><strong>Quae</strong></span> <span class='ocrx_word' id='word_1_28' title='bbox 1043 529 1092 584; x_wconf 87' lang='lat' dir='ltr'><strong>est</strong></span> <span class='ocrx_word' id='word_1_29' title='bbox 1111 530 1215 586; x_wconf 88' lang='lat' dir='ltr'><strong>mater</strong></span> 
     </span>
     <span class='ocr_line' id='line_1_4' title="bbox 65 616 1213 710; baseline -0.002 -22"><span class='ocrx_word' id='word_1_30' title='bbox 65 646 158 700; x_wconf 86' lang='lat' dir='ltr'><strong>mea,</strong></span> <span class='ocrx_word' id='word_1_31' title='bbox 198 633 253 686; x_wconf 87' lang='lat' dir='ltr'><strong>aut</strong></span> <span class='ocrx_word' id='word_1_32' title='bbox 281 623 338 707; x_wconf 90' lang='lat' dir='ltr'><strong>qui</strong></span> <span class='ocrx_word' id='word_1_33' title='bbox 365 630 441 686; x_wconf 90' lang='lat' dir='ltr'><strong>sunt</strong></span> <span class='ocrx_word' id='word_1_34' title='bbox 460 619 576 688; x_wconf 86' lang='lat' dir='ltr'><strong>iratres</strong></span> <span class='ocrx_word' id='word_1_35' title='bbox 596 621 679 686; x_wconf 83' lang='lat' dir='ltr'><strong>mei?</strong></span> <span class='ocrx_word' id='word_1_36' title='bbox 719 619 772 684; x_wconf 82' lang='grc'><strong>49.</strong></span> <span class='ocrx_word' id='word_1_37' title='bbox 791 619 840 710; x_wconf 71' lang='grc' dir='ltr'><strong>ιΕῑ</strong></span> <span class='ocrx_word' id='word_1_38' title='bbox 860 616 1014 706; x_wconf 79' lang='lat' dir='ltr'><strong>protensa</strong></span> <span class='ocrx_word' id='word_1_39' title='bbox 1037 641 1134 686; x_wconf 86' lang='lat' dir='ltr'><strong>manu</strong></span> <span class='ocrx_word' id='word_1_40' title='bbox 1154 643 1213 686; x_wconf 85' lang='lat' dir='ltr'><strong>sua</strong></span> 
     </span>
     <span class='ocr_line' id='line_1_5' title="bbox 64 711 1213 808; baseline -0.002 -20"><span class='ocrx_word' id='word_1_41' title='bbox 64 728 98 788; x_wconf 90' lang='lat' dir='ltr'><strong>in</strong></span> <span class='ocrx_word' id='word_1_42' title='bbox 131 721 314 808; x_wconf 89' lang='lat' dir='ltr'><strong>discipulos</strong></span> <span class='ocrx_word' id='word_1_43' title='bbox 342 741 435 798; x_wconf 89' lang='lat' dir='ltr'><strong>suos,</strong></span> <span class='ocrx_word' id='word_1_44' title='bbox 466 719 561 798; x_wconf 82' lang='lat' dir='ltr'>dixit,</span> <span class='ocrx_word' id='word_1_45' title='bbox 598 721 684 786; x_wconf 89' lang='lat' dir='ltr'><strong>Ecce</strong></span> <span class='ocrx_word' id='word_1_46' title='bbox 711 731 812 786; x_wconf 90' lang='lat' dir='ltr'><strong>mater</strong></span> <span class='ocrx_word' id='word_1_47' title='bbox 839 741 910 788; x_wconf 88' lang='lat' dir='ltr'><strong>mee</strong></span> <span class='ocrx_word' id='word_1_48' title='bbox 939 717 972 786; x_wconf 81' lang='lat' dir='ltr'><strong>&#39;el</strong></span> <span class='ocrx_word' id='word_1_49' title='bbox 997 711 1120 786; x_wconf 82' lang='lat' dir='ltr'><strong>iratres</strong></span> <span class='ocrx_word' id='word_1_50' title='bbox 1139 723 1213 786; x_wconf 89' lang='lat' dir='ltr'><strong>mei.</strong></span> 
     </span>
     <span class='ocr_line' id='line_1_6' title="bbox 64 821 1274 918; baseline -0.002 -27"><span class='ocrx_word' id='word_1_51' title='bbox 64 828 117 891; x_wconf 83' lang='lat'><strong>50.</strong></span> <span class='ocrx_word' id='word_1_52' title='bbox 148 824 308 910; x_wconf 81' lang='lat' dir='ltr'><strong>Quisquis</strong></span> <span class='ocrx_word' id='word_1_53' title='bbox 336 825 420 886; x_wconf 90' lang='lat' dir='ltr'><strong>enim</strong></span> <span class='ocrx_word' id='word_1_54' title='bbox 442 821 556 888; x_wconf 81' lang='lat' dir='ltr'><strong>feccrit</strong></span> <span class='ocrx_word' id='word_1_55' title='bbox 575 821 774 887; x_wconf 86' lang='lat' dir='ltr'><strong>voluntatem</strong></span> <span class='ocrx_word' id='word_1_56' title='bbox 797 823 898 888; x_wconf 89' lang='lat' dir='ltr'><strong>Patris</strong></span> <span class='ocrx_word' id='word_1_57' title='bbox 919 823 1000 900; x_wconf 89' lang='lat' dir='ltr'><strong>mei,</strong></span> <span class='ocrx_word' id='word_1_58' title='bbox 1018 824 1088 908; x_wconf 69' lang='lat' dir='ltr'><strong>⁸qui</strong></span> <span class='ocrx_word' id='word_1_59' title='bbox 1109 832 1157 888; x_wconf 87' lang='lat' dir='ltr'><strong>est</strong></span> <span class='ocrx_word' id='word_1_60' title='bbox 1176 825 1214 889; x_wconf 84' lang='lat' dir='ltr'><strong>itt</strong></span> <span class='ocrx_word' id='word_1_61' title='bbox 1269 893 1274 918; x_wconf 46' lang='grc' dir='ltr'>Ι</span> 
     </span>
     <span class='ocr_line' id='line_1_7' title="bbox 65 916 1165 1010; baseline -0.005 -18"><span class='ocrx_word' id='word_1_62' title='bbox 65 925 180 1002; x_wconf 89' lang='lat' dir='ltr'><strong>coelis,</strong></span> <span class='ocrx_word' id='word_1_63' title='bbox 201 928 274 1010; x_wconf 86' lang='lat' dir='ltr'><strong>ipse</strong></span> <span class='ocrx_word' id='word_1_64' title='bbox 295 923 394 988; x_wconf 84' lang='lat' dir='ltr'><strong>irater</strong></span> <span class='ocrx_word' id='word_1_65' title='bbox 414 945 504 989; x_wconf 89' lang='lat' dir='ltr'><strong>meus</strong></span> <span class='ocrx_word' id='word_1_66' title='bbox 526 934 559 990; x_wconf 92' lang='lat' dir='ltr'><strong>et</strong></span> <span class='ocrx_word' id='word_1_67' title='bbox 579 945 674 989; x_wconf 89' lang='lat' dir='ltr'><strong>soror</strong></span> <span class='ocrx_word' id='word_1_68' title='bbox 694 934 728 988; x_wconf 89' lang='lat' dir='ltr'><strong>et</strong></span> <span class='ocrx_word' id='word_1_69' title='bbox 748 933 850 990; x_wconf 89' lang='lat' dir='ltr'><strong>mater</strong></span> <span class='ocrx_word' id='word_1_70' title='bbox 870 934 929 1000; x_wconf 80' lang='lat' dir='ltr'><strong>est.</strong></span> <span class='ocrx_word' id='word_1_71' title='bbox 1162 916 1165 930; x_wconf 76' lang='lat'>&#39;</span> 
     </span>
    </p>
   </div>
   <div class='ocr_carea' id='block_1_4' title="bbox 64 1041 1249 1838">
    <p class='ocr_par' dir='ltr' id='par_1_4' title="bbox 64 1041 1249 1838">
     <span class='ocr_line' id='line_1_8' title="bbox 151 1041 1213 1121; baseline 0.001 -13"><span class='ocrx_word' id='word_1_72' title='bbox 151 1042 296 1108; x_wconf 82' lang='lat' dir='ltr'><strong>MARC.</strong></span> <span class='ocrx_word' id='word_1_73' title='bbox 324 1041 376 1106; x_wconf 94' lang='lat' dir='ltr'><strong>lll.</strong></span> <span class='ocrx_word' id='word_1_74' title='bbox 421 1042 472 1108; x_wconf 87' lang='lat'><strong>31.</strong></span> <span class='ocrx_word' id='word_1_75' title='bbox 504 1041 546 1106; x_wconf 86' lang='lat' dir='ltr'><strong>Et</strong></span> <span class='ocrx_word' id='word_1_76' title='bbox 570 1043 706 1106; x_wconf 88' lang='lat' dir='ltr'><strong>veniunt</strong></span> <span class='ocrx_word' id='word_1_77' title='bbox 733 1052 835 1106; x_wconf 87' lang='lat' dir='ltr'><strong>meter</strong></span> <span class='ocrx_word' id='word_1_78' title='bbox 861 1045 931 1107; x_wconf 87' lang='lat' dir='ltr'><strong>eius</strong></span> <span class='ocrx_word' id='word_1_79' title='bbox 959 1051 991 1108; x_wconf 87' lang='lat' dir='ltr'><strong>et</strong></span> <span class='ocrx_word' id='word_1_80' title='bbox 1016 1041 1145 1121; x_wconf 84' lang='lat' dir='ltr'><strong>iratres,</strong></span> <span class='ocrx_word' id='word_1_81' title='bbox 1178 1051 1213 1109; x_wconf 87' lang='lat' dir='ltr'><strong>et</strong></span> 
     </span>
     <span class='ocr_line' id='line_1_9' title="bbox 66 1142 1213 1228; baseline 0 -18"><span class='ocrx_word' id='word_1_82' title='bbox 66 1146 150 1210; x_wconf 85' lang='lat' dir='ltr'><strong>ioris</strong></span> <span class='ocrx_word' id='word_1_83' title='bbox 177 1154 300 1209; x_wconf 88' lang='lat' dir='ltr'><strong>stantes</strong></span> <span class='ocrx_word' id='word_1_84' title='bbox 327 1145 483 1208; x_wconf 89' lang='lat' dir='ltr'><strong>miserunt</strong></span> <span class='ocrx_word' id='word_1_85' title='bbox 507 1142 657 1220; x_wconf 87' lang='lat' dir='ltr'><strong>adeum,</strong></span> <span class='ocrx_word' id='word_1_86' title='bbox 693 1145 749 1228; x_wconf 92' lang='lat' dir='ltr'><strong>qui</strong></span> <span class='ocrx_word' id='word_1_87' title='bbox 771 1151 946 1208; x_wconf 82' lang='lat' dir='ltr'><strong>evocarent</strong></span> <span class='ocrx_word' id='word_1_88' title='bbox 967 1163 1050 1210; x_wconf 81' lang='lat' dir='ltr'><strong>eum.</strong></span> <span class='ocrx_word' id='word_1_89' title='bbox 1091 1143 1142 1208; x_wconf 90' lang='grc'><strong>32.</strong></span> <span class='ocrx_word' id='word_1_90' title='bbox 1169 1143 1213 1210; x_wconf 86' lang='lat' dir='ltr'><strong>Et</strong></span> 
     </span>
     <span class='ocr_line' id='line_1_10' title="bbox 69 1235 1211 1327; baseline -0.003 -16"><span class='ocrx_word' id='word_1_91' title='bbox 69 1243 210 1310; x_wconf 87' lang='lat' dir='ltr'><strong>sedebat</strong></span> <span class='ocrx_word' id='word_1_92' title='bbox 236 1241 333 1308; x_wconf 88' lang='lat' dir='ltr'><strong>turba</strong></span> <span class='ocrx_word' id='word_1_93' title='bbox 362 1245 446 1306; x_wconf 86' lang='lat' dir='ltr'><strong>circa</strong></span> <span class='ocrx_word' id='word_1_94' title='bbox 474 1263 563 1320; x_wconf 90' lang='lat' dir='ltr'><strong>eum,</strong></span> <span class='ocrx_word' id='word_1_95' title='bbox 591 1235 767 1327; x_wconf 88' lang='lat' dir='ltr'><strong>dicuntque</strong></span> <span class='ocrx_word' id='word_1_96' title='bbox 798 1244 843 1320; x_wconf 92' lang='lat' dir='ltr'><strong>ei,</strong></span> <span class='ocrx_word' id='word_1_97' title='bbox 868 1243 956 1306; x_wconf 88' lang='lat' dir='ltr'><strong>Ecce</strong></span> <span class='ocrx_word' id='word_1_98' title='bbox 977 1239 1079 1308; x_wconf 81' lang='lat' dir='ltr'><strong>mate&#39;r</strong></span> <span class='ocrx_word' id='word_1_99' title='bbox 1099 1253 1154 1307; x_wconf 84' lang='lat' dir='ltr'><strong>tua</strong></span> <span class='ocrx_word' id='word_1_100' title='bbox 1176 1253 1211 1308; x_wconf 89' lang='lat' dir='ltr'><strong>et</strong></span> 
     </span>
     <span class='ocr_line' id='line_1_11' title="bbox 66 1341 1213 1431; baseline -0.003 -20"><span class='ocrx_word' id='word_1_101' title='bbox 66 1349 184 1412; x_wconf 86' lang='lat' dir='ltr'><strong>iratres</strong></span> <span class='ocrx_word' id='word_1_102' title='bbox 209 1345 256 1410; x_wconf 89' lang='lat' dir='ltr'><strong>tui</strong></span> <span class='ocrx_word' id='word_1_103' title='bbox 284 1343 379 1420; x_wconf 87' lang='lat' dir='ltr'><strong>ioris,</strong></span> <span class='ocrx_word' id='word_1_104' title='bbox 411 1355 445 1408; x_wconf 90' lang='lat' dir='ltr'><strong>te</strong></span> <span class='ocrx_word' id='word_1_105' title='bbox 472 1353 641 1431; x_wconf 87' lang='lat' dir='ltr'><strong>quaerunt.</strong></span> <span class='ocrx_word' id='word_1_106' title='bbox 687 1343 738 1407; x_wconf 86' lang='grc'><strong>33.</strong></span> <span class='ocrx_word' id='word_1_107' title='bbox 769 1341 812 1408; x_wconf 92' lang='lat' dir='ltr'><strong>Et</strong></span> <span class='ocrx_word' id='word_1_108' title='bbox 832 1342 1001 1428; x_wconf 87' lang='lat' dir='ltr'><strong>respondit</strong></span> <span class='ocrx_word' id='word_1_109' title='bbox 1023 1345 1069 1407; x_wconf 91' lang='lat' dir='ltr'><strong>eis</strong></span> <span class='ocrx_word' id='word_1_110' title='bbox 1091 1341 1213 1422; x_wconf 87' lang='lat' dir='ltr'><strong>dicens,</strong></span> 
     </span>
     <span class='ocr_line' id='line_1_12' title="bbox 66 1432 1213 1534; baseline -0.004 -21"><span class='ocrx_word' id='word_1_111' title='bbox 66 1449 166 1534; x_wconf 84' lang='lat' dir='ltr'><strong>Quae</strong></span> <span class='ocrx_word' id='word_1_112' title='bbox 189 1457 240 1511; x_wconf 88' lang='lat' dir='ltr'><strong>est</strong></span> <span class='ocrx_word' id='word_1_113' title='bbox 260 1456 362 1510; x_wconf 87' lang='lat' dir='ltr'><strong>mater</strong></span> <span class='ocrx_word' id='word_1_114' title='bbox 383 1465 469 1522; x_wconf 87' lang='lat' dir='ltr'><strong>mea,</strong></span> <span class='ocrx_word' id='word_1_115' title='bbox 489 1487 495 1522; x_wconf 84' lang='lat'><strong>·.</strong></span> <span class='ocrx_word' id='word_1_116' title='bbox 506 1455 538 1510; x_wconf 90' lang='lat' dir='ltr'><strong>et</strong></span> <span class='ocrx_word' id='word_1_117' title='bbox 558 1443 674 1508; x_wconf 88' lang='lat' dir='ltr'><strong>iratres</strong></span> <span class='ocrx_word' id='word_1_118' title='bbox 694 1432 779 1508; x_wconf 83' lang='lat' dir='ltr'><strong>mei?</strong></span> <span class='ocrx_word' id='word_1_119' title='bbox 818 1443 870 1510; x_wconf 78' lang='lat'><strong>34.</strong></span> <span class='ocrx_word' id='word_1_120' title='bbox 895 1442 938 1507; x_wconf 87' lang='lat' dir='ltr'><strong>Et</strong></span> <span class='ocrx_word' id='word_1_121' title='bbox 959 1465 1057 1530; x_wconf 90' lang='lat' dir='ltr'><strong>quum</strong></span> <span class='ocrx_word' id='word_1_122' title='bbox 1076 1443 1213 1508; x_wconf 89' lang='lat' dir='ltr'><strong>circum-</strong></span> 
     </span>
     <span class='ocr_line' id='line_1_13' title="bbox 66 1541 1212 1636; baseline -0.004 -21"><span class='ocrx_word' id='word_1_123' title='bbox 66 1552 227 1636; x_wconf 78' lang='lat' dir='ltr'><strong>spexisset</strong></span> <span class='ocrx_word' id='word_1_124' title='bbox 247 1547 282 1610; x_wconf 91' lang='lat' dir='ltr'><strong>in</strong></span> <span class='ocrx_word' id='word_1_125' title='bbox 304 1546 449 1610; x_wconf 85' lang='lat' dir='ltr'><strong>circuitu.</strong></span> <span class='ocrx_word' id='word_1_126' title='bbox 462 1545 579 1610; x_wconf 90' lang='lat' dir='ltr'><strong>circum</strong></span> <span class='ocrx_word' id='word_1_127' title='bbox 601 1565 637 1609; x_wconf 91' lang='lat' dir='ltr'><strong>se</strong></span> <span class='ocrx_word' id='word_1_128' title='bbox 660 1541 837 1630; x_wconf 85' lang='lat' dir='ltr'><strong>discipulos</strong></span> <span class='ocrx_word' id='word_1_129' title='bbox 859 1543 1023 1624; x_wconf 76' lang='lat' dir='ltr'><strong>sedentes,</strong></span> <span class='ocrx_word' id='word_1_130' title='bbox 1045 1546 1102 1623; x_wconf 85' lang='lat' dir='ltr'><strong>eit,</strong></span> <span class='ocrx_word' id='word_1_131' title='bbox 1122 1545 1212 1610; x_wconf 87' lang='lat' dir='ltr'><strong>Ecce</strong></span> 
     </span>
     <span class='ocr_line' id='line_1_14' title="bbox 64 1643 1249 1729; baseline -0.001 -14"><span class='ocrx_word' id='word_1_132' title='bbox 64 1663 170 1718; x_wconf 86' lang='lat' dir='ltr'><strong>mater</strong></span> <span class='ocrx_word' id='word_1_133' title='bbox 191 1667 265 1712; x_wconf 87' lang='lat' dir='ltr'><strong>mea</strong></span> <span class='ocrx_word' id='word_1_134' title='bbox 287 1657 318 1712; x_wconf 90' lang='lat' dir='ltr'><strong>et</strong></span> <span class='ocrx_word' id='word_1_135' title='bbox 340 1647 458 1712; x_wconf 87' lang='lat' dir='ltr'><strong>iratres</strong></span> <span class='ocrx_word' id='word_1_136' title='bbox 479 1649 552 1710; x_wconf 89' lang='lat' dir='ltr'><strong>mei.</strong></span> <span class='ocrx_word' id='word_1_137' title='bbox 594 1646 646 1710; x_wconf 81' lang='lat'><strong>35.</strong></span> <span class='ocrx_word' id='word_1_138' title='bbox 681 1643 749 1729; x_wconf 89' lang='lat' dir='ltr'><strong>Qui</strong></span> <span class='ocrx_word' id='word_1_139' title='bbox 771 1647 856 1710; x_wconf 91' lang='lat' dir='ltr'><strong>enim</strong></span> <span class='ocrx_word' id='word_1_140' title='bbox 877 1643 993 1712; x_wconf 86' lang='lat' dir='ltr'><strong>fecerit</strong></span> <span class='ocrx_word' id='word_1_141' title='bbox 1011 1643 1212 1714; x_wconf 85' lang='lat' dir='ltr'><strong>voluntatem</strong></span> <span class='ocrx_word' id='word_1_142' title='bbox 1245 1687 1249 1695; x_wconf 85' lang='lat'>·</span> 
     </span>
     <span class='ocr_line' id='line_1_15' title="bbox 66 1748 969 1838; baseline -0.006 -21"><span class='ocrx_word' id='word_1_143' title='bbox 66 1751 143 1830; x_wconf 89' lang='lat' dir='ltr'><strong>Dei,</strong></span> <span class='ocrx_word' id='word_1_144' title='bbox 165 1750 221 1814; x_wconf 92' lang='lat' dir='ltr'><strong>hic</strong></span> <span class='ocrx_word' id='word_1_145' title='bbox 241 1748 342 1813; x_wconf 85' lang='lat' dir='ltr'><strong>irater</strong></span> <span class='ocrx_word' id='word_1_146' title='bbox 362 1769 452 1812; x_wconf 89' lang='lat' dir='ltr'><strong>meus</strong></span> <span class='ocrx_word' id='word_1_147' title='bbox 474 1757 506 1811; x_wconf 91' lang='lat' dir='ltr'><strong>et</strong></span> <span class='ocrx_word' id='word_1_148' title='bbox 529 1767 624 1812; x_wconf 87' lang='lat' dir='ltr'><strong>soror</strong></span> <span class='ocrx_word' id='word_1_149' title='bbox 643 1767 715 1838; x_wconf 78' lang='lat' dir='ltr'><strong>mea</strong></span> <span class='ocrx_word' id='word_1_150' title='bbox 737 1758 770 1812; x_wconf 90' lang='lat' dir='ltr'><strong>et</strong></span> <span class='ocrx_word' id='word_1_151' title='bbox 789 1756 892 1812; x_wconf 84' lang='lat' dir='ltr'><strong>mater</strong></span> <span class='ocrx_word' id='word_1_152' title='bbox 913 1755 969 1812; x_wconf 87' lang='lat' dir='ltr'><strong>est.</strong></span> 
     </span>
    </p>
   </div>
   <div class='ocr_carea' id='block_1_5' title="bbox 65 1841 1284 2760">
    <p class='ocr_par' dir='ltr' id='par_1_5' title="bbox 65 1841 1284 2760">
     <span class='ocr_line' id='line_1_16' title="bbox 152 1841 1210 1960; baseline -0.001 -28"><span class='ocrx_word' id='word_1_153' title='bbox 152 1865 257 1934; x_wconf 87' lang='lat' dir='ltr'><strong>LUC.</strong></span> <span class='ocrx_word' id='word_1_154' title='bbox 283 1867 338 1931; x_wconf 86' lang='lat' dir='ltr'><strong>xt.</strong></span> <span class='ocrx_word' id='word_1_155' title='bbox 390 1867 442 1931; x_wconf 89' lang='grc'><strong>27.</strong></span> <span class='ocrx_word' id='word_1_156' title='bbox 470 1841 603 1929; x_wconf 55' lang='lat' dir='ltr'><strong>factum</strong></span> <span class='ocrx_word' id='word_1_157' title='bbox 632 1876 681 1930; x_wconf 87' lang='lat' dir='ltr'><strong>cst</strong></span> <span class='ocrx_word' id='word_1_158' title='bbox 709 1877 814 1934; x_wconf 88' lang='lat' dir='ltr'><strong>autem</strong></span> <span class='ocrx_word' id='word_1_159' title='bbox 843 1887 939 1952; x_wconf 88' lang='lat' dir='ltr'><strong>quum</strong></span> <span class='ocrx_word' id='word_1_160' title='bbox 967 1863 1050 1930; x_wconf 85' lang='lat' dir='ltr'><strong>baec</strong></span> <span class='ocrx_word' id='word_1_161' title='bbox 1077 1863 1210 1960; x_wconf 64' lang='lat' dir='ltr'><strong>diceret,</strong></span> 
     </span>
     <span class='ocr_line' id='line_1_17' title="bbox 66 1963 1211 2051; baseline 0 -17"><span class='ocrx_word' id='word_1_162' title='bbox 66 1969 230 2040; x_wconf 81' lang='lat' dir='ltr'><strong>extollens</strong></span> <span class='ocrx_word' id='word_1_163' title='bbox 258 1987 371 2032; x_wconf 84' lang='lat' dir='ltr'><strong>vocem</strong></span> <span class='ocrx_word' id='word_1_164' title='bbox 400 1963 558 2051; x_wconf 86' lang='lat' dir='ltr'><strong>quaedam</strong></span> <span class='ocrx_word' id='word_1_165' title='bbox 580 1963 696 2030; x_wconf 88' lang='lat' dir='ltr'><strong>mulier</strong></span> <span class='ocrx_word' id='word_1_166' title='bbox 717 1966 759 2032; x_wconf 87' lang='lat' dir='ltr'><strong>de</strong></span> <span class='ocrx_word' id='word_1_167' title='bbox 782 1965 877 2032; x_wconf 89' lang='lat' dir='ltr'><strong>turba</strong></span> <span class='ocrx_word' id='word_1_168' title='bbox 899 1967 976 2032; x_wconf 84' lang='lat' dir='ltr'><strong>dixit</strong></span> <span class='ocrx_word' id='word_1_169' title='bbox 997 1965 1060 2044; x_wconf 91' lang='lat' dir='ltr'><strong>illi,</strong></span> <span class='ocrx_word' id='word_1_170' title='bbox 1089 1967 1211 2034; x_wconf 78' lang='lat' dir='ltr'><strong>Beatus</strong></span> 
     </span>
     <span class='ocr_line' id='line_1_18' title="bbox 66 2063 1210 2154; baseline 0.002 -22"><span class='ocrx_word' id='word_1_171' title='bbox 66 2081 199 2147; x_wconf 84' lang='lat' dir='ltr'><strong>venter,</strong></span> <span class='ocrx_word' id='word_1_172' title='bbox 231 2069 289 2154; x_wconf 92' lang='lat' dir='ltr'><strong>qui</strong></span> <span class='ocrx_word' id='word_1_173' title='bbox 316 2078 348 2132; x_wconf 92' lang='lat' dir='ltr'><strong>te</strong></span> <span class='ocrx_word' id='word_1_174' title='bbox 375 2067 529 2154; x_wconf 86' lang='lat' dir='ltr'><strong>portavit,</strong></span> <span class='ocrx_word' id='word_1_175' title='bbox 565 2077 597 2130; x_wconf 87' lang='lat' dir='ltr'><strong>et</strong></span> <span class='ocrx_word' id='word_1_176' title='bbox 617 2063 719 2131; x_wconf 86' lang='lat' dir='ltr'><strong>ubera</strong></span> <span class='ocrx_word' id='word_1_177' title='bbox 742 2089 827 2154; x_wconf 90' lang='lat' dir='ltr'><strong>quae</strong></span> <span class='ocrx_word' id='word_1_178' title='bbox 848 2071 967 2134; x_wconf 84' lang='lat' dir='ltr'><strong>suxisti.</strong></span> <span class='ocrx_word' id='word_1_179' title='bbox 1009 2069 1060 2133; x_wconf 74' lang='lat'><strong>28</strong></span> <span class='ocrx_word' id='word_1_180' title='bbox 1087 2069 1131 2133; x_wconf 87' lang='lat' dir='ltr'><strong>At</strong></span> <span class='ocrx_word' id='word_1_181' title='bbox 1151 2066 1210 2134; x_wconf 89' lang='lat' dir='ltr'><strong>ille</strong></span> 
     </span>
     <span class='ocr_line' id='line_1_19' title="bbox 66 2165 1284 2254; baseline -0.002 -18"><span class='ocrx_word' id='word_1_182' title='bbox 66 2173 164 2250; x_wconf 83' lang='lat' dir='ltr'><strong>dixit,</strong></span> <span class='ocrx_word' id='word_1_183' title='bbox 192 2169 284 2254; x_wconf 83' lang='lat' dir='ltr'><strong>Quin</strong></span> <span class='ocrx_word' id='word_1_184' title='bbox 305 2170 371 2232; x_wconf 88' lang='lat' dir='ltr'><strong>imo</strong></span> <span class='ocrx_word' id='word_1_185' title='bbox 391 2165 494 2244; x_wconf 86' lang='lat' dir='ltr'><strong>beati,</strong></span> <span class='ocrx_word' id='word_1_186' title='bbox 516 2167 572 2252; x_wconf 94' lang='lat' dir='ltr'><strong>qui</strong></span> <span class='ocrx_word' id='word_1_187' title='bbox 594 2167 729 2233; x_wconf 90' lang='lat' dir='ltr'><strong>audiunt</strong></span> <span class='ocrx_word' id='word_1_188' title='bbox 749 2191 930 2235; x_wconf 88' lang='lat' dir='ltr'><strong>sermonem</strong></span> <span class='ocrx_word' id='word_1_189' title='bbox 951 2169 1031 2246; x_wconf 90' lang='lat' dir='ltr'><strong>Dei,</strong></span> <span class='ocrx_word' id='word_1_190' title='bbox 1051 2178 1084 2232; x_wconf 89' lang='lat' dir='ltr'><strong>et</strong></span> <span class='ocrx_word' id='word_1_191' title='bbox 1104 2179 1210 2235; x_wconf 85' lang='lat' dir='ltr'><strong>custo·</strong></span> <span class='ocrx_word' id='word_1_192' title='bbox 1282 2179 1284 2184; x_wconf 86' lang='lat'>&#39;</span> 
     </span>
     <span class='ocr_line' id='line_1_20' title="bbox 65 2267 1211 2338; baseline -0.003 0"><span class='ocrx_word' id='word_1_193' title='bbox 65 2273 162 2338; x_wconf 90' lang='lat' dir='ltr'><strong>diunt</strong></span> <span class='ocrx_word' id='word_1_194' title='bbox 185 2270 287 2334; x_wconf 87' lang='lat' dir='ltr'><strong>illum.</strong></span> <span class='ocrx_word' id='word_1_195' title='bbox 342 2268 427 2331; x_wconf 88' lang='lat' dir='ltr'><strong>Vlll.</strong></span> <span class='ocrx_word' id='word_1_196' title='bbox 469 2267 520 2330; x_wconf 86' lang='lat'><strong>19.</strong></span> <span class='ocrx_word' id='word_1_197' title='bbox 554 2267 724 2333; x_wconf 81' lang='lat' dir='ltr'><strong>Venerunt</strong></span> <span class='ocrx_word' id='word_1_198' title='bbox 751 2282 856 2336; x_wconf 87' lang='lat' dir='ltr'><strong>autem</strong></span> <span class='ocrx_word' id='word_1_199' title='bbox 881 2269 922 2334; x_wconf 87' lang='lat' dir='ltr'><strong>ad</strong></span> <span class='ocrx_word' id='word_1_200' title='bbox 941 2267 1033 2334; x_wconf 89' lang='lat' dir='ltr'><strong>illum</strong></span> <span class='ocrx_word' id='word_1_201' title='bbox 1055 2278 1211 2334; x_wconf 83' lang='lat' dir='ltr'><strong>meteret</strong></span> 
     </span>
     <span class='ocr_line' id='line_1_21' title="bbox 66 2366 1212 2456; baseline -0.003 -17"><span class='ocrx_word' id='word_1_202' title='bbox 66 2375 184 2438; x_wconf 79' lang='lat' dir='ltr'><strong>iratres</strong></span> <span class='ocrx_word' id='word_1_203' title='bbox 213 2373 298 2447; x_wconf 85' lang='lat' dir='ltr'><strong>eius,</strong></span> <span class='ocrx_word' id='word_1_204' title='bbox 332 2379 364 2434; x_wconf 93' lang='lat' dir='ltr'><strong>et</strong></span> <span class='ocrx_word' id='word_1_205' title='bbox 382 2388 451 2434; x_wconf 87' lang='lat' dir='ltr'><strong>non</strong></span> <span class='ocrx_word' id='word_1_206' title='bbox 473 2377 624 2454; x_wconf 83' lang='lat' dir='ltr'><strong>poterant</strong></span> <span class='ocrx_word' id='word_1_207' title='bbox 644 2368 735 2434; x_wconf 89' lang='lat' dir='ltr'><strong>adire</strong></span> <span class='ocrx_word' id='word_1_208' title='bbox 757 2393 829 2436; x_wconf 89' lang='lat' dir='ltr'><strong>enm</strong></span> <span class='ocrx_word' id='word_1_209' title='bbox 851 2366 1056 2456; x_wconf 66' lang='lat' dir='ltr'><strong>praedurba.</strong></span> <span class='ocrx_word' id='word_1_210' title='bbox 1097 2369 1148 2434; x_wconf 88' lang='grc'><strong>20.</strong></span> <span class='ocrx_word' id='word_1_211' title='bbox 1167 2371 1212 2435; x_wconf 87' lang='lat' dir='ltr'><strong>Et</strong></span> 
     </span>
     <span class='ocr_line' id='line_1_22' title="bbox 65 2467 1210 2544; baseline -0.003 -5"><span class='ocrx_word' id='word_1_212' title='bbox 65 2477 247 2539; x_wconf 88' lang='lat' dir='ltr'><strong>nuntiatum</strong></span> <span class='ocrx_word' id='word_1_213' title='bbox 276 2480 323 2536; x_wconf 89' lang='lat' dir='ltr'><strong>est</strong></span> <span class='ocrx_word' id='word_1_214' title='bbox 351 2467 400 2534; x_wconf 92' lang='lat' dir='ltr'><strong>illi</strong></span> <span class='ocrx_word' id='word_1_215' title='bbox 428 2490 466 2533; x_wconf 89' lang='lat' dir='ltr'><strong>ac</strong></span> <span class='ocrx_word' id='word_1_216' title='bbox 493 2467 626 2544; x_wconf 92' lang='lat' dir='ltr'><strong>dictum,</strong></span> <span class='ocrx_word' id='word_1_217' title='bbox 658 2469 766 2534; x_wconf 84' lang='lat' dir='ltr'><strong>Mater</strong></span> <span class='ocrx_word' id='word_1_218' title='bbox 788 2482 843 2536; x_wconf 88' lang='lat' dir='ltr'><strong>tua</strong></span> <span class='ocrx_word' id='word_1_219' title='bbox 871 2481 904 2536; x_wconf 90' lang='lat' dir='ltr'><strong>et</strong></span> <span class='ocrx_word' id='word_1_220' title='bbox 924 2471 1038 2534; x_wconf 86' lang='lat' dir='ltr'><strong>iratres</strong></span> <span class='ocrx_word' id='word_1_221' title='bbox 1058 2472 1105 2534; x_wconf 89' lang='lat' dir='ltr'><strong>tui</strong></span> <span class='ocrx_word' id='word_1_222' title='bbox 1125 2481 1210 2536; x_wconf 88' lang='lat' dir='ltr'><strong>stant</strong></span> 
     </span>
     <span class='ocr_line' id='line_1_23' title="bbox 67 2567 1210 2656; baseline -0.004 -18"><span class='ocrx_word' id='word_1_223' title='bbox 67 2575 164 2652; x_wconf 88' lang='lat' dir='ltr'><strong>ioris,</strong></span> <span class='ocrx_word' id='word_1_224' title='bbox 195 2570 345 2637; x_wconf 83' lang='lat' dir='ltr'><strong>volentes</strong></span> <span class='ocrx_word' id='word_1_225' title='bbox 366 2579 399 2635; x_wconf 85' lang='lat' dir='ltr'><strong>te</strong></span> <span class='ocrx_word' id='word_1_226' title='bbox 419 2569 541 2635; x_wconf 85' lang='lat' dir='ltr'><strong>videre.</strong></span> <span class='ocrx_word' id='word_1_227' title='bbox 583 2571 636 2634; x_wconf 80' lang='lat'><strong>21.</strong></span> <span class='ocrx_word' id='word_1_228' title='bbox 659 2567 725 2653; x_wconf 83' lang='lat' dir='ltr'><strong>Qui</strong></span> <span class='ocrx_word' id='word_1_229' title='bbox 749 2570 955 2656; x_wconf 88' lang='lat' dir='ltr'><strong>respondens</strong></span> <span class='ocrx_word' id='word_1_230' title='bbox 977 2570 1055 2635; x_wconf 83' lang='lat' dir='ltr'><strong>dixit</strong></span> <span class='ocrx_word' id='word_1_231' title='bbox 1076 2568 1118 2634; x_wconf 87' lang='lat' dir='ltr'><strong>ad</strong></span> <span class='ocrx_word' id='word_1_232' title='bbox 1140 2591 1210 2648; x_wconf 86' lang='lat' dir='ltr'><strong>eos,</strong></span> 
     </span>
     <span class='ocr_line' id='line_1_24' title="bbox 65 2669 1209 2760; baseline -0.004 -19"><span class='ocrx_word' id='word_1_233' title='bbox 65 2677 177 2741; x_wconf 84' lang='lat' dir='ltr'><strong>Mater</strong></span> <span class='ocrx_word' id='word_1_234' title='bbox 197 2695 269 2738; x_wconf 88' lang='lat' dir='ltr'><strong>mea</strong></span> <span class='ocrx_word' id='word_1_235' title='bbox 292 2683 324 2736; x_wconf 88' lang='lat' dir='ltr'><strong>et</strong></span> <span class='ocrx_word' id='word_1_236' title='bbox 346 2671 460 2737; x_wconf 79' lang='lat' dir='ltr'><strong>iratres</strong></span> <span class='ocrx_word' id='word_1_237' title='bbox 481 2671 546 2736; x_wconf 90' lang='lat' dir='ltr'><strong>mei</strong></span> <span class='ocrx_word' id='word_1_238' title='bbox 566 2669 600 2735; x_wconf 91' lang='lat' dir='ltr'><strong>hi</strong></span> <span class='ocrx_word' id='word_1_239' title='bbox 620 2680 704 2751; x_wconf 87' lang='lat' dir='ltr'><strong>sunt,</strong></span> <span class='ocrx_word' id='word_1_240' title='bbox 724 2675 780 2760; x_wconf 91' lang='lat' dir='ltr'><strong>qui</strong></span> <span class='ocrx_word' id='word_1_241' title='bbox 794 2691 976 2738; x_wconf 86' lang='lat' dir='ltr'><strong>sermonem</strong></span> <span class='ocrx_word' id='word_1_242' title='bbox 988 2671 1054 2736; x_wconf 88' lang='lat' dir='ltr'><strong>Dei</strong></span> <span class='ocrx_word' id='word_1_243' title='bbox 1066 2669 1209 2751; x_wconf 84' lang='lat' dir='ltr'><strong>audiunt,</strong></span> 
     </span>
    </p>
   </div>
   <div class='ocr_carea' id='block_1_6' title="bbox 66 2771 366 2844">
    <p class='ocr_par' dir='ltr' id='par_1_6' title="bbox 66 2771 366 2844">
     <span class='ocr_line' id='line_1_25' title="bbox 66 2771 366 2844; baseline -0.017 -2"><span class='ocrx_word' id='word_1_244' title='bbox 66 2789 99 2844; x_wconf 93' lang='lat' dir='ltr'><strong>et</strong></span> <span class='ocrx_word' id='word_1_245' title='bbox 121 2775 247 2842; x_wconf 84' lang='lat' dir='ltr'><strong>iaciunt</strong></span> <span class='ocrx_word' id='word_1_246' title='bbox 266 2771 366 2838; x_wconf 91' lang='lat' dir='ltr'><strong>illum.</strong></span> 
     </span>
    </p>
   </div>
   <div class='ocr_carea' id='block_1_7' title="bbox 62 2995 1294 4486">
    <p class='ocr_par' dir='ltr' id='par_1_7' title="bbox 62 2995 1294 4486">
     <span class='ocr_line' id='line_1_26' title="bbox 144 2995 1206 3108; baseline 0.002 -24"><span class='ocrx_word' id='word_1_247' title='bbox 144 3025 218 3084; x_wconf 90' lang='lat' dir='ltr'><strong>Luc.</strong></span> <span class='ocrx_word' id='word_1_248' title='bbox 242 3031 290 3088; x_wconf 87' lang='grc'><strong>27.</strong></span> <span class='ocrx_word' id='word_1_249' title='bbox 330 3023 441 3084; x_wconf 79' lang='lat' dir='ltr'><strong>Beatos</strong></span> <span class='ocrx_word' id='word_1_250' title='bbox 464 3037 567 3084; x_wconf 70' lang='lat' dir='ltr'><strong>maror.</strong></span> <span class='ocrx_word' id='word_1_251' title='bbox 606 3025 674 3084; x_wconf 88' lang='lat' dir='ltr'><strong>Hoc</strong></span> <span class='ocrx_word' id='word_1_252' title='bbox 686 2995 799 3108; x_wconf 58' lang='lat' dir='ltr'><strong>⁸elogio</strong></span> <span class='ocrx_word' id='word_1_253' title='bbox 825 3023 966 3086; x_wconf 84' lang='lat' dir='ltr'><strong>extollere</strong></span> <span class='ocrx_word' id='word_1_254' title='bbox 986 3023 1081 3084; x_wconf 87' lang='lat' dir='ltr'><strong>voluit</strong></span> <span class='ocrx_word' id='word_1_255' title='bbox 1099 3024 1206 3086; x_wconf 88' lang='lat' dir='ltr'><strong>mulier</strong></span> 
     </span>
     <span class='ocr_line' id='line_1_27' title="bbox 68 3099 1206 3181; baseline 0 -19"><span class='ocrx_word' id='word_1_256' title='bbox 68 3102 182 3162; x_wconf 77' lang='lat' dir='ltr'><strong>Christi</strong></span> <span class='ocrx_word' id='word_1_257' title='bbox 205 3099 421 3162; x_wconf 82' lang='lat' dir='ltr'><strong>excellentiam:</strong></span> <span class='ocrx_word' id='word_1_258' title='bbox 441 3121 504 3161; x_wconf 89' lang='lat' dir='ltr'><strong>non</strong></span> <span class='ocrx_word' id='word_1_259' title='bbox 524 3101 602 3161; x_wconf 87' lang='lat' dir='ltr'><strong>enim</strong></span> <span class='ocrx_word' id='word_1_260' title='bbox 621 3101 744 3162; x_wconf 87' lang='lat' dir='ltr'><strong>lllariam</strong></span> <span class='ocrx_word' id='word_1_261' title='bbox 765 3103 906 3181; x_wconf 81' lang='lat' dir='ltr'><strong>respexit,</strong></span> <span class='ocrx_word' id='word_1_262' title='bbox 926 3121 1012 3180; x_wconf 87' lang='lat' dir='ltr'><strong>quam</strong></span> <span class='ocrx_word' id='word_1_263' title='bbox 1032 3102 1110 3162; x_wconf 85' lang='lat' dir='ltr'><strong>forte</strong></span> <span class='ocrx_word' id='word_1_264' title='bbox 1129 3124 1206 3162; x_wconf 89' lang='lat' dir='ltr'><strong>nun-</strong></span> 
     </span>
     <span class='ocr_line' id='line_1_28' title="bbox 66 3177 1207 3259; baseline 0.003 -22"><span class='ocrx_word' id='word_1_265' title='bbox 66 3201 156 3258; x_wconf 84' lang='lat' dir='ltr'><strong>quam</strong></span> <span class='ocrx_word' id='word_1_266' title='bbox 175 3177 302 3251; x_wconf 84' lang='lat' dir='ltr'><strong>viderat,</strong></span> <span class='ocrx_word' id='word_1_267' title='bbox 320 3179 373 3237; x_wconf 90' lang='lat' dir='ltr'><strong>sed</strong></span> <span class='ocrx_word' id='word_1_268' title='bbox 393 3177 450 3236; x_wconf 93' lang='lat' dir='ltr'><strong>hoc</strong></span> <span class='ocrx_word' id='word_1_269' title='bbox 469 3199 531 3238; x_wconf 88' lang='lat' dir='ltr'><strong>non</strong></span> <span class='ocrx_word' id='word_1_270' title='bbox 552 3199 653 3258; x_wconf 87' lang='lat' dir='ltr'><strong>parum</strong></span> <span class='ocrx_word' id='word_1_271' title='bbox 673 3179 832 3259; x_wconf 86' lang='lat' dir='ltr'><strong>amplificat</strong></span> <span class='ocrx_word' id='word_1_272' title='bbox 844 3177 954 3240; x_wconf 89' lang='lat' dir='ltr'><strong>Christi</strong></span> <span class='ocrx_word' id='word_1_273' title='bbox 991 3178 1105 3253; x_wconf 87' lang='lat' dir='ltr'><strong>loriam,</strong></span> <span class='ocrx_word' id='word_1_274' title='bbox 1125 3181 1207 3259; x_wconf 92' lang='lat' dir='ltr'><strong>quod</strong></span> 
     </span>
     <span class='ocr_line' id='line_1_29' title="bbox 66 3199 1203 3390; baseline 0.002 -76"><span class='ocrx_word' id='word_1_275' title='bbox 66 3269 196 3328; x_wconf 87' lang='lat' dir='ltr'><strong>uterum,</strong></span> <span class='ocrx_word' id='word_1_276' title='bbox 216 3254 246 3312; x_wconf 88' lang='lat' dir='ltr'><strong>in</strong></span> <span class='ocrx_word' id='word_1_277' title='bbox 267 3275 327 3390; x_wconf 60' lang='lat' dir='ltr'><strong>‹puo</strong></span> <span class='ocrx_word' id='word_1_278' title='bbox 347 3265 476 3335; x_wconf 81' lang='lat' dir='ltr'><strong>gestatus</strong></span> <span class='ocrx_word' id='word_1_279' title='bbox 496 3265 550 3330; x_wconf 88' lang='lat' dir='ltr'><strong>est,</strong></span> <span class='ocrx_word' id='word_1_280' title='bbox 570 3254 710 3314; x_wconf 87' lang='lat' dir='ltr'><strong>nobilitet</strong></span> <span class='ocrx_word' id='word_1_281' title='bbox 729 3277 762 3316; x_wconf 87' lang='lat' dir='ltr'><strong>ac</strong></span> <span class='ocrx_word' id='word_1_282' title='bbox 782 3255 900 3315; x_wconf 89' lang='lat' dir='ltr'><strong>beatum</strong></span> <span class='ocrx_word' id='word_1_283' title='bbox 913 3199 1025 3316; x_wconf 73' lang='lat' dir='ltr'><strong>reddat</strong></span> <span class='ocrx_word' id='word_1_284' title='bbox 1054 3257 1203 3316; x_wconf 84' lang='lat' dir='ltr'><strong>Necvero</strong></span> 
     </span>
     <span class='ocr_line' id='line_1_30' title="bbox 65 3331 1204 3409; baseline 0.002 -19"><span class='ocrx_word' id='word_1_285' title='bbox 65 3331 210 3404; x_wconf 81' lang='lat' dir='ltr'><strong>absurde,</strong></span> <span class='ocrx_word' id='word_1_286' title='bbox 238 3351 270 3389; x_wconf 89' lang='lat' dir='ltr'><strong>se</strong></span> <span class='ocrx_word' id='word_1_287' title='bbox 311 3351 344 3388; x_wconf 83' lang='lat' dir='ltr'><strong>ex</strong></span> <span class='ocrx_word' id='word_1_288' title='bbox 365 3331 536 3409; x_wconf 78' lang='lat' dir='ltr'><strong>Scripturas</strong></span> <span class='ocrx_word' id='word_1_289' title='bbox 556 3351 640 3390; x_wconf 89' lang='lat' dir='ltr'><strong>more</strong></span> <span class='ocrx_word' id='word_1_290' title='bbox 661 3333 827 3392; x_wconf 86' lang='lat' dir='ltr'><strong>celebratur</strong></span> <span class='ocrx_word' id='word_1_291' title='bbox 846 3333 918 3392; x_wconf 87' lang='lat' dir='ltr'><strong>haec</strong></span> <span class='ocrx_word' id='word_1_292' title='bbox 937 3331 997 3392; x_wconf 86' lang='lat' dir='ltr'><strong>Dei</strong></span> <span class='ocrx_word' id='word_1_293' title='bbox 1017 3331 1204 3392; x_wconf 86' lang='lat' dir='ltr'><strong>benedictio:</strong></span> 
     </span>
     <span class='ocr_line' id='line_1_31' title="bbox 65 3405 1206 3489; baseline 0.003 -23"><span class='ocrx_word' id='word_1_294' title='bbox 65 3409 174 3468; x_wconf 87' lang='lat' dir='ltr'><strong>scimus</strong></span> <span class='ocrx_word' id='word_1_295' title='bbox 189 3407 266 3466; x_wconf 88' lang='lat' dir='ltr'><strong>enim</strong></span> <span class='ocrx_word' id='word_1_296' title='bbox 279 3405 426 3480; x_wconf 86' lang='lat' dir='ltr'><strong>sobolem,</strong></span> <span class='ocrx_word' id='word_1_297' title='bbox 442 3408 613 3486; x_wconf 87' lang='lat' dir='ltr'><strong>praesertim</strong></span> <span class='ocrx_word' id='word_1_298' title='bbox 627 3409 736 3468; x_wconf 81' lang='lat' dir='ltr'><strong>eximiis</strong></span> <span class='ocrx_word' id='word_1_299' title='bbox 748 3409 904 3468; x_wconf 87' lang='lat' dir='ltr'><strong>virtutibus</strong></span> <span class='ocrx_word' id='word_1_300' title='bbox 915 3420 1058 3482; x_wconf 88' lang='lat' dir='ltr'><strong>ornatam,</strong></span> <span class='ocrx_word' id='word_1_301' title='bbox 1067 3421 1206 3489; x_wconf 88' lang='lat' dir='ltr'><strong>tanquam</strong></span> 
     </span>
     <span class='ocr_line' id='line_1_32' title="bbox 66 3483 1282 3568; baseline 0 -24"><span class='ocrx_word' id='word_1_302' title='bbox 66 3483 129 3544; x_wconf 90' lang='lat' dir='ltr'><strong>Dei</strong></span> <span class='ocrx_word' id='word_1_303' title='bbox 151 3483 298 3566; x_wconf 80' lang='lat' dir='ltr'><strong>singulare</strong></span> <span class='ocrx_word' id='word_1_304' title='bbox 319 3483 430 3543; x_wconf 91' lang='lat' dir='ltr'><strong>donum</strong></span> <span class='ocrx_word' id='word_1_305' title='bbox 450 3483 510 3542; x_wconf 88' lang='lat' dir='ltr'><strong>aliis</strong></span> <span class='ocrx_word' id='word_1_306' title='bbox 531 3483 668 3544; x_wconf 91' lang='lat' dir='ltr'><strong>omnihus</strong></span> <span class='ocrx_word' id='word_1_307' title='bbox 689 3486 841 3565; x_wconf 77' lang='lat' dir='ltr'><strong>praeferri.</strong></span> <span class='ocrx_word' id='word_1_308' title='bbox 867 3487 973 3566; x_wconf 87' lang='lat' dir='ltr'><strong>Neque</strong></span> <span class='ocrx_word' id='word_1_309' title='bbox 995 3486 1082 3546; x_wconf 85' lang='lat' dir='ltr'><strong>etiam</strong></span> <span class='ocrx_word' id='word_1_310' title='bbox 1101 3485 1205 3568; x_wconf 84' lang='lat' dir='ltr'><strong>negari</strong></span> <span class='ocrx_word' id='word_1_311' title='bbox 1276 3531 1282 3554; x_wconf 80' lang='lat'><strong>,</strong></span> 
     </span>
     <span class='ocr_line' id='line_1_33' title="bbox 65 3559 1204 3644; baseline 0 -24"><span class='ocrx_word' id='word_1_312' title='bbox 65 3571 186 3642; x_wconf 89' lang='lat' dir='ltr'><strong>potest,</strong></span> <span class='ocrx_word' id='word_1_313' title='bbox 217 3561 288 3640; x_wconf 91' lang='lat' dir='ltr'><strong>quin</strong></span> <span class='ocrx_word' id='word_1_314' title='bbox 314 3559 395 3619; x_wconf 88' lang='lat' dir='ltr'><strong>Deus</strong></span> <span class='ocrx_word' id='word_1_315' title='bbox 414 3559 537 3620; x_wconf 85' lang='lat' dir='ltr'><strong>blaciam</strong></span> <span class='ocrx_word' id='word_1_316' title='bbox 556 3559 633 3620; x_wconf 83' lang='lat' dir='ltr'><strong>Filio</strong></span> <span class='ocrx_word' id='word_1_317' title='bbox 653 3583 707 3622; x_wconf 91' lang='lat' dir='ltr'><strong>suo</strong></span> <span class='ocrx_word' id='word_1_318' title='bbox 727 3574 849 3622; x_wconf 86' lang='lat' dir='ltr'><strong>matrem</strong></span> <span class='ocrx_word' id='word_1_319' title='bbox 870 3563 982 3644; x_wconf 86' lang='lat' dir='ltr'><strong>eligens</strong></span> <span class='ocrx_word' id='word_1_320' title='bbox 1002 3585 1036 3622; x_wconf 87' lang='lat' dir='ltr'><strong>ac</strong></span> <span class='ocrx_word' id='word_1_321' title='bbox 1056 3562 1204 3622; x_wconf 88' lang='lat' dir='ltr'><strong>destinans</strong></span> 
     </span>
     <span class='ocr_line' id='line_1_34' title="bbox 63 3636 1294 3720; baseline -0.002 -23"><span class='ocrx_word' id='word_1_322' title='bbox 63 3657 266 3698; x_wconf 79' lang='lat' dir='ltr'><strong>summosam</strong></span> <span class='ocrx_word' id='word_1_323' title='bbox 292 3637 407 3696; x_wconf 91' lang='lat' dir='ltr'><strong>honore</strong></span> <span class='ocrx_word' id='word_1_324' title='bbox 434 3637 569 3716; x_wconf 84' lang='lat' dir='ltr'><strong>dignatus</strong></span> <span class='ocrx_word' id='word_1_325' title='bbox 594 3636 641 3696; x_wconf 79' lang='lat' dir='ltr'><strong>sit</strong></span> <span class='ocrx_word' id='word_1_326' title='bbox 681 3638 792 3698; x_wconf 84' lang='lat' dir='ltr'><strong>Christi</strong></span> <span class='ocrx_word' id='word_1_327' title='bbox 816 3650 915 3699; x_wconf 90' lang='lat' dir='ltr'><strong>tamen</strong></span> <span class='ocrx_word' id='word_1_328' title='bbox 934 3659 1108 3719; x_wconf 86' lang='lat' dir='ltr'><strong>responsum</strong></span> <span class='ocrx_word' id='word_1_329' title='bbox 1128 3637 1204 3696; x_wconf 87' lang='lat' dir='ltr'><strong>adco</strong></span> <span class='ocrx_word' id='word_1_330' title='bbox 1284 3693 1294 3720; x_wconf 66' lang='lat' dir='ltr'><strong>s</strong></span> 
     </span>
     <span class='ocr_line' id='line_1_35' title="bbox 63 3711 1204 3805; baseline -0.005 -27"><span class='ocrx_word' id='word_1_331' title='bbox 63 3715 133 3778; x_wconf 87' lang='lat' dir='ltr'><strong>voci</strong></span> <span class='ocrx_word' id='word_1_332' title='bbox 151 3711 343 3776; x_wconf 75' lang='lat' dir='ltr'><strong>mulierculae</strong></span> <span class='ocrx_word' id='word_1_333' title='bbox 362 3732 425 3772; x_wconf 92' lang='lat' dir='ltr'><strong>non</strong></span> <span class='ocrx_word' id='word_1_334' title='bbox 445 3713 619 3787; x_wconf 84' lang='lat' dir='ltr'><strong>subscribit,</strong></span> <span class='ocrx_word' id='word_1_335' title='bbox 646 3727 678 3773; x_wconf 88' lang='lat' dir='ltr'><strong>ut</strong></span> <span class='ocrx_word' id='word_1_336' title='bbox 694 3715 796 3805; x_wconf 89' lang='lat' dir='ltr'><strong>potius</strong></span> <span class='ocrx_word' id='word_1_337' title='bbox 815 3717 967 3776; x_wconf 77' lang='lat' dir='ltr'><strong>confineat</strong></span> <span class='ocrx_word' id='word_1_338' title='bbox 987 3713 1137 3804; x_wconf 67' lang='lat' dir='ltr'><strong>obliquam</strong></span> <span class='ocrx_word' id='word_1_339' title='bbox 1156 3733 1204 3772; x_wconf 90' lang='lat' dir='ltr'><strong>re-</strong></span> 
     </span>
     <span class='ocr_line' id='line_1_36' title="bbox 67 3787 1204 3870; baseline -0.002 -20"><span class='ocrx_word' id='word_1_340' title='bbox 67 3791 309 3870; x_wconf 88' lang='lat' dir='ltr'><strong>prehensionem,</strong></span> <span class='ocrx_word' id='word_1_341' title='bbox 330 3789 406 3864; x_wconf 88' lang='lat' dir='ltr'><strong>lrno,</strong></span> <span class='ocrx_word' id='word_1_342' title='bbox 426 3790 532 3868; x_wconf 88' lang='lat' dir='ltr'><strong>inquit,</strong></span> <span class='ocrx_word' id='word_1_343' title='bbox 552 3787 631 3850; x_wconf 90' lang='lat' dir='ltr'><strong>beati</strong></span> <span class='ocrx_word' id='word_1_344' title='bbox 652 3811 702 3869; x_wconf 87' lang='lat' dir='ltr'><strong>qur</strong></span> <span class='ocrx_word' id='word_1_345' title='bbox 722 3791 845 3852; x_wconf 87' lang='lat' dir='ltr'><strong>audiunt</strong></span> <span class='ocrx_word' id='word_1_346' title='bbox 862 3791 983 3852; x_wconf 88' lang='lat' dir='ltr'><strong>verbum</strong></span> <span class='ocrx_word' id='word_1_347' title='bbox 1002 3791 1071 3848; x_wconf 85' lang='lat' dir='ltr'><strong>Der.</strong></span> <span class='ocrx_word' id='word_1_348' title='bbox 1109 3789 1204 3848; x_wconf 86' lang='lat' dir='ltr'><strong>Vide-</strong></span> 
     </span>
     <span class='ocr_line' id='line_1_37' title="bbox 65 3865 1204 3948; baseline 0 -22"><span class='ocrx_word' id='word_1_349' title='bbox 65 3889 129 3928; x_wconf 87' lang='lat' dir='ltr'><strong>mus</strong></span> <span class='ocrx_word' id='word_1_350' title='bbox 149 3879 184 3926; x_wconf 88' lang='lat' dir='ltr'><strong>nt</strong></span> <span class='ocrx_word' id='word_1_351' title='bbox 204 3866 267 3926; x_wconf 83' lang='lat' dir='ltr'><strong>iere</strong></span> <span class='ocrx_word' id='word_1_352' title='bbox 287 3887 343 3945; x_wconf 92' lang='lat' dir='ltr'><strong>pro</strong></span> <span class='ocrx_word' id='word_1_353' title='bbox 363 3866 459 3926; x_wconf 91' lang='lat' dir='ltr'><strong>nihilo</strong></span> <span class='ocrx_word' id='word_1_354' title='bbox 479 3865 566 3925; x_wconf 88' lang='lat' dir='ltr'><strong>ducat</strong></span> <span class='ocrx_word' id='word_1_355' title='bbox 578 3865 722 3942; x_wconf 88' lang='lat' dir='ltr'><strong>Christus,</strong></span> <span class='ocrx_word' id='word_1_356' title='bbox 742 3869 822 3946; x_wconf 88' lang='lat' dir='ltr'><strong>quod</strong></span> <span class='ocrx_word' id='word_1_357' title='bbox 836 3889 926 3948; x_wconf 85' lang='lat' dir='ltr'><strong>unum</strong></span> <span class='ocrx_word' id='word_1_358' title='bbox 939 3865 1080 3927; x_wconf 83' lang='lat' dir='ltr'><strong>extulerat</strong></span> <span class='ocrx_word' id='word_1_359' title='bbox 1089 3865 1204 3926; x_wconf 89' lang='lat' dir='ltr'><strong>mulier.</strong></span> 
     </span>
     <span class='ocr_line' id='line_1_38' title="bbox 65 3942 1204 4023; baseline 0.002 -21"><span class='ocrx_word' id='word_1_360' title='bbox 65 3945 106 4002; x_wconf 82' lang='lat' dir='ltr'><strong>Et</strong></span> <span class='ocrx_word' id='word_1_361' title='bbox 125 3955 208 4004; x_wconf 88' lang='lat' dir='ltr'><strong>certe</strong></span> <span class='ocrx_word' id='word_1_362' title='bbox 229 3945 309 4021; x_wconf 91' lang='lat' dir='ltr'><strong>quod</strong></span> <span class='ocrx_word' id='word_1_363' title='bbox 329 3942 520 4022; x_wconf 87' lang='lat' dir='ltr'><strong>praecipuum</strong></span> <span class='ocrx_word' id='word_1_364' title='bbox 538 3943 649 4004; x_wconf 83' lang='lat' dir='ltr'><strong>Mariae</strong></span> <span class='ocrx_word' id='word_1_365' title='bbox 669 3945 791 4023; x_wconf 85' lang='lat' dir='ltr'><strong>putabat</strong></span> <span class='ocrx_word' id='word_1_366' title='bbox 811 3965 873 4005; x_wconf 88' lang='lat' dir='ltr'><strong>esse</strong></span> <span class='ocrx_word' id='word_1_367' title='bbox 893 3946 998 4018; x_wconf 77' lang='lat' dir='ltr'><strong>decus,</strong></span> <span class='ocrx_word' id='word_1_368' title='bbox 1021 3942 1084 4002; x_wconf 92' lang='lat' dir='ltr'><strong>aliis</strong></span> <span class='ocrx_word' id='word_1_369' title='bbox 1102 3943 1204 4023; x_wconf 80' lang='lat' dir='ltr'><strong>gratiis</strong></span> 
     </span>
     <span class='ocr_line' id='line_1_39' title="bbox 63 4019 1204 4112; baseline 0 -32"><span class='ocrx_word' id='word_1_370' title='bbox 63 4021 157 4112; x_wconf 73' lang='lat' dir='ltr'><strong>longe</strong></span> <span class='ocrx_word' id='word_1_371' title='bbox 178 4019 303 4079; x_wconf 80' lang='lat' dir='ltr'><strong>inferius</strong></span> <span class='ocrx_word' id='word_1_372' title='bbox 323 4033 398 4080; x_wconf 74' lang='lat' dir='ltr'><strong>erate</strong></span> <span class='ocrx_word' id='word_1_373' title='bbox 419 4019 537 4078; x_wconf 87' lang='lat' dir='ltr'><strong>maioris</strong></span> <span class='ocrx_word' id='word_1_374' title='bbox 558 4020 636 4078; x_wconf 92' lang='lat' dir='ltr'><strong>enim</strong></span> <span class='ocrx_word' id='word_1_375' title='bbox 656 4021 851 4099; x_wconf 85' lang='lat' dir='ltr'><strong>praestantiae</strong></span> <span class='ocrx_word' id='word_1_376' title='bbox 872 4021 936 4095; x_wconf 78' lang='lat' dir='ltr'><strong>suit,</strong></span> <span class='ocrx_word' id='word_1_377' title='bbox 956 4019 1118 4100; x_wconf 86' lang='lat' dir='ltr'><strong>regenitam</strong></span> <span class='ocrx_word' id='word_1_378' title='bbox 1141 4039 1204 4080; x_wconf 89' lang='lat' dir='ltr'><strong>esse</strong></span> 
     </span>
     <span class='ocr_line' id='line_1_40' title="bbox 65 4093 1203 4187; baseline -0.003 -29"><span class='ocrx_word' id='word_1_379' title='bbox 65 4097 179 4158; x_wconf 79' lang='lat' dir='ltr'><strong>Christi</strong></span> <span class='ocrx_word' id='word_1_380' title='bbox 205 4093 320 4176; x_wconf 82' lang='lat' dir='ltr'><strong>Spiritu</strong></span> <span class='ocrx_word' id='word_1_381' title='bbox 348 4117 434 4187; x_wconf 79' lang='lat' dir='ltr'><strong>quam</strong></span> <span class='ocrx_word' id='word_1_382' title='bbox 462 4093 571 4154; x_wconf 88' lang='lat' dir='ltr'><strong>Christi</strong></span> <span class='ocrx_word' id='word_1_383' title='bbox 592 4117 708 4156; x_wconf 74' lang='lat' dir='ltr'><strong>caricem</strong></span> <span class='ocrx_word' id='word_1_384' title='bbox 730 4110 815 4157; x_wconf 89' lang='lat' dir='ltr'><strong>utero</strong></span> <span class='ocrx_word' id='word_1_385' title='bbox 835 4119 888 4157; x_wconf 91' lang='lat' dir='ltr'><strong>suo</strong></span> <span class='ocrx_word' id='word_1_386' title='bbox 909 4098 1083 4174; x_wconf 87' lang='lat' dir='ltr'><strong>concipere,</strong></span> <span class='ocrx_word' id='word_1_387' title='bbox 1115 4095 1203 4158; x_wconf 89' lang='lat' dir='ltr'><strong>Chri-</strong></span> 
     </span>
     <span class='ocr_line' id='line_1_41' title="bbox 62 4172 1215 4254; baseline 0.002 -20"><span class='ocrx_word' id='word_1_388' title='bbox 62 4185 141 4234; x_wconf 87' lang='lat' dir='ltr'><strong>stum</strong></span> <span class='ocrx_word' id='word_1_389' title='bbox 178 4172 289 4234; x_wconf 88' lang='lat' dir='ltr'><strong>hahere</strong></span> <span class='ocrx_word' id='word_1_390' title='bbox 325 4173 517 4254; x_wconf 79' lang='lat' dir='ltr'><strong>spiritualiter</strong></span> <span class='ocrx_word' id='word_1_391' title='bbox 547 4174 577 4231; x_wconf 93' lang='lat' dir='ltr'><strong>in</strong></span> <span class='ocrx_word' id='word_1_392' title='bbox 608 4193 639 4232; x_wconf 88' lang='lat' dir='ltr'><strong>se</strong></span> <span class='ocrx_word' id='word_1_393' title='bbox 671 4174 818 4234; x_wconf 83' lang='lat' dir='ltr'><strong>viventem</strong></span> <span class='ocrx_word' id='word_1_394' title='bbox 849 4195 934 4254; x_wconf 89' lang='lat' dir='ltr'><strong>quam</strong></span> <span class='ocrx_word' id='word_1_395' title='bbox 964 4193 1031 4233; x_wconf 87' lang='lat' dir='ltr'><strong>eum</strong></span> <span class='ocrx_word' id='word_1_396' title='bbox 1063 4173 1215 4238; x_wconf 74' lang='lat' dir='ltr'><strong>uberibus</strong></span> 
     </span>
     <span class='ocr_line' id='line_1_42' title="bbox 63 4249 1275 4332; baseline 0.002 -24"><span class='ocrx_word' id='word_1_397' title='bbox 63 4249 184 4310; x_wconf 87' lang='lat' dir='ltr'><strong>lactare.</strong></span> <span class='ocrx_word' id='word_1_398' title='bbox 234 4251 372 4331; x_wconf 85' lang='lat' dir='ltr'><strong>Denique</strong></span> <span class='ocrx_word' id='word_1_399' title='bbox 399 4271 510 4310; x_wconf 86' lang='lat' dir='ltr'><strong>summa</strong></span> <span class='ocrx_word' id='word_1_400' title='bbox 538 4251 654 4310; x_wconf 82' lang='lat' dir='ltr'><strong>sanciae</strong></span> <span class='ocrx_word' id='word_1_401' title='bbox 674 4251 794 4331; x_wconf 84' lang='lat' dir='ltr'><strong>virginis</strong></span> <span class='ocrx_word' id='word_1_402' title='bbox 815 4261 845 4310; x_wconf 89' lang='lat' dir='ltr'><strong>et</strong></span> <span class='ocrx_word' id='word_1_403' title='bbox 864 4249 987 4310; x_wconf 76' lang='lat' dir='ltr'><strong>solicitas</strong></span> <span class='ocrx_word' id='word_1_404' title='bbox 1007 4261 1038 4309; x_wconf 90' lang='lat' dir='ltr'><strong>et</strong></span> <span class='ocrx_word' id='word_1_405' title='bbox 1056 4249 1152 4332; x_wconf 84' lang='lat' dir='ltr'><strong>gloria</strong></span> <span class='ocrx_word' id='word_1_406' title='bbox 1173 4252 1203 4310; x_wconf 91' lang='lat' dir='ltr'><strong>in</strong></span> <span class='ocrx_word' id='word_1_407' title='bbox 1272 4309 1275 4317; x_wconf 74' lang='grc'><strong>,</strong></span> 
     </span>
     <span class='ocr_line' id='line_1_43' title="bbox 62 4325 1204 4402; baseline 0.001 -16"><span class='ocrx_word' id='word_1_408' title='bbox 62 4347 101 4386; x_wconf 90' lang='lat' dir='ltr'><strong>eo</strong></span> <span class='ocrx_word' id='word_1_409' title='bbox 123 4327 177 4388; x_wconf 86' lang='lat' dir='ltr'><strong>sita</strong></span> <span class='ocrx_word' id='word_1_410' title='bbox 198 4325 271 4401; x_wconf 85' lang='lat' dir='ltr'><strong>suit,</strong></span> <span class='ocrx_word' id='word_1_411' title='bbox 296 4326 460 4396; x_wconf 85' lang='lat' dir='ltr'><strong>membrum</strong></span> <span class='ocrx_word' id='word_1_412' title='bbox 480 4325 549 4386; x_wconf 87' lang='lat' dir='ltr'><strong>Filii</strong></span> <span class='ocrx_word' id='word_1_413' title='bbox 568 4325 612 4384; x_wconf 90' lang='lat' dir='ltr'><strong>sui</strong></span> <span class='ocrx_word' id='word_1_414' title='bbox 632 4347 708 4402; x_wconf 88' lang='lat' dir='ltr'><strong>esse,</strong></span> <span class='ocrx_word' id='word_1_415' title='bbox 728 4339 761 4386; x_wconf 88' lang='lat' dir='ltr'><strong>ut</strong></span> <span class='ocrx_word' id='word_1_416' title='bbox 780 4347 843 4388; x_wconf 86' lang='lat' dir='ltr'><strong>eam</strong></span> <span class='ocrx_word' id='word_1_417' title='bbox 864 4327 998 4388; x_wconf 89' lang='lat' dir='ltr'><strong>coelestis</strong></span> <span class='ocrx_word' id='word_1_418' title='bbox 1017 4327 1107 4388; x_wconf 88' lang='lat' dir='ltr'><strong>Pater</strong></span> <span class='ocrx_word' id='word_1_419' title='bbox 1126 4327 1204 4387; x_wconf 88' lang='lat' dir='ltr'><strong>inter</strong></span> 
     </span>
     <span class='ocr_line' id='line_1_44' title="bbox 62 4403 1203 4486; baseline 0 -24"><span class='ocrx_word' id='word_1_420' title='bbox 62 4425 157 4466; x_wconf 86' lang='lat' dir='ltr'><strong>novas</strong></span> <span class='ocrx_word' id='word_1_421' title='bbox 183 4415 330 4466; x_wconf 85' lang='lat' dir='ltr'><strong>creaturas</strong></span> <span class='ocrx_word' id='word_1_422' title='bbox 356 4415 499 4468; x_wconf 81' lang='lat' dir='ltr'><strong>censeret</strong></span> <span class='ocrx_word' id='word_1_423' title='bbox 542 4405 611 4486; x_wconf 81' lang='lat' dir='ltr'><strong>Ego</strong></span> <span class='ocrx_word' id='word_1_424' title='bbox 637 4413 734 4465; x_wconf 85' lang='lat' dir='ltr'><strong>tamen</strong></span> <span class='ocrx_word' id='word_1_425' title='bbox 760 4403 816 4466; x_wconf 88' lang='lat' dir='ltr'><strong>alia</strong></span> <span class='ocrx_word' id='word_1_426' title='bbox 842 4405 879 4466; x_wconf 89' lang='lat' dir='ltr'><strong>de</strong></span> <span class='ocrx_word' id='word_1_427' title='bbox 904 4424 989 4468; x_wconf 83' lang='lat' dir='ltr'><strong>causa</strong></span> <span class='ocrx_word' id='word_1_428' title='bbox 1014 4403 1122 4467; x_wconf 88' lang='lat' dir='ltr'><strong>etalio</strong></span> <span class='ocrx_word' id='word_1_429' title='bbox 1143 4405 1203 4463; x_wconf 85' lang='lat' dir='ltr'><strong>fine</strong></span> 
     </span>
    </p>
   </div>
   <div class='ocr_carea' id='block_1_8' title="bbox 0 0 1412 4846">
    <p class='ocr_par' dir='ltr' id='par_1_8' title="bbox 0 0 1412 4846">
     <span class='ocr_line' id='line_1_45' title="bbox 0 0 1412 4846; baseline 0 1"><span class='ocrx_word' id='word_1_430' title='bbox 0 0 1412 4846; x_wconf 95' lang='lat' dir='ltr'><strong> </strong></span> 
     </span>
    </p>
   </div>
  </div>
 </body>
</html>
