2766 4840
10 565 11 610 l
92 559 97 594 l

150 237 214 303 3⁰8
381 228 498 294 SECT.
517 231 598 292 xlx.
638 243 907 292 cnarsrr-rassro
928 243 971 290 ar
990 243 1090 290 arom.

234 391 283 452 22.
324 383 486 460 Coeperunt
502 383 611 460 staffili
628 381 733 446 diem
772 385 843 445 Non
867 393 941 462 puto
968 394 1014 442 tre
1037 382 1132 444 idasse
1151 381 1323 464 discipulos,

157 475 191 524 ut
209 474 290 522 metu
309 461 436 548 perculsi
455 460 554 520 solent
573 459 654 522 nulla
674 479 758 522 causa
778 481 809 522 se
828 401 1035 541 angereased
1047 480 1138 539 quum
1157 459 1254 522 scetus
1275 482 1322 520 er-

157 539 309 614 horreant,
329 537 452 618 cupiunt
470 536 507 596 ah
528 537 589 597 eius
608 537 774 618 suspicione
794 535 924 618 purgari.
963 535 1031 597 Hoc
1066 536 1165 596 uidem
1183 556 1321 597 reveren-

158 617 220 676 tiae
229 615 354 706 ,signum
376 625 430 689 est,
445 615 531 750 pund
551 613 671 749 ohlipue
691 612 921 751 perstrictidpon
939 624 1128 748 stomamopte
1140 625 1323 768 (respcppspnt

489 711 561 752 eum
584 712 610 750 sr
632 713 643 750 ι
669 711 790 770 qunque
809 711 840 748 ιιι
862 709 936 749 reem
962 710 1035 750 cous
1072 711 1101 748 ιιι
1157 711 1222 749 srcu
1285 711 1319 748 oc

157 703 301 775 magistro
321 711 392 762 suo,
418 711 449 752 se

158 769 316 851 praecipue
332 766 628 858 nohis-quaerendum
641 779 695 842 est,
715 779 748 826 ut
766 766 817 826 ille
837 785 891 826 suo
911 786 965 825 ore
985 783 1040 826 nos
1060 765 1224 842 absolvat),
1244 765 1319 825 hona

157 859 257 905 tamen
281 843 461 903 conscientia
486 841 554 903 heti
579 842 674 903 libere
698 836 800 903 testari
819 842 939 917 volunt,
964 854 1051 921 qtram
1076 843 1183 921 procul
1212 843 1321 902 remoti

157 923 218 981 sint
236 941 252 980 a
271 931 355 980 tante
372 921 495 980 scelere.
527 917 668 980 Christus
687 931 784 980 autem
803 939 857 979 suo
877 938 1021 997 responso
1034 939 1134 998 neque
1150 919 1320 998 scrupulum

21 1049 26 1058 .
154 998 217 1058 illis
239 997 352 1072 eximit,
369 1017 475 1088 neque
495 996 630 1076 designat
648 996 740 1056 Iudae
759 1015 934 1076 personam,
959 996 1011 1056 sed
1030 1007 1145 1055 tantum
1166 995 1321 1056 confirmat

157 1074 239 1225 {uod
258 1093 355 1153 nuper
380 1074 465 1148 diust,
489 1095 579 1132 unum
605 1093 640 1132 ex
664 1071 855 1133 familiaribus
880 1069 1011 1132 convivis
1036 1093 1100 1132 esse
1125 1071 1320 1154 proditorem.

191 1170 336 1229 uanquam
357 1162 453 1210 autem
475 1151 578 1210 durum
598 1149 654 1208 illis
675 1149 740 1224 luit,
759 1170 806 1210 sus
829 1163 915 1208 cusos
935 1160 966 1208 et
982 1149 1139 1229 perplexos
1154 1149 1188 1208 ad
1200 1159 1319 1228 tempus

154 1225 302 1308 relinqui,
324 1237 359 1286 ut
378 1247 409 1286 se
429 1237 602 1287 exercerent
618 1226 651 1285 in
669 1237 795 1306 reputan
816 1247 833 1286 a
851 1223 969 1286 sceleris
987 1226 1142 1286 atrocitate
1181 1223 1237 1285 alia
1263 1227 1316 1284 de-

156 1304 228 1363 iude
247 1315 370 1381 sequuta
390 1313 435 1362 est
453 1302 572 1378 utilitas,
593 1323 681 1383 quum
701 1312 899 1381 agnoscerent
918 1301 1070 1380 impletum
1090 1268 1198 1360 Psalmi
1215 1303 1320 1362 uatici-

157 1381 239 1439 nium
265 1383 333 1456 (41,
358 1381 436 1458 10.):
464 1379 514 1460 qui
538 1400 653 1440 mecum
673 1377 773 1438 dulces
792 1377 930 1468 capiebat
950 1377 1049 1454 cibos,
1074 1377 1155 1438 calce
1175 1398 1223 1438 me
1244 1379 1323 1458 peti-

106 1513 111 1520 .
155 1457 208 1516 vit.
245 1455 391 1516 adhaec
416 1456 469 1516 sub
499 1455 592 1540 Iudae¹
615 1475 742 1536 persona
767 1454 914 1515 Dominus
935 1474 1006 1514 suos
1033 1453 1171 1514 omnihus
1196 1456 1320 1514 saeculis

151 1533 322 1592 uoluitesse
336 1533 513 1608 admonitos,
532 1552 570 1592 ne
590 1531 764 1612 frangantur
774 1529 830 1591 uel
842 1529 996 1592 'exanimes
1016 1529 1176 1591 concidant
1196 1543 1321 1610 propter

152 1610 336 1670 domesticos
365 1609 548 1690 proditores:
569 1609 647 1688 ·quia
678 1608 774 1678 idem,
792 1606 885 1698 ·quod
909 1607 979 1686 ipse
1009 1618 1145 1687 expertus
1177 1618 1241 1680 est,
1270 1609 1319 1686 qui

108 1708 111 1714 ·
154 1705 314 1750 commune
333 1699 378 1746 est
396 1685 546 1748 Ecclesiae
567 1695 672 1766 caput,
697 1684 786 1746 nohis
801 1705 862 1765 qur
887 1683 1019 1746 membra
1044 1705 1160 1760 sumus,
1184 1684 1318 1745 accidere

155 1783 174 1822 o
199 1773 287 1822 ortet.

175 1784 195 1844 Ρ
231 1845 277 1902 hl·
322 1837 421 1898 Fatus
443 1836 557 1918 puidam
579 1833 703 1898 dominis
726 1835 814 1898 natta
859 1837 917 1898 llic
939 1835 1079 1897 scandalo
1099 1836 1244 1918 Christus
1269 1857 1318 1898 oe-

154 1915 271 1994 purrit,
288 1913 370 1991 quod
393 1917 522 1996 grauiter
541 1913 603 1995 pias
621 1926 736 1974 mentes
757 1914 1048 1994 alioqui-concutere
1066 1924 1198 2004 poterat.
1239 1915 1318 1988 Quid

155 1989 234 2050 enini
254 1989 347 2080 magis
367 1991 542 2079 ahsurdurn,
568 2011 654 2075 quarn
673 1991 782 2051 Filium
802 1991 861 2051 Dei
876 1989 994 2126 perfide
1012 2010 1029 2050 a
1049 1987 1199 2070 discipulo
1216 1990 1316 2126 prodi-

153 2077 233 2140 tum,
255 2065 373 2126 lrbrdani
398 2067 525 2128 hostium
551 2067 676 2148 exponi,
698 2075 733 2125 ut
759 2067 795 2126 ad
821 2088 874 2146 pro
898 2087 994 2126 rosam
1013 2077 1142 2126 mortem
1168 2079 1214 2127 tra
1234 2065 1314 2125 atrrr?

151 2139 471 2204 Christus'autem'hoc
486 2155 583 2204 totum
598 2163 658 2203 non
668 2143 733 2203 'nisi
745 2144 804 2204 Dei
817 2142 1015 2204 arbitriovfieri
1025 2143 1214 2224 pronuntiat.
1248 2145 1312 2202 lloc

152 2240 247 2300 porro
258 2219 408 2280 decretum
421 2205 712 2301 prohaiScripturae
722 2219 910 2294 testimonio,
930 2219 1085 2300 quiaquod
1096 2231 1240 2280 statutum
1246 2231 1316 2292 erat,

152 2317 208 2376 per
230 2315 262 2356 os
283 2296 452 2378 Prophetae
472 2297 517 2378 sui
536 2297 608 2357 olim
628 2297 778 2377 patefecit
818 2297 968 2358 Tenemus
987 2317 1079 2370 nunc,
1098 2317 1243 2374 quorsum
1252 2315 1315 2376 spe-

154 2383 236 2432 ctent
258 2371 368 2433 Christi
387 2374 491 2434 verba:
514 2393 621 2454 nempe
641 2385 674 2434 ut
695 2372 838 2454 discipuli,
859 2373 985 2434 scientes
993 2372 1053 2432 Dei
1062 2373 1256 2453 providentia
1266 2383 1316 2454 gu-

151 2443 274 2508 hernari
299 2449 439 2530 quicquid
467 2451 578 2542 agitur,
601 2449 691 2510 uitam
706 2449 774 2510 eius
789 2449 837 2510 uel
851 2447 976 2510 mortim
995 2469 1062 2509 casu
1080 2447 1163 2510 uolui
1182 2471 1246 2510 uon
1266 2473 1317 2529 pu-

152 2535 228 2584 tent.
258 2523 425 2586 Caeterum
445 2526 530 2588 latrus
549 2537 632 2607 patet
649 2527 733 2586 huius
754 2527 907 2586 doctrinae
927 2525 1053 2610 utilitas3
1076 2523 1150 2605 quia
1174 2537 1249 2587 tunc
1268 2527 1317 2586 de-

153 2623 234 2660 mum
253 2603 310 2663 rite
330 2602 418 2664 nohis
436 2602 566 2664 sancitur
584 2603 688 2664 mortis
708 2601 818 2665 Christi
838 2602 966 2680 lructus,
991 2602 1043 2662 ubi
1062 2623 1127 2662 non
1147 2612 1265 2664 temere
1284 2601 1318 2662 ah

153 2675 322 2738 hominihus
347 2679 383 2738 ad
409 2701 525 2741 crucem
552 2679 706 2759 ahreptum
733 2699 796 2738 esse
816 2690 947 2753 constat,
970 2679 1021 2739 se'd
1041 2691 1166 2739 aeterno
1188 2679 1250 2740 Dei
1270 2679 1316 2739 de-

153 2767 237 2812 creto
258 2755 431 2815 sacrili'cium
451 2756 522 2815 illud
544 2755 631 2816 luisse
652 2755 818 2816 ordinatum
840 2756 881 2814 ad
901 2754 1043 2846 expianda
1062 2755 1167 2814 mundi
1189 2768 1317 2836 peccata.

151 2830 243 2890 Unde
263 2832 341 2892 enim
360 2831 689 2908 nobis.reconciliatio,
706 2831 769 2892 nisi
810 2831 856 2891 uia
877 2831 1010 2902 Christus
1025 2831 1151 2892 Patrem
1171 2853 1227 2894 sua
1247 2833 1318 2894 ohe-

153 2907 265 2966 dientia
295 2907 440 2988 placavit?
480 2909 581 2984 Quare
610 2929 729 2988 semper
757 2927 798 2988 po
822 2908 845 2967 is
872 2919 1009 2970 occurrat
1031 2906 1092 2968 Dei
1118 2908 1317 2988 providentia,

153 2981 201 3063 cui
220 2981 321 3043 Iudam
344 2983 449 3062 ipsum,
475 2997 505 3044 et
524 3003 626 3045 omnes
638 2983 752 3064 'impios
772 2983 858 3063 (licet
871 2985 1001 3058 invitos,
1028 2995 1058 3045 et
1077 2983 1159 3044 aliud
1181 2989 1317 3066 agentes)

152 3077 258 3138 parere
274 3077 398 3119 necesse
417 3059 481 3120 luit.
513 3061 647 3142 ‚Semper
665 3063 727 3122 hoc
744 3061 829 3121 hrum
848 3072 975 3134 maneat,
991 3059 1147 3122 Christum
1167 3060 1242 3122 idco
1255 3085 1316 3142 pas-

114 3183 118 3188 .
151 3155 215 3194 sum
242 3153 320 3209 esse,
345 3135 496 3214 quialtale
520 3135 590 3198 Rea
615 3136 726 3220 placuit
743 3138 923 3218 expiationis
941 3159 1052 3228 ,gersus
1091 3137 1194 3217 Negas
1220 3152 1315 3200 umen

153 3209 287 3270 Christus
306 3212 365 3272 hoc
385 3224 535 3293 praetextu
556 3215 670 3276 absolvi
689 3215 792 3274 Iudam
812 3237 828 3274 a
848 3215 944 3294 culpa,
966 3235 1034 3295 qura
1053 3213 1128 3274 nihil
1150 3216 1254 3305 egerit
1265 3217 1316 3276 uisi

152 3284 235 3377 quod
255 3288 391 3350 divinitus
410 3301 547 3350 statutum
568 3302 639 3354 erat
678 3293 754 3351 Nam
774 3292 830 3351 etsi
849 3292 931 3352 Deus
950 3303 1034 3352 recto
1053 3309 1107 3349 suo
1122 3289 1238 3352 iudicio
1251 3313 1315 3384 pre-

151 3373 225 3422 trum
244 3365 443 3446 redemptioni
462 3378 579 3428 nostrae
599 3367 699 3428 statuit
717 3367 786 3427 Filii
805 3368 848 3426 sui
866 3379 1005 3442 mortem,
1023 3367 1112 3428 Iudas
1124 3368 1317 3428 nihilominus

152 3439 302 3500 Christum
316 3441 483 3523 prodendo,
503 3445 569 3536 quia
611 3444 711 3504 erfidia
732 3455 762 3504 et
780 3444 900 3504 avaritia
920 3443 1024 3524 plenus
1045 3449 1130 3519 crat,'
1140 3443 1248 3506 iustam
1261 3445 1315 3504 sihi

151 3515 371 3580 damnationem
392 3521 546 3581 conflavrt.
586 3465 616 3580 l)
655 3505 666 3535 ⁴

619 3540 727 3600 eratque
753 3522 833 3599 quod
852 3521 934 3580 Deus
960 3521 1102 3580 mundum
1128 3522 1203 3581 rede
1253 3533 1311 3579 tum

149 3593 260 3668 voluit,
283 3593 347 3686 hoc·
366 3616 550 3687 pequaquaur
567 3597 685 3668 obstat,
705 3597 781 3676 quin
807 3597 892 3657 Iudas
918 3597 1075 3658 sceleratos
1100 3595 1144 3656 sit
1168 3618 1189 3676 p
1246 3597 1309 3654 tor.

132 3671 230 3742 ,Hinc
249 3691 454 3752 persprcrmus,
477 3673 609 3752 quamvis
633 3672 707 3735 nihil
733 3674 847 3753 possint
870 3673 1003 3734 homines
1028 3671 1084 3733 nisi
1112 3675 1196 3752 quod
1212 3673 1311 3735 statuit

142 3746 241 3822 rlleus,
260 3769 324 3808 uon
340 3761 440 3810 tamen
456 3749 527 3812 ideo
549 3769 565 3809 a
584 3761 669 3810 reatu
686 3750 817 3821 absolvi,
842 3749 910 3809 dum
935 3771 1025 3830 pravo
1052 3747 1166 3809 allecto
1187 3751 1222 3810 ad
1241 3771 1312 3829 pec-

148 3824 430 3917 candumleruntup.
468 3825 555 3917 Licet
573 3825 652 3886 enim
670 3827 753 3916 Deus
773 3825 899 3916 occulto¹
911 3825 998 3886 freno
1020 3845 1070 3886 eos
1088 3826 1123 3886 iu
1143 3825 1236 3917 linem
1256 3827 1313 3886 illis

147 3915 332 3986 ancogmtum
353 3903 475 3993 durgat,
494 3903 568 3962 nrhrl
587 3903 682 3962 minus
702 3903 758 3962 rllis
777 3924 833 3983 pro
855 3915 964 3964 osrtunr
984 3913 1043 3976 est,
1064 3923 1154 3992 quam
1177 3924 1242 3993 esus
1263 3904 1313 3962 de-

148 3981 235 4038 cretis
256 3981 390 4058 ohsequr.
429 3979 586 4071 Videntur·
596 3979 713 4059 quidem
739 3980 811 4041 hacc
832 3924 891 4040 duo
913 3979 1054 4070 humanae
1073 3989 1189 4038 ratium
1210 4001 1311 4060 parum

147 4067 357 4132 consentanea,
377 4056 458 4148 quod
468 4057 604 4117 Deussrc
619 4057 795 4118 moderetur
813 4076 864 4117 sua
884 4056 1140 4136 prouideutrasres
1162 4055 1313 4130 humanas,

146 4139 180 4191 ut
198 4129 273 4188 nihil
292 4133 343 4192 fiat
361 4133 417 4192 nasi
438 4153 471 4193 ex
491 4133 552 4193 eius
570 4132 724 4194 voluntate
741 4144 776 4194 et
795 4145 885 4208 nutu,
906 4144 940 4192 et
958 4143 1055 4222 tamen
1074 4131 1186 4210 perdat
1207 4153 1312 4211 repro-

146 4203 212 4278 hos,
237 4226 290 4283 per
310 4229 384 4298 quos
405 4221 577 4288 erseqoutus
597 4210 741 4290 estquod
761 4209 862 4270 voluit.
901 4208 962 4270 sed
982 4208 1129 4282 videmus,
1156 4209 1310 4288 quomodo

140 4280 281 4371 Christus
290 4283 340 4371 hac
350 4297 505 4366 utrumque
516 4286 667 4360 conciliet,
683 4285 886 4346 maledictioni
898 4284 1053 4346 subiiciens
1067 4285 1185 4360 ludam,
1206 4307 1307 4365 quam-

141 4375 188 4418 ιιι
209 4356 345 4420 drvmrtus
363 4360 421 4422 hoc
439 4370 580 4424 statutum
599 4377 689 4441 esset,
717 4363 798 4444 quod
820 4363 884 4444 ipse
908 4361 1133 4424 conuallem
1157 4363 1306 4426 machina-
