2790 4838
303 266 306 278 '
402 281 656 341 Arosroaonma
675 291 880 342 rusrrrurro.
1153 291 1214 382 2³9

71 455 181 500 rerem
217 455 237 500 o
272 432 416 521 pedibus
446 440 561 504 reatris
575 440 728 506 excutite
754 441 789 504 in
815 438 1032 505 testimonium
1060 438 1214 509 adversus

70 537 156 602 illos
620 545 624 566 ¹

148 651 257 710 blattb.
276 659 306 718 9.
344 653 393 712 Ne
410 634 590 730 comparetis}
620 638 700 730 Quia
719 653 778 716 tale
799 667 863 716 erat
880 655 1038 738 legationis
1058 677 1162 738 genus,
1181 668 1214 717 ut

72 728 237 808 discipulos
259 727 350 788 vellet
363 730 494 792 Christus
514 732 591 792 intra
611 753 720 814 pancos
741 733 803 792 dies
823 744 916 792 totam
927 733 1066 794 Iudaeam
1080 733 1213 809 lustrare,

71 817 101 864 et
121 805 222 866 statim
242 807 280 865 ad
300 827 333 866 se
353 809 477 881 reverti,
496 809 623 870 sarcinas
643 831 741 872 secum
759 822 877 908 gestare
897 822 992 885 vetat,
1012 813 1085 889 qirae
1106 810 1213 870 celeri-

72 893 163 940 tatem
188 882 268 942 hanc
292 896 457 944 morentur.
496 887 605 945 Inscite
625 907 697 945 vero
740 889 835 948 uldam
855 899 1012 966 putarunt,
1044 887 1137 946 Verbi
1157 888 1212 946 mi-

70 959 168 1018 nistris
195 958 245 1018 vel
271 961 426 1040 Apostolis
450 974 624 1041 perpetuam
649 963 696 1022 hic
718 907 818 1046 legem
844 963 999 1043 praecribi.
1043 964 1213 1026 Nonnullae

68 1036 239 1096 sententiae
260 1037 351 1116 paulo
372 1049 441 1118 post
458 1050 633 1129 sequentum·
648 1061 722 1117 quae
734 1039 850 1122 longius
862 1040 1052 1121 spectabunt:
1072 1042 1124 1102 sed
1139 1041 1213 1126 haep

69 1113 211 1177 mandata
239 1115 277 1174 de
298 1135 360 1176 non
380 1114 519 1174 tollendis
537 1115 768 1195 impedimentis,
798 1117 835 1177 ad
855 1119 1018 1199 temporele
1039 1118 1111 1178 illud
1132 1119 1213 1198 quod
1296 1187 1300 1198 ¹

70 1190 193 1248 diximus
221 1191 412 1271 praeconium
440 1191 578 1274 restringi
604 1206 716 1253 certum
743 1205 795 1253 est.
852 1193 950 1254 Porro
981 1216 1042 1254 uno
1073 1207 1214 1256 contextu

68 1265 199 1348 legenda
221 1280 267 1328 est
285 1278 349 1327 tota
370 1268 534 1348 probibitio
555 1273 592 1329 de
612 1289 695 1344 auro,
715 1281 850 1350 argento,
869 1291 939 1348 pera
960 1283 990 1330 et
1010 1271 1086 1330 binis
1096 1272 1213 1347 tunicis,

69 1364 146 1420 quae
167 1345 249 1423 apud
270 1345 451 1405 lllattbaenm
471 1345 611 1420 liabetur,
640 1346 724 1404 sicuti
746 1367 780 1404 ex
800 1346 863 1407 aliis
883 1345 997 1407 duobus
1017 1357 1112 1426 patet:
1143 1349 1213 1412 ideo

67 1431 187 1480 vertere
207 1421 315 1502 malni,
333 1443 370 1480 ne
388 1427 575 1498 comparens,
596 1423 663 1503 quia
683 1423 735 1482 sim
759 1421 855 1482 liciter
874 1435 974 1484 vetare
993 1423 1139 1482 Dominus
1157 1427 1213 1485 vo-

70 1496 204 1571 luit,'ne
227 1499 299 1578 quid
319 1499 350 1561 in
370 1500 507 1560 viaticrun
527 1511 686 1560 sumerent.
750 1511 870 1560 oterant
887 1500 969 1560 domi
988 1499 1098 1560 babere
1117 1521 1214 1580 peras,

70 1586 99 1632 et
119 1573 342 1662 calceqmenta,
362 1588 392 1638 et
411 1578 480 1636 alias
500 1577 629 1652 tunicas,
649 1576 700 1636 sed
722 1597 781 1656 quo
801 1576 893 1658 magis
913 1576 971 1636 sint
990 1577 1027 1636 ad
1048 1577 1105 1636 iter
1124 1597 1213 1714 expe-

68 1651 137 1724 diti,
179 1653 281 1721 omnia
311 1673 402 1716 onera
433 1654 603 1732 relinquere
632 1654 724 1714 iubet
767 1655 855 1730 'Quo
888 1665 1003 1734 spectat
1027 1652 1114 1712 etiam
1140 1654 1150 1714 i
1174 1655 1213 1714 ud

67 1727 179 1802 Marci,
206 1742 241 1796 ut
261 1729 430 1791 calceentur
448 1731 594 1792 sandaliis«
633 1731 669 1790 In
688 1735 773 1806 virga
792 1742 842 1790 aut
859 1729 962 1792 baculo
978 1731 1148 1810 ¹discrepare
1168 1732 1212 1794 vi-

68 1805 193 1866 dentur:
214 1828 282 1866 narn
302 1807 380 1886 apud
395 1809 525 1868 lllarcum
546 1806 665 1868 baculus
685 1808 879 1887 permittitur:
901 1808 979 1887 apud
989 1808 1171 1867 Matthaeum
1182 1820 1214 1868 et

67 1879 181 1942 Lucam
203 1895 338 1964 negatur.
370 1883 430 1944 Sed
450 1907 539 1964 quum
560 1884 696 1967 ambigna
716 1886 756 1945 ait
774 1886 852 1964 apud
863 1885 1018 1946 Hebraeos
1033 1884 1212 1966 significatio

67 1966 151 2026 vocis
170 1973 255 2040 naal,
279 1970 361 2028 Euan
386 1971 500 2045 elistae,
520 1969 591 2030 licet
647 1991 717 2032 aece
737 1971 917 2044 scriberent,
937 1976 1044 2048 ῥάβδον
1062 1969 1142 2034 varie
1162 1991 1212 2031 ac-

67 2055 225 2122 ceperunt„
261 2047 345 2126 Ergo
364 1989 530 2106 llattlraens
552 2059 582 2106 et
624 2069 694 2107 ucas
715 2047 835 2107 baculos
855 2047 1035 2128 intelligunt,
1056 2048 1105 2126 qui
1126 2046 1212 2108 oneri

66 2131 138 2178 sunt
162 2119 343 2181 serentibus:
374 2124 491 2183 Marcus
514 2145 587 2184 vero
607 2124 787 2204 scipionem,
816 2124 867 2203 qui
887 2123 1014 2183 viatores
1034 2124 1159 2184 sustinet
1178 2145 1213 2184 ac

67 2193 156 2256 levat.
196 2197 244 2258 Ad
264 2199 323 2258 iter
341 2221 413 2261 vero
435 2201 600 2260 laciendum
621 2201 756 2282 gestandi
773 2199 873 2264 baculi
892 2221 1007 2260 morem
1028 2201 1117 2262 luisse
1138 2221 1210 2260 con·

66 2286 141 2333 stat:
167 2275 248 2334 unde
269 2276 357 2337 etiam
376 2277 463 2350 illud,
484 2275 561 2337 Cum
582 2277 687 2338 baculo
708 2297 776 2337 meo
796 2276 918 2336 transivi
936 2278 1095 2338 Iordanem
1116 2277 1212 2337 istum.

68 2351 189 2424 Quibus
209 2351 307 2412 verbis
327 2355 436 2414 fatetur
456 2352 564 2430 lacob,
593 2375 625 2414 se
644 2375 767 2416 vacuum
788 2365 819 2413 et
836 2352 924 2416 nullis
944 2353 1052 2414 divitiis
1074 2366 1211 2414 onustum

66 2428 96 2486 in
119 2427 239 2510 Syriam
258 2431 380 2490 venisse.
1121 2473 1123 2478 ·
1188 2449 1192 2468 ¹

142 2512 191 2570 10.
228 2505 305 2590 Quin
324 2507 430 2583 dignus
448 2521 491 2568 esi
506 2508 667 2584 opmrtm.
704 2504 844 2567 Occurrit
865 2503 999 2565 Christus
1019 2503 1210 2565 dubitationi:
1278 2553 1285 2572 .

67 2581 141 2642 dura
167 2581 250 2641 enim
274 2585 368 2644 videri
388 2598 508 2666 poterat
528 2583 677 2656 conditio,
707 2581 794 2644 nulle
811 2582 921 2642 viatico
941 2583 1211 2670 instructosntotam

67 2659 210 2718 Iudaeam
239 2659 403 2723 circumire.
447 2664 522 2724 ldeo
547 2661 680 2720 Christus
707 2680 770 2718 non
791 2678 853 2718 esse
873 2659 1036 2717 timendum
1057 2657 1143 2732 dreit,
1172 2679 1211 2718 ne

67 2735 168 2794 inedia
188 2734 339 2812 laborent,
359 2740 437 2820 quia,
459 2757 638 2820 quocunque
658 2736 805 2808 venerint,
824 2735 907 2817 digni
926 2733 1029 2794 saltem
1050 2745 1138 2794 erunt
1156 2733 1211 2794 ali-

64 2812 183 2870 mentis.
232 2811 394 2890 Operam
418 2829 520 2890 vocat,
550 2836 612 2875 non
633 2813 714 2893 quod
733 2807 840 2874 similes
861 2825 959 2872 essent
979 2809 1134 2871 ordinariis
1153 2810 1211 2870 mi-

65 2889 180 2962 nistris,
207 2889 259 2966 qui
278 2892 394 2953 vineam
413 2894 537 2952 Domini
557 2892 709 2964 excolunt,
730 2902 760 2951 et
780 2890 829 2970 qui
850 2889 1012 2970 plantando
1034 2897 1064 2947 et
1083 2887 1210 2970 rigando

65 2965 95 3024 in
117 2965 243 3026 eandem
265 2969 407 3029 culturam
427 2970 612 3044 incumbunt,
632 2968 683 3029 sed
696 2979 809 3028 tanturn
821 2967 887 3046 qnia
900 2964 1045 3027 uberioris
1060 2977 1091 3024 et
1103 2967 1210 3044 plenae

66 3043 222 3103 doctrinae
243 3053 520 3128 erano'praccones.
555 3049 661 3126 Neque
681 3045 759 3104 enim
773 3044 858 3104 ‘aliud
878 3055 949 3102 tunc
969 3042 1132 3102 iniunctum
1153 3042 1210 3101 fuit
1264 3110 1270 3116 ¹

67 3119 195 3178 docendi
217 3141 339 3198 nunnus,
385 3147 450 3183 uam
470 3136 503 3183 ut
523 3136 651 3184 attentos
671 3123 831 3182 redderent
851 3120 976 3180 Iudaeos
996 3119 1032 3178 ad
1042 3118 1210 3200 OEvangelii

66 3195 331 3283 praedicationem.
403 3222 474 3262 orro
498 3223 537 3262 ue
557 3201 742 3272 obiicerem,
771 3219 802 3258 se
821 3197 902 3257 victu
922 3196 1024 3256 debito
1044 3195 1210 3256 fraudatum

65 3273 117 3346 rri,
143 3271 215 3350 quia
236 3293 324 3336 nemo
343 3275 410 3336 illos
451 3299 486 3338 ro
508 3277 650 3358 operariis
670 3285 861 3358 agnosceret:
895 3273 970 3334 banc
990 3293 1110 3353 quoque
1131 3272 1209 3332 disfi-

66 3349 206 3410 cultatem
248 3353 381 3413 raevenit
401 3301 550 3430 Cliristus,
576 3353 726 3432 exquirere
748 3350 868 3425 iubens,
889 3351 1021 3429 quisnam
1040 3351 1072 3408 in
1093 3369 1209 3440 quaque

66 3427 186 3486 civitate
214 3371 320 3508 dgnus
341 3431 380 3490 sit
397 3430 496 3491 salutis
516 3431 634 3490 nuntios
673 3427 790 3504 Quibus
810 3427 907 3488 verbis
927 3426 1068 3486 sciscitari
1089 3447 1140 3486 eos
1160 3449 1207 3486 ru·

66 3502 132 3578 bet,
163 3502 189 3562 si
216 3507 267 3584 qui
292 3507 351 3566 sint
375 3509 417 3596 pii
437 3508 570 3568 homines
590 3529 624 3567 ac
645 3507 705 3566 inte
729 3506 771 3578 ri,
803 3505 834 3563 in
856 3503 962 3584 quibus
982 3502 1207 3593 vigeataliquis
1241 3527 1244 3549 1

64 3579 121 3640 Dei
142 3580 235 3641 timor
248 3593 286 3641 et
305 3583 427 3666 religio,
448 3597 479 3644 et
498 3586 535 3644 de
557 3605 682 3664 quorum
702 3527 854 3644 docilitate
876 3583 960 3650 bene,
973 3601 1085 3660 sperari
1106 3589 1208 3658 queat,

63 3670 95 3716 nt
119 3658 178 3717 illis
226 3659 364 3752 raecipne
390 3681 471 3722 suam
498 3683 619 3742 operam
646 3661 786 3721 offerant:
826 3657 903 3718 Nam
923 3657 991 3737 quia
1011 3677 1074 3716 nou
1094 3654 1206 3744 licebat

63 3733 92 3794 in
111 3679 238 3818 singulis
258 3734 332 3797 locrs
353 3737 460 3798 diodus
481 3739 622 3814 haerere,
647 3735 764 3796 initium
783 3735 853 3796 inde
873 3734 972 3796 iacere
993 3732 1133 3807 decebat,
1152 3730 1207 3790 ube
1247 3791 1266 3820 l,

64 3825 141 3872 esset
159 3811 271 3871 melior
290 3813 387 3894 aliqua
408 3816 605 3895 praeparatio.

137 3897 186 3955 11.
216 3889 290 3950 Illic
305 3906 417 3951 munem
434 3891 524 3952 donec
542 3895 663 3952 exeatis.
702 3891 771 3951 Hoc
792 3911 910 3970 quoque
931 3888 968 3948 ad
987 3883 1208 3975 festinationem

62 3979 192 4046 spectat:
205 3987 274 4026 nam
287 3968 311 4028 si
326 3968 494 4050 longiorem
508 3969 615 4029 alicubi
627 3989 740 4028 moram
750 3967 913 4039 traxissent,
923 3963 1094 4025 mutandum
1106 3962 1209 4022 luisset

61 4043 235 4123 hospitium,
256 4065 294 4104 ne
306 4046 574 4126 unumquempiam
589 4045 675 4104 nimis
690 4055 858 4127 gravarent
889 4043 990 4118 Quum
1003 4060 1076 4122 ergo
1087 4057 1209 4120 manere

63 4139 113 4180 eos
133 4120 220 4180 iubet
241 4121 376 4181 Christus
396 4125 474 4202 apud
495 4121 620 4202 primum
642 4122 803 4202 hospitem,
829 4121 926 4182 donec
947 4119 977 4178 in
999 4119 1083 4178 aliam
1104 4115 1208 4176 urbem

62 4197 203 4333 miprent,
222 4198 370 4280 significat
388 4200 610 4280 properandum
630 4219 704 4276 esse,
723 4196 896 4280 utrulgato
910 4196 940 4256 in
954 4217 1011 4256 una
1023 4193 1207 4256 urbeEran-

61 4276 134 4351 geri
154 4274 353 4336 nuntiomox
372 4277 431 4335 alio
453 4276 603 4338 cursitent

135 4359 185 4418 12
215 4351 349 4412 Salutate
366 4354 458 4412 illam
493 4352 573 4427 Quia
594 4351 706 4434 probos
725 4352 785 4412 Ilei
805 4337 941 4410 cultores⁸
955 4349 1124 4411 discernere
1145 4367 1207 4437 pon

63 4435 203 4502 poterant
227 4451 245 4492 a
266 4428 538 4512 contemptoribus,
571 4431 718 4510 praecipit
737 4415 770 4491 rb
789 4427 884 4495 obviis
905 4425 1070 4510 quibusque
1091 4423 1208 4486 tamnus
