2790 4838
431 269 495 350 (70.
519 267 666 350 leprosus
685 271 828 350 sanatur.)
997 265 999 277 '
1139 279 1198 342 197

132 415 243 477 hiant.
268 425 298 484 1.
340 419 438 503 Qum
464 435 558 484 arderi
585 419 772 483 ascendisse
798 421 835 482 tle
860 425 961 483 mitte.
1004 424 1093 485 Redit
1117 445 1196 488 nunc

60 493 228 554 Matthaeus
248 496 285 555 ad
305 495 448 559 historiae
466 509 643 561 contextum.
682 500 767 559 Prius
783 500 903 575 diterat,
924 499 1073 562 Christum
1092 523 1195 562 ascen-

60 569 131 630 disse
152 570 187 630 in
208 583 356 632 monteio:
389 575 494 636 deinde
520 575 649 637 coniecit
671 575 754 637 velut
777 576 808 636 in
834 597 923 636 unum
950 598 1085 638 acervum
1103 578 1194 639 multa

59 647 216 706 doctrinae
237 647 350 709 Christi
369 651 478 731 capita:
497 673 576 712 nuuc
596 663 693 712 antem
712 651 838 728 subiicit,
857 673 895 714 eo
914 663 1061 734 tempore,
1101 676 1140 715 uo
1162 655 1193 713 in

57 736 161 782 monte
191 727 387 786 concionatus
413 739 471 804 cst,
494 748 609 788 sanasse
634 729 782 808 leprosum
807 730 962 810 quendam.
1002 675 1099 805 Quod
1114 732 1193 791 idem

59 801 196 860 referunt
213 803 332 862 Marcus
352 815 385 863 et
402 805 511 880 Lucas,
537 804 606 864 licet
624 817 738 885 tempus
759 826 821 866 non
841 806 1006 888 designent.
1044 808 1143 868 Porro
1162 808 1192 866 in
1242 809 1245 818 ’

57 897 91 937 eo
112 876 228 938 enituit
251 879 351 940 divina
372 879 482 941 Christi
506 882 612 955 virtus,
642 884 722 962 quod
740 882 806 942 solo
830 881 925 942 verbo
945 893 976 942 et
992 895 1073 943 tactu
1092 905 1195 943 manus

57 954 168 1033 lepram
191 953 230 1014 ah
251 956 373 1016 homine
383 968 506 1038 repente
517 957 661 1018 abstersit.
700 959 859 1019 Caeterum
878 959 1009 1038 quamvis
1019 959 1101 1040 lepra
1113 960 1193 1021 aliud

58 1041 130 1090 essct
150 1032 256 1091 morhi
276 1052 372 1114 genus
392 1054 477 1112 qnam
497 1034 535 1094 sit
555 1035 769 1124 elephantiasis,
788 1034 875 1096 luisse
895 1046 992 1096 tamen
1013 1049 1115 1098 curato
1135 1035 1193 1097 dil-

58 1105 162 1166 hcilem
183 1108 256 1169 satis
276 1119 401 1172 constat
441 1110 558 1186 Quodsi
577 1110 767 1170 diuturnitate
785 1111 957 1187 invaluerat,
976 1133 1073 1172 rarum
1094 1133 1192 1174 ciem-

58 1184 134 1264 plum
163 1183 224 1244 luit
248 1205 416 1276 quenquam
440 1186 575 1247 liberarii
614 1198 695 1247 certe
720 1199 751 1246 ut
776 1187 877 1248 demus
905 1188 1036 1250 medicos
1083 1190 1194 1250 otuisse

57 1261 123 1318 artis
142 1279 219 1320 suae
239 1260 364 1341 scientia
382 1261 495 1341 aliquid
514 1260 613 1323 anxilii
632 1274 798 1344 praestare,
825 1263 856 1324 iu
881 1262 941 1325 hoc
958 1263 1048 1325 mirac
1082 1265 1193 1326 onihil
1235 1316 1238 1326 .

57 1336 142 1396 luisse
164 1339 328 1398 humanum
349 1338 444 1418 palam
464 1351 517 1400 est.

128 1419 159 1478 2·
206 1411 357 1475 Accedam
384 1413 526 1480 odom.
574 1413 658 1492 Quid
688 1414 838 1498 significet
868 1414 991 1476 verbum
1020 1429 1192 1498 προςκυνεῖν,
1269 1471 1281 1486 ,

59 1489 134 1568 qnod
156 1491 288 1550 adorare
307 1503 442 1568 reruint,
473 1491 544 1553 colli
567 1513 617 1552 ere
630 1503 807 1584 promptum
827 1502 871 1552 est
890 1512 924 1551 ei
944 1491 1000 1554 ho‘c
1020 1492 1104 1551 loco:
1124 1511 1193 1550 nain

59 1566 103 1625 alii
121 1567 186 1628 du'o
200 1567 412 1660 Evangelistae
431 1568 518 1630 nohis
537 1513 639 1630 idonei
657 1582 725 1630 sunt
744 1568 932 1648 interpretes,
952 1589 985 1630 cx
997 1566 1102 1649 quihus
1113 1567 1193 1628 Mar-

59 1665 104 1702 cus
122 1643 211 1716 dicit,
230 1645 371 1705 accidisse
391 1645 539 1728 ingenua,
558 1645 771 1719 Lucasautem,
790 1656 968 1736 prostratum
989 1645 1077 1705 fuisse
1097 1644 1127 1703 in
1149 1643 1193 1702 la-

57 1719 137 1780 cieni.
180 1719 280 1780 Gestu
300 1741 334 1781 er
356 1741 386 1797 o,
405 1722 462 1782 lioc
483 1734 528 1782 est
546 1723 763 1804 genuflexione,
782 1741 897 1813 signum
914 1720 1099 1782 reverentiae
1112 1719 1194 1780 exhi-

58 1793 119 1856 huit
136 1796 286 1877 leprosus.
350 1797 438 1858 cimus
459 1810 567 1873 autem,
589 1799 792 1859 adorationem
811 1819 842 1858 iii
863 1798 1012 1858 communi
1031 1819 1085 1856 usn
1104 1797 1193 1856 luisse

59 1872 189 1949 ludaeis,
215 1885 251 1933 ut
268 1887 339 1934 sunt
380 1873 461 1954 opuli
481 1876 639 1936 orientales
658 1875 750 1957 magis
770 1876 805 1934 ad
825 1873 896 1934 tales
917 1874 1100 1936 ceremonias
1120 1895 1193 1954 pro-

78 1951 148 2008 ensi.
191 1951 296 2026 Quare
315 1896 399 2010 muiti
420 1951 597 2027 existimant,
626 1950 775 2032 leprosum
801 1951 952 2011 inanimo
972 1971 1034 2012 non
1056 1950 1192 2010 hahuisse

59 1969 210 2086 limium
230 2026 333 2088 divino
352 2027 432 2088 cultu
450 2028 606 2108 prosequi,
634 2029 687 2089 sed
707 2027 871 2087 honorifice
889 2027 1028 2088 salutasse
1052 2038 1102 2086 tan
1125 2047 1193 2086 uam

60 2103 193 2164 eximium
213 2102 274 2162 Dei
294 2104 484 2185 Prophetam.
521 2107 590 2186 Ego
608 2124 681 2165 vero
702 2125 761 2184 quo
782 2103 892 2164 allecto
913 2104 1064 2165 Christum
1083 2047 1190 2163 adora-

61 2179 130 2239 verit
147 2201 215 2241 noo
236 2180 373 2262 disputo:
411 2181 482 2260 quid
507 2193 603 2241 autem
623 2181 665 2241 illi
690 2175 830 2242 detulerit
848 2179 952 2253 video,
983 2200 1091 2261 nempe
1111 2179 1193 2268 quod

61 2275 121 2316 euin
141 2268 248 2338 posset
267 2258 420 2332 mundare,
439 2257 574 2318 sivellet.
615 2257 732 2334 Quibus
746 2255 844 2316 veihis
855 2267 975 2316 testatus
990 2268 1044 2331 est,
1063 2254 1191 2315 divinam

61 2331 224 2394 inChiisto
245 2335 383 2394 virtutem
403 2355 435 2395 se
454 2354 625 2416 agnoscere.
654 2337 695 2394 Et
706 2329 839 2395 Christus
860 2352 949 2412 quum
968 2332 1140 2411 respondet,
1159 2351 1192 2391 se

62 2409 147 2488 velle,
180 2409 248 2490 plus
265 2410 324 2477 sibi
342 2410 484 2470 tributum
504 2410 540 2470 ab
562 2430 683 2471 coesse
708 2409 850 2482 ostendit,
880 2427 966 2486 quani
990 2406 1192 2466 inhominem

63 2498 217 2566 competat.
257 2487 380 2548 Summo
407 2487 486 2547 enini
511 2485 636 2565 imperio
664 2484 779 2566 pollere
804 2503 926 2544 necesse
952 2493 1010 2572 est,
1039 2483 1090 2560 qui
1112 2494 1193 2572 ,nutu

63 2561 122 2623 solo
141 2563 316 2623 hominihus
334 2562 487 2623 sanitatem
506 2561 642 2624 restituit.
681 2561 750 2620 Sive
776 2571 872 2620 autem
893 2557 1042 2618 Christum
1061 2557 1121 2616 Dei
1139 2558 1191 2621 Fi-

63 2635 125 2698 lium
144 2659 213 2700 esse
233 2639 393 2700 crediderit
411 2641 561 2720 leprosus,
589 2639 650 2698 sive
669 2637 724 2698 hac
743 2635 849 2696 virtute
869 2633 964 2724 luisse·
978 2633 1134 2724 donatum,
1159 2644 1193 2692 ut

63 2713 154 2778 ldoses
177 2716 277 2777 etalii
297 2716 481 2795 Prophetae,
519 2735 581 2776 non
607 2725 706 2775 tamen
732 2711 864 2785 dubitat,
899 2711 931 2770 in
956 2709 1034 2768 illius
1053 2730 1142 2768 mauu
1161 2719 1193 2768 et

64 2805 207 2868 potestate
233 2813 296 2854 esse
321 2793 452 2853 sanitatis
477 2793 597 2854 donum.
637 2790 730 2867 Quod
756 2800 853 2848 antem
877 2786 931 2847 suh
952 2784 1125 2846 conditione
1144 2785 1190 2844 lo-

83 2869 168 2946 uitur,
186 2871 225 2930 Si
242 2869 321 2943 uelis,
334 2883 435 2946 potes,
455 2889 517 2929 non
535 2880 651 2962 pugnat
670 2889 735 2928 cuin
756 2885 789 2925 ea
809 2863 877 2924 lidei
897 2861 1084 2940 certitudine,
1125 2881 1191 2921 uam
1299 2889 1305 2900 ¹

64 2887 137 3004 heus
158 2947 190 3006 in
212 2946 350 3027 precihus
370 2945 477 3006 nostris
498 2945 600 3028 exigit:
639 2965 737 3023 neque
757 2942 835 3004 enini
854 2939 919 3021 plus
938 2960 1057 3074 sperare
1077 2940 1114 3000 de
1138 2960 1154 2998 e
1178 2949 1191 2997 t

65 3019 193 3082 homines
216 3043 304 3102 quain
314 3023 395 3082 Deus
409 3022 576 3112 promittat.
614 3021 762 3100 Leprosus
782 3031 879 3080 autem
900 3015 1049 3076 nnloDei
1070 3037 1138 3076 orac
1167 3029 1204 3105 .⁰⁸

65 3098 106 3156 rel
124 3099 325 3180 promissione
344 3111 456 3159 certior
474 3098 567 3158 lactus
587 3110 665 3172 erat,
697 3097 834 3175 quidnam
858 3095 986 3155 tacturus
1006 3105 1081 3152 esset
1101 3091 1190 3151 Chri-

65 3184 124 3234 stus.
166 3177 297 3236 Temere
317 3195 391 3258 ergo
411 3173 487 3234 ultra
514 3174 563 3234 lias
588 3185 680 3234 metas
699 3191 871 3254 progressus
890 3169 983 3231 lorets
1022 3189 1090 3228 nam
1110 3169 1190 3249 quod

67 3247 207 3314 interdum
227 3251 368 3334 legimus,
398 3250 539 3330 quosdam
567 3249 740 3331 simpliciter
763 3259 899 3328 precatos
923 3265 1001 3320 esse,
1030 3245 1191 3305 tenendum

67 3339 116 3401 est,
155 3327 321 3412 singulares
346 3327 433 3388 luisse
456 3339 568 3402 motus,
607 3325 754 3407 equibus
775 3323 906 3416 petenda
930 3342 992 3381 non
1017 3320 1191 3403 estregula.

69 3401 239 3485 Quanquam
260 3404 373 3478 nescio,
392 3423 428 3463 ari
449 3403 571 3483 proprie
582 3402 733 3482 loquendo
754 3402 853 3461 dicere
872 3401 968 3472 liceat,
987 3399 1190 3480 precationem

68 3475 146 3541 luisse
166 3495 346 3562 conceptam
366 3501 383 3540 a
403 3479 531 3559 leproso.
575 3481 704 3540 Tantum
730 3477 809 3538 enim
834 3477 975 3550 affirmat,
1004 3495 1038 3534 se
1061 3475 1101 3534 ita
1121 3494 1190 3554 per-

67 3574 172 3618 suasum
195 3579 257 3618 esse
278 3558 315 3618 de
328 3557 436 3616 virtute
450 3554 571 3629 Christi,
590 3568 622 3616 ut
641 3575 703 3614 non
723 3554 839 3614 duhitet
857 3554 888 3613 io
909 3552 972 3613 eius
990 3549 1114 3610 arbitrio
1127 3569 1191 3610 esse

67 3651 161 3695 curare
182 3635 305 3716 lepram.
343 3633 462 3692 Deinde
482 3654 513 3692 se
532 3631 576 3691 illi
595 3632 754 3691 sanandum
767 3629 868 3705 ollert,
887 3629 1015 3690 incertus
1033 3639 1133 3688 tamen
1153 3624 1191 3684 de

66 3725 182 3788 eventii,
222 3711 271 3770 hia
290 3709 424 3772 voluntas
445 3706 556 3769 Christi
575 3709 707 3769 nondum
727 3706 771 3766 illi
789 3707 910 3788 cognita
930 3717 1001 3766 erat.
1183 3775 1191 3789 ·

132 3794 162 3852 3
263 3801 344 3847 tenso
366 3807 456 3846 mnu
477 3788 577 3862 tetigit.
616 3784 652 3843 ln
671 3787 754 3920 Lege
778 3783 968 3866 contagiosus
994 3790 1058 3840 erat
1082 3777 1191 3856 leprosi

68 3868 167 3926 hctus:
207 3875 329 3924 atvero
355 3863 494 3942 quoniam
523 3883 556 3922 ea
577 3873 621 3922 est
639 3861 671 3922 in
692 3859 717 3920 C
740 3859 812 3920 cisto
833 3861 961 3941 puritas,
992 3875 1068 3935 quae
1088 3871 1191 3911 0111111111

68 3941 160 4000 sordes
181 3953 213 4002 et
232 3939 454 4019 inquinamenta
474 3937 646 4012 absorbeat,
672 3955 770 4017 neque
789 3955 821 3996 se
842 3934 1023 3998 contaminat
1042 3929 1192 4009 leprosum

68 4019 229 4096 tangendo,
259 4037 357 4095 neque
381 4015 492 4098 Legem
523 4013 744 4096 transgreditur.
794 4012 922 4074 Carnem
949 4008 1027 4070 enini
1060 4014 1190 4065 nostram

68 4093 220 4176 suscipiens
240 4113 303 4152 nori
329 4093 419 4152 modo
444 4113 498 4152 nos
520 4091 654 4172 dignatus
674 4103 718 4151 est
737 4110 841 4149 inaniis
863 4109 933 4148 suae
953 4093 1108 4156 contactu,
1137 4081 1191 4142 sed

69 4185 94 4222 ¹¹1
118 4191 208 4230 unuin
234 4169 371 4248 idemque
398 4190 504 4304 corpus
536 4167 688 4227 nobiscnm
708 4165 833 4238 coaluit,
865 4177 897 4224 ut
916 4181 1042 4224 essemus
1062 4179 1131 4218 caro
1152 4158 1190 4217 de

69 4261 147 4306 tarne
167 4248 246 4306 eius:
267 4267 323 4305 nec
343 4245 432 4304 modo
474 4243 603 4310 rachium
622 4264 706 4303 sunm
726 4243 761 4302 ad
784 4262 837 4300 nos
851 4239 992 4310 extendit,
1010 4233 1191 4295 sedecoclo
1249 4291 1264 4309 ,

71 4315 213 4382 descendit
232 4343 325 4400 usque
345 4322 381 4380 ad
402 4322 479 4410 ipsos
500 4321 630 4393 iiileros,
661 4341 716 4378 nec
740 4331 839 4376 taiiieii
865 4318 1020 4395 quicquain
1041 4313 1114 4370 inde
1130 4333 1190 4370 ma-

71 4395 143 4460 tulae
162 4398 321 4476 contraiit,
338 4399 390 4459 sed
409 4411 527 4482 integer
544 4416 665 4459 maneos
684 4397 789 4456 sordes
805 4414 907 4456 omncs
920 4402 1034 4454 nocuas
1053 4387 1191 4458 exhausit,

250 4553 264 4618 l
725 4569 732 4586 Ι
1018 4603 1030 4642 h
