2768 4856
492 283 581 345 ANN.
601 282 725 344 thLV.
1067 302 1174 350 xxxnr

123 432 186 493 lab
208 433 359 494 extremis
379 435 532 515 periculis,
551 434 621 496 alios
641 433 814 495 invinculis
833 433 946 512 positus
965 433 1088 494 maximo
1109 459 1174 496 cum

53 523 125 568 ,ructu
153 511 365 570 confirmavit.
404 511 538 571 Diximus
565 513 650 570 a'ntea
676 511 713 570 de
739 510 891 570 doctrinae
919 509 1175 590 sacramentorum

52 587 108 645 iuter
136 607 244 647 omnes
285 585 462 648 Helveticae
494 601 524 648 et
553 587 708 648 Rhaeticas
739 585 875 646 ecclesias
899 607 1054 647 consensu
1085 589 1176 664 edito,

52 664 144 721 naxirna
169 664 345 723 doctorum
372 677 402 723 et
429 665 577 724 honorum
604 664 734 722 omnium
760 660 966 744 gratulatione.
1015 661 1177 742 Displicuit

52 740 102 798 hacc
118 735 325 800 conco'rdiaS
351 739 432 798 iritui
453 741 572 814 erroris,
592 741 672 801 euius
694 739 865 828 iampridem
886 757 920 798 ea
940 749 983 798 cst
1003 759 1089 817 quarn
1110 761 1176 801 eer-

53 817 121 874 ninus
140 813 290 876 efficacia.
329 761 443 896 ¹ltaque
465 817 550 877 facile
570 837 602 875 re
627 817 691 887 erit,
733 837 762 874 ιιι
782 814 909 894 sopitum
930 815 1029 896 ignem
1050 815 1177 908 foderet,

52 891 204 950 loschimum
227 893 381 952 nimirum
402 895 548 972 quendam
617 905 661 952 est
682 837 793 952 halum:
820 892 867 950 cui
888 891 1037 951 classicum
1057 905 1176 954 caneutx

53 968 163 1028 tardauit
182 981 300 1049 postea
316 967 493 1043 Hesbusius,
515 913 814 1050 tuucHeiclelhergae
832 967 917 1027 verbi
936 967 1079 1042 minister,
1098 989 1178 1032 nune

53 1045 114 1101 etiam
136 1065 152 1104 e
175 1047 392 1125 'copus‚‘de
419 1045 525 1125 quibus
549 1067 616 1106 mox
642 1046 798 1111 dicendum
821 1042 909 1104 nobis
937 1045 1002 1103 erit.
1041 1045 1085 1104 Ac
1104 1057 1175 1106 tunc

51 1119 139 1196 quidem
179 1121 304 1182 nivinus
329 1123 533 1182 consensionis
553 1123 629 1183 illius
651 1121 877 1201 explicationem
898 1120 1000 1194 edidit,
1020 1141 1095 1200 quae
1115 1141 1175 1202 quo

53 1197 117 1328 pagis
133 1197 250 1332 rqhicm
272 1199 406 1259 istorum
428 1201 555 1275 exacuit,
574 1220 612 1260 eo
632 1199 724 1280 magis
745 1196 882 1258 omnihus
901 1196 1032 1258 veritatis
1043 1199 1175 1268 emanti-

65 1293 88 1330 es
104 1276 219 1352 proult.
282 1335 294 1343 ,

105 1431 196 1504 (1⁵⁵⁵
255 1431 374 1490 Annus
398 1429 623 1508 veroproxirne
643 1437 842 1507 consequutus
860 1426 985 1487 mirilico
1005 1427 1064 1487 Dei
1084 1427 1177 1490 hene·
1211 1447 1217 1456 ·

55 1499 101 1559 ln'n
116 1505 174 1584 reip
220 1506 303 1567 licae
324 1528 364 1566 ac
385 1505 527 1576 ecclesiae
545 1505 716 1565 Geneveusi
737 1515 868 1584 optatam
889 1503 1019 1582 quietem
1040 1523 1056 1562 a
1075 1503 1179 1564 dome-

57 1577 108 1637 ticis
124 1583 342 1643 certaminibus
365 1581 475 1654 attulit,
495 1581 623 1642 factiosis
642 1603 693 1642 sua
713 1581 844 1662 ipsaxum
855 1599 947 1659 opera
959 1576 1091 1659 perditis,
1112 1589 1180 1658 post

55 1653 200 1718 fruendam
227 1659 483 1736 coniurqtionem
506 1669 732 1792 peropportune
756 1677 811 1736 per
836 1655 1024 1716 ebriosorum
1045 1675 1178 1733 quorun-

56 1727 99 1788 lau
114 1753 143 1791 ex
160 1737 363 1796 consciorum
384 1755 510 1794 numero
531 1745 601 1813 petu
614 1746 711 1793 antem
732 1733 881 1794 audaciam
900 1733 1075 1811 intempesta
1086 1743 1178 1791 nocte

56 1805 182 1870 detectam:
203 1823 235 1872 et
255 1813 325 1872 aliis
349 1811 471 1891 quidem
492 1809 593 1890 eapitis
613 1808 906 1890 supplicio-affectis,
925 1806 1177 1868 aliisrerosolum

55 1887 214 1962 tenentibus,
236 1890 305 1970 qui,
329 1889 389 1949 etsi
409 1886 580 1968 aliquandiu
600 1900 703 1968 postea
724 1885 1031 1960 civitatemvexarunt,
1051 1883 1179 1964 turpiter

58 1969 128 2020 tanen
151 1985 256 2026 omnes
283 1977 397 2048 postea
423 1965 606 2023 intereuntes
625 1964 774 2045 singulare
794 1962 852 2022 seri
873 1961 1024 2042 quidem,‘
1038 1961 1090 2022 sed
1110 1959 1179 2020 iusti

57 2035 121 2097 lirini
137 2041 234 2101 indicii
256 2041 434 2122 exemplum
477 2039 664 2100 raehuerunt.
711 2039 761 2098 Sic
781 2038 905 2098 liberata
926 2038 981 2098 fuit
1000 2037 1036 2096 ab
1059 2037 1104 2096 his
1145 2040 1203 2096 e-‘

56 2111 121 2173 stibus
130 2117 319 2180 Genevensis
341 2062 522 2198 respublica,
543 2137 630 2196 quum
651 2116 740 2196 paulo
760 2127 828 2174 ante
849 2115 938 2176 allato
959 2125 1086 2203 quatuor
1133 2111 1177 2174 el-

58 2189 183 2252 rrtirarum
205 2195 379 2257 Civitatum
400 2215 448 2253 res
472 2214 547 2254 onso
568 2200 710 2271 (quarum
730 2191 906 2252 sententiam
926 2190 1046 2250 diximus
1066 2190 1102 2250 ad
1124 2209 1178 2250 an-

57 2283 105 2322 num
120 2272 303 2349 superiqrem
324 2271 423 2331 visum
458 2271 557 2330 enatui
577 2269 664 2330 fuisse
683 2289 773 2348 super
792 2265 985 2328 ecclesiastice
1008 2264 1178 2327 Geneveusi

57 2339 424 2428 lisdplina'pereunctari)
449 2346 674 2406 vetera‘omuia
696 2339 908 2406 ecclesiastieae
929 2341 1052 2422 politiae
1073 2342 1178 2417 edicta,
1224 2417 1228 2425 ι

58 2433 132 2479 torua
154 2423 354 2486 factiosorum
386 2424 650 2502 exspectationem,
679 2418 882 2481 communibus
903 2418 1010 2478 civium
1030 2417 1178 2498 suffragiis

57 2513 79 2550 tt
108 2501 328 2581 tapcrlataque
351 2500 487 2558 fuissent.
519 2501 589 2560 Non
612 2498 707 2556 defuit
725 2509 836 2568 tamen,
855 2495 885 2553 iu
908 2513 968 2572 quo
980 2506 1043 2552 tum
1058 2507 1181 2596 quodq„

61 2515 166 2634 finnus
183 2590 313 2638 strenue
336 2587 536 2638 exerceretur.
565 2577 639 2633 Nam
661 2572 734 2660 foris
755 2571 875 2650 quidem
895 2581 959 2658 tum
978 2557 1181 2644 deP220nlci,

60 2649 158 2710 eeclesiis
177 2674 210 2712 ex
231 2655 398 2714 voluntate
419 2651 496 2734 regis
517 2649 742 2722 constituendis,
762 2659 824 2706 tum
845 2646 881 2706 de
903 2645 1015 2720 furrog'a
1036 2657 1085 2720 itta
1104 2670 1181 2718 tem.

59 2737 139 2798 pestate
156 2731 351 2790 commutatis
373 2729 404 2788 in
425 2728 532 2810 Anglia
552 2726 640 2787 rebus
661 2723 794 2798 excitata,
814 2741 889 2801 quae
909 2734 970 2791 tres
982 2732 1047 2794 illos
1062 2735 1179 2794 incom.

59 2803 162 2932 parabilis
202 2808 307 2870 ietatis
329 2806 491 2886 episcopos
502 2815 532 2864 et
544 2814 697 2883 martyres,
717 2801 863 2864 Ioannem
876 2805 925 2867 Ho
951 2830 1063 2890 perum,
1085 2811 1179 2873 Nico.
1202 2865 1214 2881 ‚

76 2897 110 2937 m
130 2827 287 2944 Ridlaeum
311 2894 344 2942 et
365 2883 525 2962 flugoncm
545 2879 723 2939 Latimerum
743 2878 823 2942 inter
843 2893 892 2946 tot
911 2829 983 2948 alios
1004 2887 1067 2948 fere
1089 2888 1177 2948 innu-

58 2957 189 3032 fltnhiles,
207 2981 242 3020 ac
257 2960 389 3020 tandem
409 2957 495 3018 etiam
515 2977 655 3038 magnum
673 2955 757 3026 illatrn
769 2951 964 3024 Craumerum
977 2962 1176 3029 Cantuarien-

55 3047 97 3116 ἔξω
112 3035 210 3096 brebie
235 3037 381 3128 iscopum
401 3033 432 3092 in
453 3033 569 3100 coetum
590 3061 682 3121 usque
702 3038 829 3121 expulit,
856 3043 893 3102 de
913 3039 1103 3102 consolandis
1124 3041 1178 3102 de-

57 3125 121 3184 nque
138 3058 276 3175 fratrxhus
299 3133 335 3172 ιιι
359 3109 459 3177 Gallia
479 3118 594 3194 vinctis,
614 3139 647 3178 ac
663 3117 840 3329 praesertim
862 3117 992 3251 quinque
1013 3117 1178 3179 fortissimis

56 3187 200 3320 ¹qartpn'bus
218 3191 282 3252 hoc
307 3189 377 3272 ipso
399 3211 478 3252 anno
491 3194 644 3255 Cameraci

97 3281 184 3340 perun

683 3193 834 3272 Umbreni)
855 3194 943 3254 crude
956 3193 1051 3254 issimc
1064 3215 1177 3254 crema-

151 3265 157 3277 '
187 3289 236 3328 um
258 3268 426 3329 laboravit
461 3270 554 3330 Domi
574 3291 645 3332 vero
691 3272 784 3332 erecti
804 3271 919 3332 cineres
939 3269 1084 3348 pullulare
1105 3291 1177 3330 coe-

58 3346 248 3428 truhemius
271 3345 468 3436 blasphemiis
489 3347 588 3408 favere
608 3347 808 3428 deprehensus
829 3347 994 3406 Matthaeus
1007 3345 1177 3422 Gribaldus,
1231 3409 1236 3423 τ

58 3427 100 3500 top
116 3419 266 3482 incelebris
288 3420 532 3500 iurrscousultus,
566 3445 654 3504 quum
677 3424 829 3486 Genevam
849 3424 928 3488 forte
947 3423 1075 3484 venisset
1094 3427 1178 3504 (erat
1237 3491 1244 3498 ,

58 3505 114 3578 ξω
133 3493 304 3582 Fugiamm
327 3497 488 3572 dominus,
514 3499 565 3580 qui
584 3521 620 3579 pa
644 3521 676 3558 us
697 3490 740 3560 es‘t
760 3499 791 3560 iu
812 3499 954 3569 Geneyae
974 3499 1102 3582 vicinia)
1123 3500 1176 3560 de-

57 3578 135 3631 certes
152 3575 187 3635 ad
205 3577 373 3639 Calvinum
395 3597 411 3634 a
433 3575 602 3654 quibusdam
623 3519 715 3651 italis,
736 3596 810 3656 quos
831 3575 943 3635 Patavii
956 3577 1106 3647 docuerat,
1128 3597 1176 3635 xe-

59 3651 289 3732 mutecalvino
312 3655 445 3713 dextram
467 3653 508 3713 illi
529 3653 695 3736 porrigere,
716 3653 771 3712 nisi
789 3653 870 3744 prius
882 3651 918 3712 de
923 3653 1072 3788 Iprimario
1086 3649 1175 3710 Chri-

59 3733 141 3806 suanae
164 3729 232 3790 fidei
258 3728 410 3804 articulo,
440 3728 470 3789 id
497 3739 556 3802 est,
587 3729 623 3789 de
643 3749 723 3789 sacra
743 3729 853 3790 Tnade
874 3740 904 3788 et

59 3809 115 3857 uter
136 3823 182 3864 eos
206 3805 404 3878 conveniret,
438 3805 548 3866 nullum
576 3817 678 3886 postea
705 3805 803 3867 locum
829 3805 895 3866 ullis
924 3802 1176 3864 admonitionibus

61 3873 91 3932 ul
106 3883 277 3960 argumentis
299 3881 431 3960 reliquit.
477 3883 581 3973 ltaque
603 3882 682 3960 quod
704 3881 807 3941 eiiam
828 3893 889 3940 tum
910 3879 1053 3969 praedixit
1074 3877 1175 3940 Celei-

61 3967 108 4022 Μ,
163 3979 215 4019 are
236 3959 379 4020 nimirum
399 3957 459 4017 Dei
477 3959 616 4020 iudicium
638 3958 781 4038 pertinaci
802 3958 891 4037 ipsius
912 3955 1174 4036 inpietantium,

64 4043 121 4104 Νη,
154 4055 190 4094 oc
209 4057 243 4095 re
263 4036 330 4116 ipsa
352 4045 456 4114 postea
477 4045 611 4114 expertus
632 4046 689 4094 est:
711 4033 851 4116 Tuhinga
872 4033 997 4114 primum
1020 4031 1176 4116 profugus,

63 4121 105 4178 qno
124 4107 212 4170 luunt
238 4109 503 4194 Vergerii·favore
523 4111 725 4184 introductus,
754 4111 870 4172 Bernae
891 4119 994 4190 postea
1015 4130 1045 4168 ca
1070 4121 1114 4169 tus
1134 4111 1173 4169 si-

61 4181 198 4264 mulataque
220 4185 301 4248 abne
324 4188 427 4246 atione
447 4187 603 4260 liberatus,
643 4188 679 4246 ad
699 4188 850 4270 ingenium
876 4197 978 4266 postea
1004 4130 1121 4246 rediens
1147 4199 1177 4246 et

63 4251 164 4324 Grutilix
181 4263 266 4338 illius,
310 4287 326 4324 e
349 4283 410 4342 quo
421 4282 488 4322 mox
500 4261 648 4338 dicemus,
659 4264 757 4324 fautor
770 4276 800 4324 et
813 4263 929 4341 hospes,
948 4261 1175 4351 superveniente

63 4329 153 4398 dmum
202 4353 262 4402 este
298 4352 463 4418 correptus,
501 4352 611 4400 aratum
640 4341 696 4400 sihi
723 4340 752 4399 in
780 4338 864 4398 terris
889 4337 1063 4417 supplicium
1090 4350 1173 4397 ante-

63 4410 135 4474 tulit.
207 4416 408 4494 iuddenique
430 4359 687 4487 Caliinumhuius
708 4417 777 4474 anni
796 4414 922 4474 solidum
943 4413 1080 4492 gaudium
1100 4433 1169 4491 gau-

917 4509 932 4544 C

955 3728 1043 3788 eitate
1065 3725 1177 3786 Christi
1271 3747 1273 3757 ¹
