2768 4834
459 261 593 344 Ounno
614 277 650 324 ιιι
670 268 797 336 nortae.
834 317 837 326 ,
1159 273 1217 338 tte

78 428 229 490 eructat,
248 428 280 476 ιιι
296 415 417 508 subigat
435 414 529 476 carnis
548 415 706 490 lasciviam,
725 427 759 475 ut
778 415 814 476 ad
832 415 959 478 studium
972 416 1075 478 orandi
1094 421 1149 480 noh
1167 421 1215 482 in-

78 495 229 566 flammet,
248 503 281 553 ut
301 492 500 552 testimoninm
519 493 559 553 sit
576 493 777 572 poenitentiae
798 505 932 566 nostrae,
979 493 1073 554 uoties
1093 495 1151 556 Ilei
1171 497 1215 558 iu-

74 571 149 630 dicio
172 590 330 650 urgemur.
358 567 466 630 Sensus
486 589 558 651 ergo
577 568 737 630 verborum
750 569 860 630 Christi
881 581 937 628 est:
987 589 1038 629 cus
1057 568 1215 650 aliquando

92 646 242 706 atelaciet
260 644 317 705 sibi
338 644 490 725 placuisse,
509 665 584 724 quae
596 643 771 708 videbantur
782 645 901 726 periisse
913 645 992 707 bona
1012 665 1115 728 opera,
1135 649 1217 729 quod

72 669 238 783 hominum
253 721 358 783 oculos
379 721 525 806 legerant.
568 779 572 787 ,
1137 725 1139 732 “
1178 752 1180 758 1

106 957 200 1036 (57.)
244 955 418 1020 tratum
438 956 494 1018 Vl.
538 952 587 1019 19.
615 954 667 1020 Ne
687 958 852 1040 reponatis
877 953 972 1023 vohis
991 957 1159 1024 thesauros
1180 959 1215 1024 in

69 1067 175 1132 terra,
212 1055 271 1122 ubi
292 1075 414 1140 aerugo
437 1066 469 1121 et
487 1057 574 1120 tinea
596 1055 692 1134 delet,
713 1055 770 1121 uhi
792 1057 877 1122 iures
899 1057 1087 1142 perfodiunt
1107 1078 1145 1122 ao
1166 1057 1215 1122 lu-

7 1159 8 1170 ’
67 1167 194 1222 rantur.
241 1158 293 1220 20.
314 1155 382 1220 Sed
400 1155 568 1222 recondite
589 1155 684 1224 vobis
704 1152 872 1222 thesauros
893 1162 927 1222 in
948 1157 1059 1237 coelo,
1080 1156 1137 1224 ubi
1157 1179 1214 1224 ne·

68 1278 130 1342 que
152 1276 284 1340 aerugo
307 1276 414 1343 neque
436 1241 524 1324 tinea
546 1256 648 1334 delet,
684 1268 716 1322 et
738 1257 794 1322 ubi
816 1257 905 1320 fures
925 1279 992 1323 non
1015 1257 1212 1343 perfodiunt,

67 1379 180 1444 neque
208 1357 366 1421 iurantur.
405 1356 455 1422 21.
482 1359 563 1424 Nam
589 1355 647 1422 uhi
675 1356 772 1422 luerit
799 1353 965 1424 thesauros
991 1367 1112 1434 vester,
1143 1355 1213 1424 illio

69 1461 128 1522 crit
152 1468 191 1522 et
214 1478 273 1522 cor
293 1467 443 1522 vestrum.
1080 1463 1083 1468 '

151 1589 262 1658 LUC.
283 1591 352 1656 Xll.
392 1591 444 1657 33.
471 1591 615 1658 Vendite
642 1611 726 1678 quae
747 1589 937 1677 possidetis,
971 1601 1004 1658 et
1029 1589 1104 1656 date
1127 1590 1213 1658 elee-

69 1714 254 1778 mosynam.
298 1691 414 1756 Parate
435 1692 529 1758 vobis
548 1691 711 1778 sacculos,
740 1693 795 1779 qui
816 1713 883 1758 non
904 1693 1122 1768 veterascunt,
1142 1691 1212 1758 the·

70 1815 204 1858 saurnm
223 1813 293 1857 non
315 1791 521 1858 deliciantem
544 1798 578 1862 in
601 1775 715 1872 coelis,
742 1814 808 1879 quo
830 1793 883 1858 lor
903 1814 969 1859 non
988 1792 1130 1871 accedit,
1155 1815 1213 1858 ne·

71 1915 132 1979 que
160 1897 251 1958 tinea
273 1897 458 1980 corrumpit.
499 1895 550 1994 Sd.
575 1893 643 1961 Ubi
671 1898 755 1958 enim
784 1893 880 1959 luerit
907 1893 1074 1959 thesaurus
1094 1908 1211 1974 vester,

71 1991 115 2056 ihi
137 2005 173 2058 et
195 2014 254 2059 cor
274 2004 415 2058 vestrum
438 1996 505 2060 erit.

148 2174 256 2235 hlatth·
279 2181 327 2241 19.
366 2175 414 2236 Ne
431 2179 586 2251 reprom
623 2177 718 2238 Pestis
738 2177 809 2236 haec
830 2175 960 2257 capitalis
980 2176 1095 2256 passim
1105 2187 1212 2268 regnat

74 2251 102 2309 in
127 2251 260 2326 mundos,
292 2263 325 2310 ut
350 2249 483 2314 homines
516 2253 686 2335 inexplebili
716 2253 842 2314 habendi
871 2253 1030 2332 cupiditate
1054 2254 1210 2317 insamant.

74 2329 134 2387 Eos
160 2349 234 2388 vero
261 2327 403 2388 stultitiae
428 2330 562 2411 coarguit
589 2329 739 2402 Christus,
769 2329 850 2408 quod
880 2328 984 2407 opihus
1008 2349 1114 2410 magna
1140 2349 1210 2390 eura

74 2405 225 2486 congestis
244 2425 327 2464 snam
349 2403 517 2466 felicitatem
538 2405 684 2466 vermibus
711 2417 740 2464 et
760 2404 893 2486 aerugini
912 2404 1107 2482 prostituunt,
1136 2403 1209 2464 luri-

73 2480 187 2560 husque
210 2491 365 2560 exponunt
384 2481 415 2540 in
435 2483 583 2561 praedam.
624 2481 705 2556 Quid
725 2492 822 2539 autem
841 2479 949 2538 rationi
967 2479 1062 2538 minus
1082 2500 1210 2540 consen-

75 2567 193 2616 taneum
214 2570 268 2632 est,
290 2577 378 2636 quam
396 2557 477 2618 bona
496 2578 547 2619 sua
567 2556 676 2630 locare,
696 2556 747 2615 ubi
759 2555 805 2614 vel
825 2567 933 2634 sponte
952 2565 1076 2634 pereant
1093 2553 1141 2624 rel
1161 2575 1210 2616 ra·
1300 2589 1303 2597 ν

74 2635 193 2712 piantur
219 2633 256 2693 ah
285 2633 472 2695 hominihus?
510 2635 580 2696 lloe
609 2633 727 2711 quidem
752 2651 813 2690 non
839 2631 972 2710 cogitant
996 2629 1085 2689 avari.
1126 2629 1210 2710 Opes

75 2711 152 2769 enim
171 2731 238 2776 suas
258 2709 415 2769 includunt
435 2711 507 2772 arcis
524 2711 601 2770 hene
614 2707 769 2770 obseratis:
792 2707 925 2796 elingere
936 2717 1034 2766 tamen
1048 2718 1209 2796 nequeunt,

76 2787 144 2865 quin
170 2786 286 2845 l'nribus
311 2785 357 2844 vel
385 2786 471 2848 tineis
497 2785 644 2848 ohnoxiae
669 2785 729 2845 sint
753 2803 821 2846 suae
841 2783 966 2843 drvitiae.
1008 2781 1129 2842 Coecri
1152 2781 1210 2843 itur

75 2875 104 2920 et
127 2875 213 2923 recto
238 2883 329 2923 sensu
353 2863 459 2942 privati
483 2876 565 2938 sunt,
598 2862 648 2942 qui
673 2873 757 2920 tanto
783 2849 886 2920 labore
911 2869 1050 2938 tantaque
1074 2803 1209 2920 molgestia

74 2938 187 2999 inhiant
207 2960 264 2999 con
290 2939 405 2998 erendis
424 2939 545 3018 opibus,
595 2959 649 3000 uae
673 2939 721 2998 vel
741 2934 905 3016 putredini,
935 2935 982 2994 vel
1009 2935 1132 3014 rapinis,
1159 2935 1208 2998 vel
1322 2951 1332 2972 ⁴

74 3014 133 3076 aliis
152 3015 235 3077 mille
271 3014 518 3076 ortuitistcasihus
543 2961 693 3076 sullectae
717 3015 789 3092 sint:
824 3011 995 3092 praesertim
1018 3033 1106 3090 quum
1125 3011 1214 3074 Deus·

76 3091 171 3151 locum
192 3089 326 3151 thesauri
346 3091 376 3149 in
397 3091 484 3151 coelo
504 3093 669 3171 reponendi
688 3089 775 3150 nohis
789 3089 967 3162 commodet,
988 3089 1072 3147 etad
1094 3088 1207 3150 divitias

76 3189 147 3247 quae
167 3187 321 3248 nunquam
348 3179 473 3246 pereunt
498 3168 687 3248 possidendas
711 3166 840 3246 henigne
865 3163 978 3224 invitet.
1025 3162 1209 3228 Thaumas
1289 3219 1301 3230 .

74 3257 168 3304 autem
188 3267 275 3305 suurn
295 3246 328 3302 io
344 3243 423 3304 coelo
440 3265 579 3319 repom
598 3245 750 3316 dicuntur,
780 3242 830 3322 qui
856 3241 984 3321 expediti
1004 3239 1086 3300 huius
1105 3243 1208 3302 mnndi

74 3320 185 3402 laqueis
214 3341 299 3380 curas
325 3339 388 3380 suas
415 3332 445 3380 et
463 3321 558 3382 studia
583 3321 621 3380 ad
641 3320 777 3380 coelestis
797 3319 873 3378 vitae
891 3315 1112 3378 meditationem
1132 3339 1208 3378 con-

75 3395 181 3458 serunt.
220 3397 315 3476 Apud
330 3395 446 3456 Lucam
463 3417 524 3456 non
546 3394 715 3476 exprimitur
734 3393 884 3456 antithesis
905 3406 936 3452 et
955 3388 1068 3454 diversa
1089 3395 1206 3455 occasio

75 3485 205 3548 notatur,
225 3492 318 3551 spiare
337 3472 437 3532 iubeat
450 3472 582 3533 Christus
602 3472 697 3551 parari
708 3472 850 3542 sacculos,
869 3470 991 3551 quinon
1005 3481 1206 3544 veterascunt:

75 3550 184 3610 dixerat
204 3549 295 3622 enim,
319 3547 356 3606 V
351 3547 444 3608 endite
461 3571 536 3628 quoa
549 3547 716 3624 possidetis,
733 3559 767 3606 ut
786 3547 860 3608 detis
879 3546 1103 3627 eleemosynam.
1143 3547 1206 3607 lam

75 3625 139 3704 quia
160 3627 266 3684 durum
293 3635 337 3685 est
361 3636 450 3705 atque
470 3626 608 3686 acerhum
626 3622 794 3690 hominibus
819 3644 850 3683 se
870 3621 998 3704 propriis
1018 3621 1205 3682 facultatibus

73 3703 195 3776 nudare,
214 3700 357 3760 levandae
376 3695 460 3760 huius
470 3702 726 3776 molestiae,causa
746 3698 870 3778 amplam
890 3711 920 3759 et
928 3697 1112 3782 magnificam
1123 3717 1206 3776 spem

75 3775 323 3858 compensationis
343 3777 502 3858 proponit,
523 3778 603 3858 quod
622 3777 735 3838 scilicet
752 3776 904 3836 thesauros
923 3775 979 3835 sibi
999 3775 1029 3832 in
1049 3772 1136 3834 coelo
1156 3793 1205 3831 re-

74 3867 198 3944 ponant,
207 3851 270 4004 goi
289 3853 320 3912 in
340 3866 418 3914 terra
437 3853 614 3915 subveniunt
634 3855 755 3913 fratrum
776 3852 909 3934 egestati,
928 3852 1004 3910 iuxta
1023 3846 1097 3908 illud
1116 3845 1205 3907 Salo-

74 3951 185 4004 moms,
242 3929 271 3988 ui
293 3940 397 4010 erogat
416 3929 557 4010 pauperi,
576 3930 746 3989 foeneratur
765 3927 906 3988 Domino.
946 3924 1103 3984 Caeterum
1124 3924 1205 4002 quod

75 4005 109 4066 de
128 4005 365 4086 possessionibus
383 4007 544 4066 vendendis
564 4007 662 4085 praeci
684 4004 720 4080 it,
748 4023 810 4064 non
830 4005 869 4062 ita
890 4001 1020 4084 praecise
1040 4001 1206 4082 urgendum

75 4095 131 4157 ert,
160 4081 245 4162 quasi
272 4080 316 4140 fas
341 4101 402 4142 non
427 4081 465 4140 sit
484 4081 652 4142 Christiano
694 4081 784 4140 onrini
811 4081 877 4160 quic
900 4100 966 4138 uam
985 4074 1040 4136 sihi
1060 4075 1205 4157 reliquum

76 4158 186 4219 lacere:
206 4168 323 4217 tantum
344 4159 451 4218 docere
470 4158 579 4233 voluit,
608 4180 669 4218 non
690 4170 810 4217 eatenus
829 4101 919 4216 modo
938 4151 1122 4234 largiendum
1142 4175 1205 4216 esse

76 4255 128 4313 pau
152 4232 272 4307 eribus,
302 4244 335 4292 ut
360 4234 440 4312 quod
460 4233 547 4294 nobis
566 4235 745 4313 superfluum
771 4245 815 4292 est
835 4233 871 4292 ad
892 4251 943 4292 eos
962 4229 1123 4304 redundet,
1153 4231 1204 4289 sed

75 4331 111 4370 ne
131 4256 236 4370 lundis
261 4309 379 4399 quidem
404 4311 582 4401 parcendum
609 4331 686 4385 esse,
717 4309 742 4370 si
767 4329 927 4400 pauperum
952 4305 1117 4366 necessitati
1142 4327 1205 4365 non

75 4387 199 4450 sufficiat
217 4387 342 4465 reditus,
362 4407 412 4468 qur
431 4387 468 4450 ad
487 4407 603 4450 manum
625 4399 682 4452 est:
703 4387 762 4450 acsi
779 4387 905 4462 duxisset,
924 4382 1097 4446 Liberalitas
1108 4393 1203 4448 vestra
