2778 4838
330 349 336 362 ι
389 249 588 330 tras-uo
626 245 706 312 Puer
723 249 894 334 lunaticus.)
1165 259 1225 323 125

60 423 130 466 mna
149 401 283 480 obnoxii,
301 401 449 483 praesidio
468 411 572 472 tamen'
586 423 640 464 suo
659 423 715 465 nos
733 414 848 466 tuetur:
868 403 1040 484 praesertim
1060 403 1084 464 si
1103 415 1223 484 reputa-

60 503 140 556 mus,
160 490 270 560 quanta
289 499 345 540 nos
364 479 508 560 perdendi
527 480 665 560 cupidine
683 481 790 574 flagret
808 481 901 541 hostis
919 491 1029 541 noster.
1068 479 1130 542 Sed
1148 481 1226 555 haec¹

62 577 188 694 qnoque
208 555 373 647 cpnsolatio
393 557 496 617 venire
515 557 602 618 nohis
623 555 713 618 debet
729 577 761 618 rn
779 567 919 633 mentem,
940 555 1089 647 §hristum
1105 558 1143 618 ad
1161 557 1223 619 ire-

61 657 122 694 nan
146 655 193 693 am
210 631 393 694 erusrabrem
406 633 531 708 venisse,
551 655 585 696 ac
605 633 673 694 ideo
693 655 748 695 nos
763 634 843 695 inter
861 645 907 694 tot
922 633 1089 694 discrimina
1101 655 1223 696 manere

60 709 247 784 incolumes,
267 710 334 789 quia
359 709 441 770 malis
461 709 579 778 nostris„
588 710 723 790 superior
743 723 788 774 est
807 711 943 774 coelestis
962 709 1115 770 medicina.
1154 711 1223 772 Huc

59 800 90 848 et
108 786 257 867 temporis
275 785 492 848 circumstantia
512 788 638 848 accedit:
658 789 821 869 respondet
839 801 934 869 pater,
953 807 969 846 a
985 786 1111 865 pueritia
1128 785 1221 848 filium

58 887 144 924 suum
165 875 225 924 tam
244 863 349 932 misere
370 863 459 927 luisse
484 863 635 924 afflictum.
662 863 706 924 ¹Si
732 877 844 926 tautum
870 861 1007 926 licentiae
1031 863 1063 922 iu
1086 873 1221 926 teneram

58 941 142 1002 illam
164 939 320 1001 aetatulam
341 939 467 1002 Satanae
486 941 658 1031 permissum
677 941 747 1016 luit,
772 942 843 1022 quid
867 941 954 1002 nobis
975 959 1036 998 non
1056 939 1222 1002 timendum

57 1030 112 1092 est,
135 1017 187 1097 qui
207 1015 284 1077 vitiis
305 1017 412 1078 nostris
431 1016 555 1091 subinde
575 1018 611 1078 ad
631 1019 800 1081 mortiferos
818 1019 893 1080 ictus
912 1037 968 1078 nos
981 1015 1150 1091 obiicimus,
1168 1015 1221 1096 qui
1276 1024 1279 1036 ¹

56 1093 243 1177 suggerimus
265 1093 352 1153 etiam
378 1093 455 1154 hosti
480 1106 583 1164 nostro
609 1095 686 1170 tela,
713 1107 743 1156 et
767 1095 798 1156 in
824 1117 899 1176 quos
923 1095 987 1154 iure
1012 1115 1066 1154 suo
1091 1093 1218 1174 grassari

56 1183 171 1252 posset,
190 1169 246 1229 nisi
265 1168 391 1230 mirabili
411 1171 469 1232 Dei
490 1171 624 1235 bonitate
645 1171 776 1232 cohibita
796 1173 908 1234 iaceret
926 1172 987 1232 eius
1007 1168 1123 1230 libido?

135 1246 242 1306 Matth.
267 1253 314 1312 17.
369 1245 396 1308 0
424 1252 505 1307 uenio
530 1246 690 1308 emeda.
741 1249 918 1329 Quanquam
943 1247 1059 1308 videtur
1085 1243 1219 1308 Christus

55 1343 228 1384 sermonem
247 1321 375 1404 dirigere
395 1324 425 1384 in
446 1337 559 1406 patrem
578 1324 709 1400 lunatici,
728 1345 790 1398 non
813 1326 932 1387 dubium
952 1337 1050 1384 tamen
1071 1333 1125 1397 est,
1146 1323 1221 1401 quin

55 1399 169 1460 scribas
188 1399 338 1479 respiciat,
357 1400 443 1461 sicuti
463 1402 552 1482 paulo
572 1414 640 1462 ante
661 1402 757 1463 docui.
795 1403 871 1464 Nam
883 1413 994 1463 certum
1012 1409 1065 1472 est,
1085 1416 1147 1460 nou
1161 1397 1222 1458 ob..

54 1478 101 1538 iur
125 1477 169 1538 ari
181 1477 268 1536 rudes
285 1477 472 1552 acinfirmos,
491 1480 541 1539 sed
563 1479 613 1559 qui
633 1478 768 1558 impliciti
786 1479 818 1538 in
836 1491 886 1540 sna
906 1477 1015 1540 malitia
1035 1475 1231 1557 contumaci·¹
1272 1503 1273 1516 ¹

54 1565 100 1614 ter
146 1573 184 1613 eo
199 1552 352 1620 resistunt:
373 1553 442 1614 ideo
463 1555 569 1636 dignos
590 1575 653 1616 esse
673 1575 710 1616 ne
733 1567 763 1615 at
784 1555 928 1631 Christus,
948 1574 1022 1633 quos
1035 1549 1157 1640 amplius
1168 1563 1220 1612 to·
1261 1601 1265 1614 .

54 1631 144 1706 leret,
164 1649 256 1708 seque
273 1629 355 1690 brevi
373 1629 531 1692 divortium
549 1631 690 1693 cumillis
713 1645 846 1694 acturum
857 1632 994 1693 minatur.
1023 1627 1105 1686 Nihil
1117 1639 1217 1690 autem

53 1719 157 1787 potest
175 1706 308 1766 accidere
329 1707 468 1783 deterius,
488 1729 575 1800 quam
594 1720 628 1770 111
646 1728 701 1770 uos
722 1710 845 1770 deserat.
883 1711 954 1770 Non
971 1705 1044 1768 levis
1057 1715 1154 1764 autem
1166 1724 1217 1764 ex·
1249 1705 1258 1776 ζ

52 1781 212 1863 probratio
234 1793 287 1856 est,
307 1784 387 1863 quod
398 1783 572 1846 visitationis
588 1807 657 1848 suae
675 1786 799 1868 gratiam
816 1797 875 1846 tam
887 1809 920 1847 su
944 1783 1015 1846 erbe
1025 1792 1223 1860 respueretur

52 1859 105 1920 ubi
134 1858 222 1919 etiam
247 1861 409 1920 notandum
426 1873 495 1938 uest,
521 1861 601 1924 varie
625 1864 795 1924 tractandos
828 1883 889 1924 esse
918 1807 1053 1924 homines
1077 1877 1133 1936 pro
1159 1878 1214 1918 suo

53 1955 203 2017 quemque
232 1935 364 2017 ingenio.
407 1938 483 1998 Nam
511 1960 601 2018 quum
629 1939 740 2002 dociles
759 1961 870 2000 summa
894 1927 1077 2024 humanitate
1096 1932 1216 2024 alliciat,

52 2013 197 2074 sustineat
215 2011 357 2086 infirmos,
377 2015 477 2074 tardos
497 2016 585 2076 etiarn
604 2017 756 2076 moderate
777 2017 892 2092 excitet,
912 2013 1049 2076 flexuosis
1068 2021 1214 2076 11111111-

51 2087 194 2170 pentibus
213 2109 276 2148 non
296 2089 401 2169 parcit,
420 2111 495 2170 quos
514 2092 595 2152 videt
613 2091 701 2152 nullis
719 2093 856 2155 remediis
875 2092 971 2154 sanari
990 2107 1087 2172 posse·
1186 2137 1189 2143 ,

127 2165 314 2230 1111120.-
396 2189 426 2225 aa
443 2165 557 2228 nidhart
581 2167 671 2227 illust
712 2169 804 2244 Quod
830 2169 958 2230 atrocius
982 2166 1072 2228 solito
1099 2161 1131 2222 in
1156 2163 1213 2224 ho-

50 2243 162 2302 minem
181 2241 275 2304 saevit
294 2241 340 2302 dia
364 2243 438 2314 olus,
457 2243 509 2302 uhi
529 2244 567 2302 ad
587 2243 736 2306 Christum
756 2243 1050 2318 adducitur,·micum
1070 2259 1133 2298 111111
1152 2251 1213 2300 est:

51 2341 117 2378 narn
140 2339 201 2398 quo
222 2337 279 2408 pro
302 2317 348 2381 ior
365 2317 438 2378 allul
461 2330 491 2377 et
503 2318 615 2378 Christi
635 2320 729 2402 gratia
749 2330 781 2380 et
799 2321 945 2383 efficacius
966 2319 1038 2400 agit,
1058 2335 1095 2374 eo
1115 2313 1214 2395 impo-
1257 2375 1265 2388 ,

50 2395 162 2456 tentius
181 2393 254 2454 sumt
292 2405 368 2452 atan.
408 2339 519 2454 citisus·
538 2395 630 2476 igitur
648 2395 813 2474 praesentia
833 2417 896 2456 nou
915 2409 997 2457 secus
1017 2415 1051 2454 ac
1071 2389 1212 2530 clangore

53 2471 141 2534 tubae
167 2469 355 2543 accenditur,
379 2480 410 2529 et
434 2491 625 2549 quoscunque
650 2482 749 2550 potest
772 2471 913 2532 tumultus
935 2478 1051 2541 movet,
1076 2485 1134 2526 con
1157 2469 1214 2550 igit

51 2547 140 2608 etiam
161 2559 303 2638 quantum
328 2546 358 2606 in
383 2567 416 2607 se
435 2559 487 2606 est.
527 2547 596 2607 Hoc
614 2559 683 2606 aute
702 2558 816 2626 tempus
834 2548 1005 2608 meditatum
1024 2564 1080 2603 nos
1100 2541 1211 2605 habere

50 2635 202 2698 convenit,
222 2644 260 2683 ne
282 2622 417 2682 turbetur
437 2624 508 2684 fides
528 2633 639 2698 nostra,
659 2624 775 2702 quoties
795 2624 832 2683 ad
852 2637 984 2690 exortum
997 2618 1109 2706 gratiae
1122 2620 1213 2682 Chri·

48 2701 85 2761 ati
96 2701 189 2762 solito
202 2699 360 2760 violentius
373 2699 501 2782 insurgit
515 2700 563 2760 hic
574 2713 675 2760 noster
687 2699 793 2761 hostis:
812 2700 873 2760 imo
893 2699 971 2762 aliud
992 2706 1145 2781 praeterea
1165 2708 1211 2757 te-

47 2778 181 2838 nendum
208 2787 268 2850 est,
292 2797 394 2836 verum
413 2789 533 2837 nostrae
552 2777 712 2837 sanationis
731 2776 846 2837 initium
868 2797 946 2854 esse,
967 2778 1007 2837 ita
1028 2773 1145 2855 penitus
1165 2771 1211 2833 as-

46 2855 112 2934 fligi
131 2866 166 2912 111
185 2853 335 2912 minimum
356 2875 372 2912 a
392 2865 489 2913 morte
509 2853 656 2914 distemus.
693 2853 779 2914 Adde
800 2855 886 2932 quod
901 2875 935 2913 ex
955 2852 1068 2914 furioso
1084 2849 1211 2912 Satanae

47 2931 162 3010 impetu
173 2929 320 2990 Dominus
340 2931 377 2990 ad
395 2929 597 2992 illustrandam
615 2953 696 2991 suam
736 2930 840 2990 ratiam
858 2929 957 2990 lacem
974 2927 1122 2991 accendit:
1142 2949 1210 2988 nam

48 3028 141 3088 quum
162 3005 298 3065 horribili
317 3005 370 3066 illo
389 3007 560 3086 spectaculo
582 3009 700 3068 attoniti
715 2951 843 3068 inissent
862 3007 1008 3081 homines,
1026 3004 1209 3066 indemelius

47 3093 207 3165 perspecta
226 3081 283 3142 illis
304 3081 368 3158 suit,
429 3104 463 3143 ae
483 3103 550 3142 mor
569 3097 692 3163 sequuta
712 3096 765 3158 est,
786 3083 896 3145 Christi
914 3084 1014 3146 virtus.

122 3165 170 3222 21.
208 3164 238 3216 A
256 3181 361 3234 puero.
430 3160 477 3220 ine
509 3159 690 3242 colligimus,
719 3181 781 3220 uon
814 3159 902 3221 fuisse
948 3158 1056 3220 eecatis
1080 3158 1209 3222 hominis

46 3235 124 3296 hanc
144 3254 273 3314 poenam
292 3235 449 3311 inflictam,
474 3237 527 3297 aed
552 3258 690 3297 arcanum
711 3236 798 3297 fuisse
818 3236 877 3297 Dei
897 3181 1045 3296 iuhicium.
1085 3235 1210 3297 Certum

46 3313 167 3392 quidem
187 3321 241 3385 est,
260 3332 298 3371 ne
319 3309 446 3373 infantes
466 3312 596 3392 quidem,
614 3312 817 3393 simulatquee
840 3313 1140 3388 ressisuuterutero,
1159 3314 1208 3372 iu-

44 3400 147 3450 sontes
173 3408 271 3448 eoram
291 3388 358 3448 Deo
379 3399 410 3449 et
427 3400 511 3450 reatu
530 3389 644 3449 solutos
670 3410 750 3463 esse,
774 3410 805 3450 se
845 3389 904 3450 Dei
923 3388 1041 3472 flagella
1060 3390 1209 3450 interdum

45 3463 178 3524 occultas
199 3463 311 3525 habent
335 3485 450 3538 causas,
475 3465 564 3543 idque
585 3466 620 3525 ad
641 3464 824 3544 probandam
844 3477 975 3526 nostram
995 3464 1206 3526 obedientiam.

44 3541 152 3620 Neque
179 3541 255 3600 enim
282 3541 366 3600 aliter
391 3542 497 3600 iustum
518 3541 674 3602 deserimus
693 3541 840 3602 honorem
860 3542 945 3617 Deo,
971 3562 1058 3621 quam
1077 3541 1101 3601 si
1120 3558 1206 3599 rere-

44 3628 148 3678 renter
168 3628 198 3677 et
216 3617 350 3691 modeste
370 3619 524 3677 adoramus
544 3617 604 3677 eius
624 3618 774 3693 iustitiam,
794 3618 862 3678 dum
872 3617 958 3679 nobis
971 3629 1015 3677 est
1024 3615 1206 3682 abscondita,

45 3694 79 3752 Si
107 3691 172 3772 quis
197 3693 252 3754 hac
278 3695 314 3754 de
339 3715 372 3754 re
397 3692 482 3773 plura
508 3704 642 3772 appetat,
676 3705 778 3775 petere
808 3693 910 3754 licebit
942 3715 976 3753 er
999 3712 1081 3752 nono
1108 3691 1206 3771 capite

45 3769 168 3830 Ioannis
186 3767 219 3828 in
239 3767 337 3830 locum
356 3769 449 3844 illum,
467 3771 513 3830 Ne
535 3791 572 3830 ue
592 3771 724 3850 peccavit
742 3771 799 3846 hic,
819 3791 917 3850 neque
936 3780 1074 3850 parentes
1094 3767 1165 3826 eins.

122 3851 169 3910 22.
208 3844 245 3904 Si
267 3845 340 3926 quid
355 3862 456 3922 potes,
483 3789 606 3905 noiomi.
644 3847 799 3923 Videmus,
831 3868 917 3929 quam
946 3867 1049 3926 parum
1079 3840 1204 3902 honoris

43 3921 157 3982 tribuat
177 3919 311 3982 Christo:
331 3922 512 4002 Prophetam
532 3921 610 3982 enim
630 3924 796 4006 quempiam
814 3943 876 3994 esse
893 3933 1009 4002 putans,
1028 3919 1109 3980 cuius
1121 3917 1205 3980 finita

43 4000 83 4060 sit
103 3997 235 4072 facultas,
255 3999 359 4060 dubins
379 4001 416 4059 ad
436 4019 502 4058 eum
522 3999 644 4060 accedit.
683 4001 774 4079 Atqui
793 4001 919 4080 primum
939 3997 1007 4057 fidei
1027 3995 1204 4056 fundamen-

43 4087 106 4136 tum
126 4087 182 4149 est‚
201 4075 371 4150 inruuensam
384 4076 444 4136 Dei
455 4075 617 4155 potentiam
636 4077 786 4156 amplecti:
806 4073 916 4156 primns
938 4073 1024 4134 etiam
1043 4073 1080 4134 ad
1099 4091 1203 4150 preces

43 4152 193 4234 ingressus
215 4163 268 4228 est,
287 4173 374 4232 supra
394 4153 491 4212 omnia
513 4149 663 4212 obstacula
683 4153 807 4213 eandem
826 4150 974 4224 attollere,
994 4160 1027 4208 ut
1037 4160 1119 4210 certo
1132 4169 1203 4228 per-

43 4230 119 4288 suasi
138 4229 227 4288 simns
247 4247 308 4286 non
329 4229 436 4289 lrustre
455 4248 510 4287 nos
529 4228 653 4306 precari.
692 4228 771 4303 Quia
789 4238 885 4290 antem
898 4247 960 4288 non
971 4225 1027 4286 nisi
1038 4223 1203 4288 humanitus

44 4304 79 4364 de
101 4303 223 4367 Christo
243 4302 390 4365 sentIebat
409 4305 456 4364 hic
475 4305 577 4381 homo,
596 4303 667 4365 lalsa
684 4305 746 4366 eius
767 4302 870 4385 opinio
888 4301 1061 4386 corrigitor:
1081 4299 1204 4363 formari

44 4382 122 4446 euim
140 4381 204 4444 eins
218 4379 306 4444 fidem
324 4382 466 4464 oportuit,
485 4391 519 4444 ut
537 4391 658 4462 optatae
676 4382 789 4476 gutiae
809 4399 899 4462 capax
918 4392 948 4444 et
967 4399 1091 4462 compos
1109 4380 1202 4442 fieret
