2756 4838
421 313 428 324 ,
491 227 575 302 (toa.
617 222 791 302 Zachaem.)
922 216 926 229 ¹
1104 245 1108 258 ·
1167 226 1225 290 tes

53 375 313 518 pqplquprvqultisse
333 375 460 459 gloriam
479 377 567 451 Deo,
591 379 671 458 qnod
691 378 728 440 ad
749 373 932 460 probandam
951 328 1084 436 niiraculi
1104 375 1224 496 certitu·

136 706 249 786 (167.)
269 778 272 786 ¹
292 705 368 769 linc.
389 705 471 768 XlX.
513 703 542 773 l.
564 708 605 772 Et
633 712 794 792 ingressus
816 703 1063 794 perambulabat
1090 701 1225 770 Iericho.

53 813 81 876 2.
115 811 158 876 Et
183 831 263 874 ecce
291 811 340 874 vir
362 811 498 874 nornine
522 813 700 890 Zachaeus,
732 823 828 898 atquc
856 814 882 876 is
904 813 1056 898 princeps
1078 819 1147 872 erat
1167 829 1226 894 pu-

54 917 275 988 blicanorurn,
310 925 341 978 ct
363 914 448 980 idern
472 927 540 980 erat
568 913 666 980 dives
708 917 738 982 3.
770 917 812 980 Et
832 903 1017 1004 'quaerebat
1042 913 1155 979 videre
1177 913 1226 978 le-

55 1043 137 1098 sum,
176 1021 252 1104 quis
274 1028 373 1092 asset,
407 1039 467 1082 nec
489 1031 616 1104 poterat
637 1041 717 1105 prae
738 1017 848 1096 turba,
875 1019 963 1107 quod
986 1025 1103 1082 statura
1125 1014 1227 1104 pusil-

55 1126 102 1190 lus
136 1133 235 1189 esset.
277 1121 305 1184 4,
341 1123 381 1186 Et
409 1144 622 1209 praecurrens
656 1123 800 1188 ascendit
830 1126 863 1186 in
893 1121 1041 1186 arborem
1077 1143 1225 1208 sycomo-

57 1250 138 1302 rum,
167 1237 204 1290 ut
227 1223 353 1290 videret
376 1249 464 1292 eum:
491 1249 563 1294 nam
585 1226 661 1293 illac
683 1237 750 1292 erat
772 1230 970 1292 transiturus.
1014 1228 1043 1291 5.
1064 1227 1105 1290 Et
1127 1249 1226 1312 quum

56 1329 196 1396 venisset
221 1329 262 1394 ad
286 1327 409 1406 locum,
451 1335 630 1417 suspiciens
657 1331 744 1395 lesus
766 1329 845 1395 vidit
867 1328 972 1407 illurn,
1015 1329 1226 1417 dixitquead

57 1457 142 1498 cunr:
189 1432 355 1510 Zachaee,
399 1433 553 1525 festinans
584 1427 782 1510 descende,
808 1435 883 1518 quia
911 1432 1011 1499 bodie
1040 1433 1128 1500 domi
1149 1446 1226 1500 tuae

56 1539 187 1625 oportet
210 1559 263 1600 me
285 1559 422 1603 manere.
465 1543 494 1604 6.
528 1541 569 1604 Et
591 1539 746 1604 festinans
767 1536 949 1614 descendit,
989 1547 1021 1602 et
1043 1539 1168 1622 excepit
1189 1535 1227 1600 il-

56 1640 119 1708 lnnr
143 1641 303 1727 gaudena.
346 1645 374 1707 7.
401 1643 577 1731 Quumque
598 1644 748 1712 viderent
770 1662 898 1718 omnes,
918 1633 1158 1706 murmurabant
1179 1640 1227 1705 di-

56 1761 181 1824 centes,
226 1746 316 1832 quod
343 1750 505 1832 ingressus
535 1760 620 1813 esset
647 1747 733 1834 apud
756 1746 919 1814 bominem
944 1757 1150 1831 peccatorem
1179 1745 1225 1810 di·

56 1863 252 1920 versaturus.
314 1852 343 1916 Θ.
385 1851 481 1916 Stans
500 1846 623 1916 'autern
658 1851 822 1917 Zachaeus
856 1849 933 1915 dixit
966 1849 1006 1914 ad
1038 1849 1227 1926 Dominum,

57 1955 140 2019 Ecce
166 1953 336 2020 dimidium
357 1951 519 2022 bonorum
543 1977 701 2036 meorum,
741 1955 898 2032 Domine,
942 1952 985 2018 do
1014 1951 1226 2039 pauperibus:

59 2069 91 2123 et
110 2063 139 2124 si
169 2059 250 2146 quid
279 2055 418 2144 aliquem
446 2058 651 2136 defraudavi,
694 2057 799 2125 reddo
826 2055 1050 2144 quadruplum.
1113 2059 1145 2123 9.
1172 2061 1227 2124 Ait

59 2165 146 2230 lesus
170 2163 213 2228 ad
237 2183 323 2238 eum,
354 2161 463 2226 Hodie
491 2159 578 2225 salus
600 2162 711 2228 domui
734 2162 809 2226 buic
829 2164 977 2246 contigit,
1012 2182 1053 2232 eo
1082 2153 1171 2245 quod
1194 2169 1227 2225 ct

59 2270 127 2352 ipsc
150 2267 242 2332 filins
264 2267 303 2327 sit
325 2250 485 2328 Abrahae.
530 2265 579 2356 ill.
610 2265 711 2328 Venit
732 2266 816 2328 enim
838 2260 943 2328 Filius
964 2261 1102 2327 bominis
1128 2281 1227 2348 quae-

59 2391 131 2436 rere
156 2381 191 2435 et
214 2387 357 2445 servare,
378 2365 468 2452 quod
490 2367 638 2450 perierat.

135 2583 220 2644 Hinc
231 2591 364 2662 apparet,
384 2601 471 2660 quam
490 2597 552 2639 non
573 2577 664 2639 luerit
683 2579 812 2642 curiosus
824 2581 918 2641 Lucas
939 2579 970 2639 in
991 2579 1131 2640 servanda
1150 2589 1227 2640 tern-

62 2683 169 2741 porum
180 2658 267 2719 serie.
293 2658 366 2718 Post
387 2678 453 2716 uam
475 2656 552 2716 enirn
573 2656 746 2718 miraculum
759 2659 903 2730 narravit,
923 2677 1002 2716 nune
1021 2653 1135 2730 recitat,
1176 2655 1227 2717 uid
1252 2686 1256 2698 ·

62 2737 206 2800 acciderit
224 2736 255 2794 in
275 2733 350 2794 urbc
368 2679 498 2794 iericho.
536 2731 617 2792 Dicit
636 2746 750 2808 autem,
765 2756 864 2814 ,quum
886 2733 1019 2795 Christus
1039 2752 1070 2792 se
1091 2752 1170 2790 ornnr
1192 2754 1226 2794 us

62 2814 190 2875 oslerret
211 2833 265 2892 per
282 2813 343 2872 vias
364 2809 574 2884 obambulans,
602 2831 693 2870 unum
717 2811 881 2872 Zachaeurn
907 2810 968 2871 eius
991 2807 1112 2881 videndi
1137 2807 1226 2870 luisse

63 2893 185 2951 manime
208 2887 355 2969 cupidum.
395 2887 427 2946 Si
450 2909 520 2947 num
541 2885 619 2948 enim
640 2889 820 2948 vehementis
841 2887 978 2950 desiderii
999 2887 1069 2959 snit,
1088 2881 1226 2948 arborem

64 2967 280 3040 conscendere,
310 2987 398 3056 quum
419 2908 523 3026 divites
545 2975 576 3022 ut
595 2963 752 3043 plurimum
772 2965 832 3026 sint
851 2965 990 3038 fastuosi,
1017 2981 1108 3054 seque
1127 2963 1227 3044 specie
1286 2967 1295 2976 ’

64 3043 213 3126 gravitatis
234 3041 395 3103 venditent.
444 3041 523 3101 Fieri
548 3041 665 3118 quidem
691 3054 790 3123 potest
813 3054 847 3104 ut
865 3042 943 3102 idem
962 3041 1011 3102 alii
1031 3053 1119 3102 etiam
1140 3052 1227 3122 opta,

64 3122 137 3194 rint,
156 3120 212 3180 sed
232 3120 309 3178 hunc
330 3141 400 3200 prae
420 3115 484 3178 aliis
503 3115 641 3178 omnibus
660 3118 765 3180 merito
786 3118 948 3180 celebravit
966 3117 1075 3193 Lucas,
1103 3131 1167 3180 turn
1186 3117 1227 3179 ob

65 3196 236 3276 qualitatem
256 3216 416 3276 personae,
435 3209 498 3256 turn
518 3191 558 3254 ob
579 3193 698 3269 miram,
719 3216 793 3276 quae
812 3209 936 3277 repente
957 3195 1081 3269 exstitit,
1099 3193 1227 3256 bominis

66 3273 301 3334 conversionem.
351 3273 416 3332 Etsi
435 3283 532 3334 autern
552 3271 583 3329 in
603 3272 738 3334 Zachaeo
759 3275 890 3334 nondum
910 3285 974 3334 erat
999 3271 1124 3334 formata
1144 3271 1228 3350 fides,

66 3348 121 3408 luit
139 3361 240 3410 tamen
262 3350 333 3408 baec
353 3348 540 3444 praeparatio
561 3349 713 3426 quaedam.
752 3350 857 3430 Neque
877 3352 956 3411 enirn
967 3347 1078 3410 Christi
1098 3349 1227 3427 conspe-

68 3437 143 3486 ctum
164 3427 228 3487 sine
249 3424 371 3486 coelesti
390 3426 529 3486 instinctu
549 3435 706 3516 tantopere
718 3446 752 3485 ex
774 3439 882 3487 cteret:
902 3427 970 3488 dico
991 3425 1021 3486 iu
1042 3446 1109 3485 eum
1128 3423 1228 3502 finem,

69 3503 116 3590 qui
136 3504 234 3563 statim
255 3503 401 3593 apparuit.
417 3500 575 3578 Quosdam
593 3523 672 3562 enam
691 3447 771 3562 baud
789 3502 877 3566 dubie
898 3502 1014 3584 impulit
1032 3522 1106 3560 vana
1128 3500 1228 3560 curio-.

69 3589 145 3652 sitas,
164 3591 199 3639 ut
211 3577 322 3640 Christi
332 3579 446 3640 visendi
458 3597 543 3638 causa
563 3577 650 3637 etiam
672 3601 706 3641 ex
725 3578 797 3640 locis
816 3581 937 3642 remotis
957 3587 1157 3650 accurrerent,
1176 3575 1228 3643 sed

70 3672 103 3710 ex
121 3667 232 3746 eventq
251 3654 364 3736 patuit,
390 3655 534 3722 inclusum
554 3653 643 3716 luisse
660 3657 780 3792 pietatis
799 3679 900 3718 semen
920 3657 950 3716 in
971 3655 1069 3715 animo
1092 3651 1228 3720 Zachaei·

72 3727 119 3790 Sic
137 3731 286 3792 Dominus
306 3752 405 3812 saepe,
425 3732 593 3813 priusquam
612 3753 643 3793 se
683 3732 828 3796 ominibus
839 3733 1016 3806 manifestet,
1036 3726 1228 3789 coecumillia
1265 3746 1276 3754 ·

72 3805 208 3868 “fficium
219 3809 353 3888 insiliit&
374 3830 433 3889 quo
448 3809 582 3874 feruntur
593 3808 630 3868 ad
636 3809 744 3946 ¹{psum
765 3811 859 3872 adbuc
878 3811 1021 3870 latentem
1040 3815 1072 3865 et
1090 3801 1229 3884 incogni-

72 3891 139 3942 tum.
180 3887 358 3964 Quanquam
374 3897 471 3946 autern
485 3885 616 3944 nondum
638 3885 645 3900 '
680 3909 693 3948 s
713 3896 830 3948 constet
848 3900 929 3950 certa
949 3883 1041 3957 ratio,
1060 3901 1111 3944 eos
1130 3889 1230 3942 manen

74 3975 132 4018 non
153 3961 323 4037 frustratur,
342 3963 394 4022 sed
413 3983 445 4022 se
466 3963 651 4040 intempore
672 3963 821 4044 patefacit.
1213 4033 1214 4038 ἵ

71 4107 77 4115 .
145 4043 173 4101 5·
212 4035 360 4116 lochosa,
372 4041 525 4120 festinans
542 4037 685 4100 clencan&
724 4039 918 4104 Memorabile
939 4033 1051 4122 gratiae
1070 4032 1218 4115 specimen

76 4113 323 4186 l¹¹0dzaclt³eum
335 4115 711 4198 praevenitbominus,nec
724 4130 872 4198 exspectat
884 4119 946 4178 eins
957 4111 1172 4185 invitationem,
1178 4077 1233 4180 sed

77 4181 151 4248 rdtro
172 4194 253 4254 dorni
273 4193 333 4254 eins
353 4193 510 4285 hospitium
529 4193 586 4254 sibi
605 4195 728 4274 quaerit.
754 4195 879 4268 Scimus,
898 4213 985 4274 qnam
1004 4187 1140 4252 odiosum
1159 4199 1231 4248 tunc

75 4258 178 4344 luerit,
197 4271 257 4332 irno
278 4269 451 4332 detestabde
471 4289 582 4331 nornen
594 4271 762 4333 Publiceni:
782 4272 872 4354 idque
891 4269 981 4351 paulo
1001 4276 1069 4348 post
1088 4264 1233 4346 exprimet

80 4333 179 4406 Lucas.
217 4345 345 4430 insignis
363 4366 437 4432 erqo
457 4346 525 4410 Filii
545 4347 605 4413 Dei
624 4349 803 4429 hunanitas,
821 4349 858 4414 ad
878 4367 945 4430 erma
965 4343 1117 4420 accedere·
1135 4363 1152 4403 ²
1171 4360 1231 4424 ‚11³⁰
