2766 4834
355 264 521 342 (12-13„
549 263 709 327 Zachariae
728 254 917 346 prophetiali
1016 273 1019 280 “
1164 275 1205 337 ³5

47 435 97 474 ron
122 413 230 474 modo
257 415 421 476 testandae
444 414 632 498 gratitudinis
658 436 760 494 causa,
790 417 842 478 sed
861 429 905 477 uo
919 416 1041 500 cognati
1066 429 1097 480 et
1113 421 1203 484 ricini

93 513 168 552 nam
193 491 245 551 illi
268 492 417 552 inflictam
438 493 633 568 essescirent,
653 493 721 574 quia
739 493 777 556 ad
797 494 977 556 credendum
996 495 1082 556 nimis
1094 501 1200 561 ‘tandm

117 581 140 628 t.
186 568 309 647 Neque
338 569 418 628 euim
447 569 544 650 ipsum
568 570 674 650 puduit
698 593 765 631 cum
790 591 845 631 suo
874 573 1021 632 dedecore
1048 572 1204 636 celebrare

44 646 90 704 llei
118 645 278 726 gloriam.
333 647 380 704 lta
410 647 518 726 passim
551 647 687 708 omnibus
717 649 863 723 innotuit,
888 669 962 708 ¹non
993 648 1119 710 fortuito
1150 662 1201 712 aut
1269 721 1274 726 ¹

45 722 151 812 uulgari
174 741 274 784 more
294 723 433 804 genitum
458 723 546 784 luisse
570 723 731 802 infantem,
760 726 813 786 sed
838 723 959 786 coelesti
974 725 1103 788 oraculo
1128 747 1201 807 pro-

45 821 167 860 missum.
593 825 596 833 ’
757 805 763 828 “
876 823 888 848 ι’

107 883 163 940 65·
207 873 260 934 Et
277 872 389 936 accidit
406 877 495 936 timor
512 897 600 951 suaper
617 899 723 938 omnes.
763 873 870 938 Timor
884 877 945 953 tic,
964 875 1045 939 cuius
1065 877 1201 940 meminit

47 951 148 1026 Lucas,
186 971 228 1012 ex
255 973 349 1012 sensu
375 951 493 1013 divinae
513 954 665 1033 potentiae
683 956 826 1016 manavit=
857 955 899 1016 sic
924 954 1003 1015 euim
1027 967 1201 1016 reverenter

47 1029 269 1090 consideranda
296 1039 369 1088 sunt
392 1028 453 1089 Dei
478 1049 497 1089 o
520 1051 585 1105 era,
614 1043 649 1091 ut
672 1032 750 1092 serio
774 1052 830 1093 nos
856 1031 995 1093 alliciant
1039 1031 1104 1092 Nec
1127 1051 1200 1093 vero

47 1107 115 1168 Dens
136 1105 226 1166 ludit
247 1105 283 1165 in
305 1105 366 1166 suis
390 1052 555 1196 miraculis,
584 1107 636 1168 sed
655 1108 809 1168 hominum
833 1129 951 1183 sensus,
978 1127 1053 1198 qpos
1076 1121 1199 1188 torpere

48 1184 147 1256 ceruit,
183 1183 316 1244 excitat.
355 1181 441 1242 Dicit
461 1183 548 1243 etiam
567 1183 679 1259 Lucas,
707 1205 836 1265 sparsam
861 1205 960 1245 earum
985 1205 1083 1245 rerum
1109 1185 1225 1245 luisse*

48 1259 144 1319 lauram
171 1259 208 1318 in
238 1271 309 1318 tota
328 1271 476 1320 montana
494 1259 618 1342 regione
638 1262 779 1321 Iudaeae:
811 1280 988 1350 quanquam,
1004 1260 1103 1322 multis
1122 1259 1198 1321 nibil

49 1337 162 1415 proluit,
182 1337 233 1396 sic
247 1335 315 1395 Dei
330 1335 440 1396 virtute
452 1336 490 1395 ad
500 1348 615 1416 tempus
630 1335 717 1397 luisse
737 1348 843 1411 tactos,
863 1357 943 1416 qura,
963 1356 1054 1415 quum
1074 1335 1203 1397 docendi

48 1435 142 1472 nunus
162 1412 263 1473 obice
287 1411 542 1490 coepitloannes,
561 1413 648 1492 pauci
667 1413 810 1473 memoria
826 1411 979 1486 tenebant,
1000 1432 1088 1490 quam
1108 1411 1201 1472 admi-

49 1489 137 1549 rabilis
158 1489 279 1550 luisset
298 1487 363 1548 eius
384 1488 530 1549 nativitas.
571 1488 731 1550 Caeterum
757 1511 820 1550 non
844 1487 960 1549 tanturm
981 1507 1085 1548 eorum
1105 1500 1201 1564 causa,

51 1566 91 1644 qui
108 1566 302 1640 audiebant,
333 1563 431 1624 voluit
452 1565 535 1626 Deus
561 1567 664 1626 harum
690 1587 789 1626 rerum
811 1565 917 1625 lamam
937 1565 1066 1646 vulgari,
1097 1567 1149 1624 sed
1168 1575 1203 1623 ut

51 1643 159 1704 arculis
181 1641 340 1703 omnibus
359 1639 469 1701 certius
489 1654 566 1702 esset
584 1643 767 1718 miraculum,
788 1644 869 1722 quod
881 1653 952 1701 tnnc
963 1640 1070 1721 passim
1083 1639 1202 1701 celebre

52 1719 104 1778 luit.
141 1721 281 1779 interea
306 1737 468 1778 commune
493 1719 522 1778 in
563 1718 712 1780 a‘titudinls
737 1720 882 1780 humanae
902 1715 1055 1809 speculum
1075 1717 1123 1778 hic
1143 1737 1202 1776 no-

52 1793 86 1854 bis
104 1809 172 1856 aute
196 1793 314 1856 oculos
336 1795 470 1874 ponitur.
508 1739 583 1856 clim
603 1817 694 1876 quum
715 1797 860 1857 tenaciter
874 1795 982 1854 animis
1001 1793 1109 1854 nostris
1130 1793 1202 1854 hae·

50 1885 123 1932 remt
140 1893 194 1932 res
214 1889 321 1932 vanae
341 1883 373 1930 ct
392 1869 527 1942 frivolae,
547 1873 643 1932 statim
660 1871 945 1946 elabituretelfluit,
967 1889 1042 1950 quae
1075 1882 1199 1950 erpetuo

49 1949 139 2030 vigere
166 1947 313 2009 debebat
359 1947 500 2007 ratiarum
519 1947 578 2007 Dei
602 1950 753 2009 memoria.
792 1949 864 2009 Non
889 1947 1023 2028 loquitur
1067 1968 1135 2018 ueas
1162 1948 1201 2007 de
1246 1999 1256 2012 ,
1301 1951 1308 1960 ’

51 2025 215 2086 luminibus
237 2023 324 2104 stupi
345 2047 387 2097 rs,
406 2023 454 2083 vel
474 2025 550 2085 veris
569 2026 628 2086 Dei
649 2023 920 2106 contemptoribus:
942 2023 1013 2084 dicit
1033 2023 1129 2096 enim,
1153 2044 1202 2083 eos

47 2107 171 2176 pauisse
190 2105 229 2160 in
249 2099 343 2160 corde
360 2121 427 2174 suo,
449 2099 505 2160 boc
526 2113 580 2176 est,
599 2101 704 2163 sedulo
725 2103 761 2162 ad
782 2103 855 2164 haec
875 2099 1089 2162 consideranda
1110 2099 1199 2160 luisse

52 2191 182 2239 attentos.
225 2179 273 2238 Et
293 2175 455 2258 probabile
476 2187 533 2252 cst,
564 2180 706 2258 quosdam
727 2179 815 2239 luisse
835 2179 867 2238 in
887 2172 1023 2256 tempor'e
1043 2185 1201 2252 memores,

51 2257 93 2313 sed
111 2257 213 2342 maior
236 2273 311 2335 pars
331 2263 511 2333 conceptum
531 2255 670 2315 timorem
690 2255 779 2334 paulo
802 2267 870 2335 post
885 2253 1002 2314 abiecit.
1027 2253 1200 2314 Notandum

51 2341 140 2391 umen
162 2343 223 2406 est,
247 2350 303 2390 eos
323 2329 446 2390 minime
466 2330 616 2391 aberrasse
637 2351 723 2391 asco
747 2351 777 2406 cr,
798 2351 888 2412 quum
904 2331 941 2390 ad
954 2327 1082 2386 buturum
1101 2328 1201 2390 iulan-

52 2409 82 2465 tis
110 2407 328 2468 excellentiam
360 2406 529 2466 retulerunt
560 2429 636 2488 quae
663 2352 806 2467 videbant
831 2405 982 2464 miracula.
1019 2404 1095 2462 Tale
1122 2406 1201 2464 enim

53 2483 130 2545 luisse
149 2484 216 2544 Dei
240 2482 404 2560 consilium
425 2483 562 2556 diximus,
594 2495 634 2566 ut,
646 2493 751 2563 postea
772 2485 901 2543 loannes
926 2499 989 2540 non
1014 2478 1078 2537 sine
1099 2465 1201 2539 eximia

49 2559 316 2622 commendatione
342 2555 486 2640 prodiret.
533 2560 625 2634 Quod
651 2559 721 2619 dicit
740 2558 851 2630 Lucas,
881 2575 1000 2614 murm
1024 2552 1085 2612 Dei
1100 2556 1202 2635 flius

52 2657 109 2696 cun
125 2659 179 2713 en,
207 2657 316 2696 seusus
338 2647 400 2710 cst,
432 2635 529 2696 multis
549 2636 643 2695 modis
665 2635 853 2714 conspicuam
879 2631 968 2692 luisse
988 2628 1047 2687 Dei
1067 2631 1202 2711 gratiam,

89 2735 121 2773 ae
141 2714 248 2794 palam
271 2713 457 2786 ostenderet,
477 2732 540 2772 non
560 2712 626 2773 lore
649 2711 798 2771 bominem
813 2707 991 2792 gregarium.
1030 2707 1085 2765 Est
1104 2718 1202 2765 autem

54 2733 170 2870 ἕξιππα
193 2790 354 2870 loquutio,
375 2809 451 2869 quae
472 2789 623 2870 exprimit,
642 2809 705 2848 non
725 2807 808 2848 secus
828 2785 1005 2878 patefactam
1025 2802 1087 2844 esse
1107 2781 1202 2847 virtu·
1258 2816 1262 2830 ι

54 2877 107 2925 tem
125 2867 206 2942 Dei,
238 2887 329 2945 quam
356 2865 497 2945 sipalam
524 2878 684 2946 conspecta
711 2877 788 2926 esset
813 2885 875 2931 erus
900 2883 1018 2938 manus,
1047 2871 1081 2920 ut
1103 2857 1203 2922 Deum

55 2956 240 3020 praesentem
261 2962 429 3025 agnoscere
449 2942 540 3024 cuiuis
560 2955 732 3024 promptum
753 2941 843 3003 foret.

91 3191 177 3270 (12)
222 3187 328 3257 LUC.
351 3189 376 3253 l.
415 3188 470 3255 67.
500 3190 542 3256 Et
563 3174 736 3255 Zacbarlas
762 3199 857 3274 pater
884 3190 954 3254 eius
981 3183 1125 3271 repletus
1154 3195 1204 3251 est

58 3290 177 3376 Spiritu
198 3299 324 3368 sancto,
348 3291 628 3378 prophetavitque,
650 3291 776 3356 diceus:
798 3291 849 3354 68.
870 3289 1069 3357 Benedictus
1090 3289 1204 3356 Domi·

59 3413 115 3456 nus
126 3392 222 3456 Deus
242 3388 358 3468 lsrael,
380 3395 455 3476 quia
476 3395 625 3472 visitavit,
647 3401 679 3456 et
701 3390 777 3455 lecit
796 3389 1053 3478 redemptionem
1077 3390 1202 3476 populo
1272 3459 1281 3477 ¹
1338 3428 1341 3437 =

59 3511 131 3558 mo:
159 3495 213 3557 69.
233 3491 276 3556 Et
299 3494 403 3556 erexit
424 3515 527 3558 cornu
548 3493 659 3558 salutis
681 3489 779 3557 uobis
800 3493 833 3555 iu
856 3491 954 3557 domo
977 3493 1086 3558 David
1108 3493 1203 3578 pueri

59 3596 125 3666 sui,
146 3593 197 3656 70.
217 3589 328 3672 (Sicut
350 3588 505 3677 loquutus
528 3605 577 3660 est
597 3616 657 3680 per
678 3613 716 3658 os
737 3603 928 3670 sanctorum,
949 3596 1006 3680 qui
1029 3615 1048 3656 a
1069 3569 1201 3658 saeclrlo

60 3689 196 3772 luerunt,
218 3693 456 3780 Prophetarum
468 3697 625 3774 suorum),
646 3695 698 3760 71.
721 3693 863 3759 Salutem
878 3716 915 3757 ex
927 3697 1063 3759 inimicis
1074 3696 1203 3771 nostris,

62 3792 154 3857 etde
175 3817 273 3859 manu
298 3797 460 3871 omnium,
482 3799 537 3882 qui
560 3797 700 3862 oderunt
722 3817 797 3860 nos:
830 3795 880 3859 72.
902 3793 954 3860 Ad
976 3791 1203 3880 praestandam

62 3895 313 3962 misericordiam
337 3903 417 3980 erga
434 3896 546 3963 Patres
573 3909 716 3975 nostros,
752 3905 784 3960 et
811 3897 996 3960 memoriam
1020 3886 1202 3959 bab'endam

64 3992 260 4062 Testamenti
284 3999 335 4062 sui
357 3999 477 4074 sancti,
505 3999 553 4063 73.
576 3997 762 4063 Secundum
784 3995 1021 4073 iusiurandum,
1044 3995 1133 4082 quod
1155 3999 1205 4084 lu·

64 4098 141 4158 ravit
161 4098 203 4161 ad
220 4095 389 4162 Abrabam
411 4109 534 4183 patrem
556 4113 710 4178 nostrum,
732 4098 774 4164 ad
798 4097 940 4164 dandum
961 4095 1065 4174 nobis,
1088 4099 1137 4162 74„
1158 4099 1204 4163 Ut

66 4197 130 4259 sinc
151 4203 270 4264 timore
300 4197 343 4262 de
372 4217 469 4262 manu
496 4201 698 4266 inimicorum
726 4213 910 4267 nostrorum
932 4195 1063 4264 liberati
1083 4202 1204 4266 semia·

68 4317 129 4362 mus
149 4299 228 4379 illi,
251 4301 302 4366 75.
324 4293 362 4364 ln
383 4303 551 4368 sanctitate
574 4313 607 4368 et
624 4303 745 4396 iustitia
767 4321 875 4368 coram
896 4302 972 4385 ipso
991 4303 1116 4368 cunctis
1137 4300 1206 4367 die-

70 4393 123 4464 bus
141 4405 229 4466 ritae
251 4409 395 4468 nostrae.
897 4456 901 4466 ,
941 4479 1005 4546 μ
