2764 4846
70 3461 73 3466 ·
153 3481 156 3510 Ι
175 3438 287 3505 posset,
307 3431 387 3508 quod
406 3452 422 3490 a
444 3431 623 3493 Tritheismo
645 3435 680 3494 ad

101 304 107 313 ·
176 317 279 370 xxxo
547 275 555 299 ⁸
584 299 638 362 10.
661 297 830 360 caunum
852 295 952 360 vina

358 374 369 400 h

182 459 327 521 Personas
347 454 388 514 sic
409 455 496 514 etiam
507 454 667 530 Essentia's,
687 454 716 514 id
738 465 791 526 est,
810 463 868 514 tres
889 471 1014 511 numero
1027 449 1118 526 Deos,
1139 461 1199 510 tres
1219 462 1336 510 aeter-

182 555 255 606 nos,
282 527 530 611 omnipotentes,'
543 531 699 606 immensos
720 543 820 620 aperte
842 525 976 610 prbliteri
998 525 1111 617 coepit,
1137 548 1234 606 eoque
1255 549 1336 586 non

183 611 273 682 modo
294 629 408 668 sacrum
426 605 485 666 Dei
504 607 642 680 verbum,
662 607 713 666 sed
733 605 821 687 1psius
843 607 930 667 etiam
951 603 1065 684 Synodr
1084 603 1250 684 Nicaenae,
1270 625 1337 664 re-

184 683 307 824 pudiato
328 685 425 744 tamen
446 683 598 764 Athanasii
621 681 784 764 symbolo,
805 694 833 742 et
853 682 1045 743 vetustiorum
1065 681 1254 760 scriptorum,
1275 680 1335 740 vi-

185 789 194 824 c

206 761 328 822 elicetl
351 754 431 852 natis,
452 759 639 837 Tertulliani,
658 759 774 819 Irenaei
795 769 825 818 et
842 756 988 818 Lactantii
1008 757 1212 816 auctoritatem
1227 759 1335 817 inau-

173 835 244 911 ssdira
265 781 388 918 quadam
409 836 590 918 impudentia
610 837 797 916 detorquere·
816 835 900 896 Alios
915 833 992 897 enim
1013 851 1114 892 omnes
1136 833 1336 894 orthodoxos

175 899 522 994 'scriptoeei'Nieaeuam
549 911 701 994 Synodum
730 923 870 993 sequutos
898 932 958 970 non
991 922 1101 968 tantum
1133 909 1333 1000 repudiabat,

173 989 235 1052 'sed
263 991 350 1050 etiam
376 1000 409 1048 ut
432 989 538 1070 impios
563 987 729 1071 sugillabat.
786 989 871 1048 Hanc
896 999 994 1048 autem
1014 985 1076 1046 blas
1099 985 1222 1060 hemram
1244 985 1333 1051 aliae

122 1097 127 1122 t
185 1061 305 1146 quoque
321 1063 360 1140 ,de
382 1061 565 1146 h'yipostatica
585 1063 695 1128 unione
707 1063 929 1144 sequebantur,¹
953 1063 1034 1122 Haec
1054 1007 1218 1124 cfduculum
1231 1061 1331 1122 initio

185 1144 263 1206 inter
282 1159 391 1227 paucos
412 1143 492 1220 quasi
520 1141 725 1222 disputationis
752 1163 836 1202 causa
857 1139 980 1222 agitata,
1021 1161 1146 1230 quorum
1188 1137 1332 1228 raecipui

184 1217 577 1298 fuciuntqloannes'Paulus
595 1218 736 1292 Alciatus,
755 1217 985 1278 Mediolanensis
1004 1215 1096 1290 miles,
1118 1227 1148 1276 et
1199 1235 1330 1297 eorgrus

183 1289 343 1364 Blaudrat'a
356 1293 542 1370 Salariensis,
550 1288 747 1374 ¹'professione
760 1294 900 1369 medicus,
920 1293 1098 1372 tandemque
1111 1291 1214 1351 Italico
1228 1291 1328 1352 Pres-

185 1371 303 1454 hyterio
325 1372 463 1434 nuntiata.
482 1393 595 1433 causam
622 1371 757 1454 cogendo
786 1382 863 1430 extra
892 1370 1025 1430 ordinem
1051 1367 1150 1430 coetui
1170 1366 1330 1448 praebue-
1379 1399 1380 1406 κ

183 1458 254 1516 runt
281 1441 357 1518 juti
379 1469 491 1510 *coram
524 1447 643 1508 delectis
677 1445 870 1508 senatoribus
896 1445 1091 1525 omnibusque
1116 1443 1255 1505 Ministris
1284 1465 1328 1504 ac

184 1491 378 1604 Presbyte'ris,
397 1523 545 1604 patienter
556 1519 660 1585 auditis
672 1536 759 1602 atque
772 1543 805 1584 ex
814 1523 873 1582 Dei
885 1522 977 1582 verbo
995 1543 1048 1602 per
1061 1521 1215 1583 Calvinum
1233 1519 1326 1580 refu-

184 1599 414 1678 ta'tis,'quaeeun
437 1621 473 1669 ue
493 1600 552 1678 illi¹
578 1599 692 1659 roferre
713 1599 880 1674 voluerunt,
901 1599 940 1658 ita
960 1619 1006 1658 res
1028 1610 1072 1658 est
1091 1597 1263 1677 composita,
1285 1609 1327 1658 ut

181 1676 311 1764 *scriptae
332 1621 602 1767 orthodqi‘qe'fidei
623 1673 807 1767 omrpesvftali
825 1675 921 1734 statim
930 1673 1162 1766 subscriberent,
1181 1675 1324 1764 sexduu-

184 1764 262 1810 taxat
281 1763 426 1832 exeeptis,
445 1775 494 1832 qua
514 1764 611 1812 tamen
633 1764 663 1812 et
681 1775 738 1831 rpsr
757 1763 862 1831 postea
881 1772 1003 1812 seorsim
1023 1763 1121 1812 vocati
1140 1773 1227 1829 manu
1269 1773 1324 1808 ur-

184 1829 268 1902 dem,
289 1839 319 1886 at
334 1828 428 1888 ¹eorde
448 1843 509 1886 non
529 1829 616 1904 item,
635 1841 668 1889 ut
686 1840 789 1908 postea
810 1850 825 1886 a
849 1825 956 1906 paruit,
974 1825 1215 1907 subscripserunt
1286 1848 1323 1891 e-

184 1903 266 1965 diens
287 1903 378 1986 igitur
397 1905 432 1966 ad
453 1905 605 1986 ingenium
619 1905 747 1965 Gentilis
770 1849 951 1994 eandemque
971 1901 1182 1994 blasphemiam
1201 1923 1322 1964 rursum

174 1981 321 2062 'spargere
353 1980 552 2060 deprehensus
583 2003 615 2042 ca
639 1981 711 2057 itur,
751 1991 852 2062 eaptus
884 1980 956 2038 nihil
986 1980 1162 2055 dissimulat,
1201 1980 1323 2040 auditus

205 2077 277 2114 uam·
297 2053 346 2116 diu
372 2070 403 2118 et
422 2070 562 2136 quantum
581 2005 685 2118 voluit.
724 2057 858 2136 Tandem
888 2055 980 2116 veluti
1007 2057 1100 2116 vietus
1139 2061 1209 2136 (nec
1235 2056 1320 2116 enim

175 2077 408 2218 .iliud„habebat
427 2156 515 2213 quam
555 2129 758 2209 erunaciam‚'j
774 2133 854 2214 quod
875 2129 999 2194 Calvino
1020 2135 1202 2216 regerent),
1240 2133 1320 2193 resi-

183 2207 355 2297 piscentiam
382 2157 586 2291 incredibilius
611 2210 741 2291 simulat,
780 2210 860 2271 cuius
887 2210 973 2269 etiam
1004 2211 1166 2290 exemplum
1192 2209 1320 2288 propria

182 2283 272 2363 ipsius
293 2277 539 2366 manuscriptum
560 2299 658 2348 exstat.
699 2285 780 2362 Quid
801 2285 904 2366 plura?
938 2285 1138 2366 abnegatione
1158 2306 1211 2365 per
1230 2306 1319 2346 corn-
1379 2353 1380 2360 ,

181 2360 242 2494 pita
264 2359 386 2422 civitatis
406 2362 493 2440 facta,
513 2363 669 2424 dimittitur
681 2363 820 2444 praestito
840 2362 1041 2438 iureiurando,
1059 2383 1121 2423 sese
1142 2373 1242 2442 portas
1261 2384 1319 2421 ur-

202 2435 226 2495 is
247 2457 309 2518 uon
330 2458 524 2500 excessurum:
562 2461 630 2500 mox
655 2451 754 2500 tamen
773 2439 881 2500 violata
906 2439 963 2498 fide
983 2440 1019 2498 ad
1040 2439 1219 2500 Matthaeum
1241 2437 1319 2497 Gri-

125 2536 127 2542 '
180 2509 300 2582 baldum
319 2507 351 2574 in
372 2513 552 2578 sabaudiam·
590 2513 655 2583 rofu
680 2517 710 2579 it
738 2546 742 2553 ·
766 2515 890 2594 Sequuti
914 2528 982 2577 sunt
1002 2515 1151 2595 aliquanto
1172 2527 1239 2594 post
1258 2514 1317 2574 Al-

181 2589 271 2649 ciatus
291 2601 322 2651 et
341 2590 514 2684 Blandrata,
584 2538 785 2675 ransylvaniae
806 2593 1015 2652 etvieinarum
1040 2592 1197 2728 reqionum
1216 2602 1317 2650 vasta-

179 2675 260 2726 tores
279 2665 379 2727 futuri.
419 2668 548 2730 Gentilis
573 2683 669 2730 autem
692 2669 751 2730 iam
775 2681 838 2728 tum
863 2669 1032 2730 imminente
1048 2669 1099 2728 ili
1117 2668 1176 2727 Dei
1200 2665 1316 2728 iudicio

180 2743 257 2822 apud
278 2743 452 2804 Gribaldum
472 2767 593 2825 apanens
633 2752 716 2824 (nam
742 2757 1026 2824 uterqueaaeteros
1053 2757 1085 2804 ut
1108 2743 1260 2825 imperitos
1284 2755 1318 2804 et

178 2817 314 2878 indoctos
334 2819 467 2880 homiues
488 2823 730 2900 contemnebat),
748 2820 849 2902 ibique
870 2821 1003 2882 libellum
1023 2823 1157 2882 adversus
1178 2819 1315 2880 Athana-

96 2911 99 2925 ·
178 2893 251 2962 sium
272 2906 302 2952 et
323 2893 478 2956 Calvinum
499 2899 618 2972 cudens,
637 2899 764 2978 indeque
778 2897 953 2980 Lugdunum
973 2898 1133 2972 transiens,
1152 2891 1203 2956 ubi
1223 2918 1314 2957 eacu-

174 2967 305 3054 'dendum
325 2971 408 3030 illum
427 2973 581 3054 (inscripta
593 2975 715 3035 Gaiensi
728 2973 778 3056 [de
790 2975 873 3056 Gom]
887 2975 1043 3034 Praefecto
1063 2973 1217 3048 Berueusi,
1236 2973 1314 3033 isto-

177 3046 242 3104 ruin
261 3045 406 3126 scelerum
427 3069 546 3128 prorsus
567 3051 672 3124 inscio,
686 3051 890 3142 praefatione)
911 3051 1031 3127 curavit,
1053 3049 1313 3139 deiudeLugduni

177 3121 364 3203 nescioquo
389 3125 479 3186 modo
506 3149 521 3187 a
547 3126 711 3188 Pontificius
738 3141 853 3207 captus,
893 3149 982 3208 quum
1007 3149 1070 3188 sese
1095 3128 1126 3186 in
1152 3125 1313 3186 Calvinum

176 3195 305 3287 scrihere
326 3201 456 3292 dixisset,
495 3215 634 3282 tanquam
654 3202 732 3264 bene
753 3205 789 3264 de
815 3205 938 3265 ecclesia
960 3203 1107 3264 catholica.
1123 3203 1242 3263 meritus
1264 3203 1313 3264 di·
1379 3261 1380 3266 ,

175 3275 310 3336 mittitur.
348 3277 423 3336 Inde
447 3301 478 3338 m
498 3280 659 3341 Moraviam
685 3281 720 3341 ad
740 3281 929 3358 Blandratam
956 3293 986 3340 et
1005 3279 1151 3340 Alciaturu
1175 3279 1323 3358 aliosque·

175 3349 269 3410 nihilo
289 3352 428 3414 meliores
448 3353 584 3415 discedit:
625 3355 676 3418 ubi
718 3380 786 3429 uum
806 3357 874 3418 satis
894 3357 972 3416 inter
992 3377 1043 3416 eos
1064 3355 1225 3416 convenire
1244 3377 1311 3434 uon

697 3379 922 3512 bamqsatenmh
943 3432 1077 3523 plerique
1097 3431 1311 3508 transivissent,

173 3501 266 3568 veluti
285 3505 420 3566 trahente
439 3507 523 3568 illum
543 3511 578 3569 ad
600 3530 726 3590 poenam
746 3510 834 3590 ipsius
849 3507 959 3569 Christr
971 3529 1068 3584 manu,
1088 3509 1119 3569 in
1130 3507 1310 3568 sabaudiam

158 3577 209 3638 rad
229 3601 311 3641 suum
325 3581 499 3660 Gribpldum
519 3585 604 3646 redit.
643 3585 683 3646 At
702 3587 779 3646 illam
801 3598 913 3666 pestem
933 3586 1023 3645 altera
1044 3585 1100 3644 iam
1133 3585 1200 3644 estis
1211 3597 1309 3647 sustu-

172 3652 253 3744 lepat
292 3657 420 3740 Ereptus
441 3661 528 3722 etiam
547 3662 633 3723 nobis
654 3663 711 3723 iam
732 3675 795 3723 erat
815 3661 963 3722 Calvinus.
1003 3661 1080 3720 Tum
1100 3606 1150 3721 ille
1169 3661 1230 3722 sive
1251 3682 1307 3741 pe-

171 3744 248 3796 nitus
268 3753 382 3810 amens,
406 3737 466 3798 sive
487 3739 566 3818 quod
585 3751 703 3800 mortuo
726 3737 850 3800 Calvino
871 3737 1019 3798 neminem
1038 3757 1190 3818 superesse
1211 3737 1308 3798 confa-

171 3807 285 3896 deret,
303 3831 318 3869 a
340 3833 399 3890 quo
420 3815 635 3891 revincentur,
664 3829 745 3876 recta
766 3815 803 3876 ad
824 3815 981 3876 Gaiensem
1002 3815 1096 3892 ipsum
1116 3814 1305 3874 Praefectum

168 3883 228 4018 ppei
246 3887 352 3948 merito
372 3888 511 3950 infestum
532 3893 626 3962 venit:
666 3914 682 3952 a
703 3913 762 3971 quo
783 3913 850 3950 mon
870 3890 1003 3971 agnitus,
1031 3903 1061 3950 et
1079 3891 1207 3950 Beruam
1226 3889 1305 3952 iusto

200 3981 228 4048 3³1
258 3963 367 4046 iudicis
386 3987 433 4038 ¹ex
464 3969 610 4058 superiori
638 3969 686 4027 illa
718 3968 910 4028 fluctuatione
941 3967 976 4026 ad
1003 3967 1161 4027 dicendum
1189 3989 1304 4028 eausam

167 4057 285 4114 messus,
303 4052 380 4122 ,tuq
402 4044 612 4123 periuriorum,
643 4048 704 4104 turn
724 4043 921 4124 improbitatis
947 4043 1119 4104 manifestae
1140 4043 1304 4120 convictus,

70 4124 101 4155 ¹·
167 4109 413 4190 frustratentatis
435 4118 571 4183 omnibns
592 4120 697 4200 quibus
717 4121 747 4180 in
764 4133 876 4182 rectam
898 4119 973 4181 viam
987 4132 1185 4192 revocaretur,
1205 4121 1302 4210 capite

165 4187 370 4260 rudetatusdi
392 4197 580 4258 uastantem
601 4210 647 4256 tot
664 4197 825 4258 sceleribus
866 4217 956 4258 oenas
976 4196 1122 4276 persolvit
1163 4195 1220 4256 Hic
1240 4197 1299 4277 agi-

163 4274 211 4324 tur
230 4279 344 4350 ,postea
371 4217 429 4333 init
462 4272 538 4332 illius
564 4293 666 4332 causae
693 4273 792 4334 exitus.
832 4219 872 4332 hit
896 4285 994 4332 tamen
1020 4293 1057 4331 ne
1079 4295 1157 4332 nuuc
1198 4271 1298 4332 uidem

94 4368 98 4376 ·
164 4339 270 4402 desunt
289 4347 402 4440 egregii
422 4344 535 4410 scilicet
554 4347 768 4418 Christianismi
789 4362 963 4422 assertores,
987 4361 1049 4408 tum
1072 4369 1105 4409 ex
1126 4295 1299 4422 Catltolicis,

162 4425 221 4478 turn
249 4443 282 4482 es
307 4424 395 4504 hones
422 4425 477 4484 illis
497 4419 706 4504 Ubiquitariis,
747 4424 979 4506 qui-Calvinum
1004 4425 1131 4486 audeaut
1155 4437 1294 4504 tanquam
