2766 4834
171 255 210 318 tt
349 249 502 311 sectio
523 245 579 312 ΙΙΙ.
620 247 697 308 lesu
717 259 870 308 seranus
891 259 933 306 ar
954 257 1175 308 rursum..
1272 221 1294 302 ’.

249 407 297 470 30.
335 401 414 486 Quia
431 399 564 461 utdmmt
579 399 656 462 oculi
673 391 738 462 mei.
776 399 954 482 Quanquam
974 399 1022 460 hic
1035 397 1184 479 'loquendi
1198 399 1319 460 modus

172 477 347 558 frequenter
359 477 496 539 ¹occurrit
516 477 544 538 in
567 477 995 560 Scripturis,vi1leturtameu
1018 477 1125 536 diserte
1146 475 1189 536 his
1208 477 1318 536 verbis

173 574 207 615 ex
230 555 295 614 rimi
320 555 482 633 corporalis
508 567 642 636 aspectus
664 554 790 627 Christi,
822 555 1011 614 acsidiceret
1031 553 1168 624 Simeon,
1199 553 1319 612 seiam

171 575 281 692 hahere
301 631 475 690 Fttiunttei
495 653 583 690 earne
603 644 799 711 praesentem,
819 629 848 688 in
870 652 955 710 qrrem
976 630 1081 690 mentis
1103 609 1204 689 certios
1226 629 1318 721 prius

171 707 302 766 intentos
329 708 478 766 habuerat.
524 707 662 768 satutare
686 708 799 787 accipio
826 727 881 786 pro
902 707 1000 767 salutis
1020 707 1155 765 materia:
1187 727 1256 785 qma
1278 706 1315 765 in

172 783 481 844 Christo-reconditae
501 795 569 845 sunt
588 805 690 844 omnes
710 783 809 844 salutis
829 796 858 843 et
878 783 980 842 beatae
999 783 1076 841 vitae
1097 795 1202 863 partes.
1242 784 1315 842 Iam

170 859 327 920 sitantum
348 862 424 940 apud
436 860 605 922 Simeonem
626 861 716 920 valuit
736 860 846 921 Christi
867 859 960 920 adhuc
981 855 1099 919 infantis
1120 870 1315 939 conspectus,

170 947 204 994 nt
226 948 352 996 mortem
379 936 475 998 hilaris
504 949 592 1028 atque
611 937 786 1028 tranquillus
807 938 915 1012 adiret,
946 948 1056 1028 quanto
1076 936 1198 996 uberior
1218 935 1315 1012 nobis

170 1011 465 1091 hodietrauquillae
492 1034 571 1094 pacis
596 1025 717 1084 materia
742 1014 887 1092 suppetit,
920 1013 1024 1092 qrrrhus
1052 1013 1179 1092 contigit
1202 1033 1314 1072 omnes

168 1087 269 1148 salutis
288 1101 407 1150 nostrae
427 1111 565 1150 numeros
584 1090 615 1150 iu
628 1092 748 1152 Christo
768 1088 1063 1170 completosuidere?
1093 1091 1163 1150 Nou
1175 1101 1315 1148 versatur

78 1213 86 1222 .
170 1165 287 1256 quidem
308 1166 337 1224 in
359 1167 443 1226 terris
465 1167 615 1239 Christus,
648 1187 702 1226 nec
722 1188 789 1226 eum
831 1179 954 1227 estarrurs
975 1167 1052 1226 inter
1072 1166 1169 1238 ulnas,
1201 1165 1312 1225 sedin

168 1241 332 1323 lavangelio
354 1243 450 1301 divina
471 1242 532 1302 cius
552 1244 685 1304 maiestas
706 1243 782 1304 clare
804 1188 833 1302 il
875 1243 1117 1324 atamaetutget,
1143 1255 1223 1302 etse
1244 1242 1312 1301 illic

168 1317 255 1377 nobis
283 1319 365 1398 quasi
382 1319 466 1379 ’facie
485 1321 522 1380 ad
543 1320 664 1396 faciem,
694 1333 727 1379 nt
747 1320 842 1400 inquit
887 1320 968 1380 aulus
988 1321 1048 1398 (ll.
1071 1320 1142 1380 Cor.
1162 1327 1197 1395 3,
1223 1320 1312 1393 18;),

169 1395 360 1474 conspicuum
387 1395 518 1456 exhibet:
551 1417 648 1477 neque
673 1396 796 1476 amplius
822 1397 851 1456 in
873 1395 967 1456 carnis
987 1396 1171 1470 infirmitate,
1200 1395 1310 1455 sedin
1338 1413 1344 1418 ·

168 1471 323 1552 magnifica
343 1471 451 1532 virtute
472 1471 615 1551 Spiritus,
635 1495 731 1553 ·quam
752 1474 781 1532 in
796 1472 964 1548 miraculis,
989 1473 1018 1532 in
1038 1473 1180 1532 sacrificio
1200 1472 1313 1544 mortis

167 1567 253 1622 suae,
284 1549 314 1607 in
340 1551 558 1610 resurrectione
578 1551 712 1610 exseruit.
756 1549 790 1608 In
811 1569 938 1622 summa,
969 1550 1010 1610 sic
1031 1571 1083 1609 cor
1107 1569 1158 1608 ore
1179 1569 1194 1608 a
1216 1548 1309 1608 nohis

167 1623 266 1699 abest,
298 1637 331 1684 ut
357 1625 451 1716 ipsum
470 1637 568 1686 tamen
588 1627 697 1686 intueri
717 1571 1102 1688 conveniatsedentemad
1119 1625 1212 1685 Patris
1233 1626 1310 1683 cler·
1354 1634 1363 1646 '

165 1709 270 1760 teram.
308 1701 371 1761 Nm
391 1702 456 1762 talis
476 1715 653 1784 conspectus
673 1724 774 1783 pacem
795 1703 882 1764 nobis
902 1703 1056 1777 conciliat,
1086 1715 1118 1760 ut
1137 1701 1246 1762 alacres
1268 1703 1310 1761 acl

167 1789 295 1836 mortem
316 1789 486 1860 pergamus,
513 1779 577 1858 plus
598 1802 685 1860 quam
704 1779 812 1861 ingrati
829 1801 927 1840 sumus
946 1781 1031 1854 Deo,
1056 1790 1086 1838 et
1103 1779 1233 1860 maligue
1254 1799 1308 1838 re-

164 1864 311 1932 putamus,
352 1867 442 1914 nanto
462 1877 517 1915 nos
537 1857 652 1916 honore
672 1857 701 1916 di
724 1868 807 1916 natus
826 1855 872 1916 sit.

243 1937 291 1994 31.
331 1875 421 2014 iluod
438 1936 564 2010 parasti.
604 1877 765 2014 'Signiicat
790 1933 834 1992 his
859 1932 955 1993 verbis
980 1932 1120 2006 Simeon,
1152 1930 1308 1994 Christum

166 2004 305 2068 dilinitur
325 2008 491 2068 ordinatum
512 2029 592 2084 esse,
611 2021 646 2069 ut
665 2010 727 2069 eins
747 2009 840 2090 gratia
861 2009 996 2070 fruantur
1016 2031 1118 2069 omnes
1138 2008 1254 2088 populi,
1274 2021 1309 2069 et

165 2082 257 2218 paulo
278 2095 345 2163 post
364 2085 394 2142 in
414 2085 532 2146 sublimi
551 2085 724 2160 locandum,
750 2097 783 2144 ut
801 2086 832 2145 iu
852 2106 883 2147 se
903 2097 1056 2146 concertat
1076 2085 1206 2146 omnium
1229 2105 1308 2145 ocn-

178 2179 220 2220 os.
259 2161 358 2239 Atque
382 2160 440 2222 hoc
464 2163 556 2222 verbo
583 2162 790 2241 complectitur
815 2183 1007 2244 quaecunque
1034 2173 1146 2222 exstant
1165 2162 1307 2224 vaticinia

166 2235 205 2296 de
234 2239 429 2374 propagando
454 2261 487 2300 re
511 2259 549 2298 no
575 2238 695 2300 Christi.
753 2239 870 2314 Quodsi
892 2251 1027 2300 tenerum
1052 2239 1194 2306 infantem
1224 2239 1307 2298 uluis

165 2311 224 2374 suis
249 2328 451 2393 compeeteus
501 2335 615 2389 rmeon,
645 2325 774 2376 mentem
799 2338 881 2377 suam
900 2318 1057 2377 extendere
1077 2316 1175 2396 potuit
1193 2315 1230 2374 ad
1253 2335 1306 2375 ex-

102 2457 103 2466 ,
156 2399 275 2462 „tremos
300 2410 391 2472 usque
417 2393 519 2453 mundi
543 2393 632 2466 fines,
663 2405 697 2453 ut
717 2406 905 2484 praesentem
925 2393 985 2454 eius
1006 2392 1169 2474 potentiam
1189 2391 1306 2472 ubique

164 2480 350 2546 agnosceret,
370 2477 481 2548 quanto
501 2469 590 2530 hodie
609 2468 790 2548 splendidius
810 2491 864 2531 uos
885 2472 921 2532 de
940 2471 1005 2552 ipso
1025 2469 1134 2529 sentire
1150 2469 1305 2542 convenit,

164 2562 199 2601 ex
229 2565 294 2680 epig
322 2557 435 2606 erectus
466 2557 511 2608 est
540 2545 571 2606 iu
602 2547 738 2608 vexillum
767 2547 921 2629 gentibus,
957 2566 1048 2627 seque
1078 2545 1220 2626 patefecit
1242 2547 1306 2606 toti

162 2639 233 2681 mun
255 2641 289 2684 o.

239 2703 287 2764 32
317 2697 431 2758 Lana„
450 2697 493 2759 nd
507 2698 715 2765 mintionem.
751 2701 838 2762 Nunc
858 2699 988 2760 ostendit
1006 2698 1140 2774 Simeon,
1159 2698 1188 2758 in
1211 2719 1304 2778 quem

162 2773 252 2835 finem
277 2776 484 2855 producendus
510 2777 548 2837 sit
573 2795 589 2835 a
614 2775 702 2839 Patre
729 2773 863 2840 Christus
890 2795 989 2837 coram
1010 2774 1148 2835 omnibus
1169 2776 1303 2856 populis,

163 2871 271 2932 nempe
291 2863 324 2909 ut
344 2864 446 2932 gentes
466 2853 621 2928 illuminet,
642 2875 717 2946 quae
737 2855 818 2935 prius
838 2853 955 2913 lucrant
973 2853 1004 2912 in
1025 2852 1166 2926 tenebris,
1187 2865 1217 2912 et
1229 2851 1301 2936 glo-

163 2927 207 2988 ria
228 2929 266 2990 sit
291 2927 394 3006 pop'uli
419 2929 519 2990 Israel.
558 2930 633 2990 Nam
653 2943 730 2992 mter
750 2932 828 2991 hunc
849 2942 878 2990 et
898 2929 961 2988 illas
980 2949 1042 2989 non
1062 2929 1125 2988 sine
1146 2949 1230 2988 causa
1252 2929 1301 2989 di-

162 3005 301 3090 stinguit,
334 3004 400 3082 quia
427 3003 491 3065 iure
518 3005 685 3086 adoptionis
706 3007 812 3090 propin
837 3008 865 3066 ui
885 3006 952 3066 Deo
974 3018 1059 3066 erant
1077 3003 1214 3065 Abrahae
1233 3005 1301 3082 filii,

163 3095 266 3162 gentes
286 3090 400 3155 autem,
420 3083 592 3163 quibuscum
612 3086 724 3144 nullum
744 3095 808 3144 erat
857 3083 884 3143 ei
904 3083 1018 3156 soedus,
1037 3081 1074 3142 ab
1094 3082 1226 3142 Ecclesia
1247 3103 1301 3142 cr-

161 3171 292 3220 traneae.
337 3155 404 3232 Qua
430 3159 546 3219 ratione
570 3161 661 3221 Israel
687 3160 794 3220 alicubi
818 3181 880 3220 non
900 3171 1013 3218 tantum
1033 3159 1122 3218 Filius
1142 3158 1216 3232 Dei,
1244 3160 1301 3220 sed

162 3237 250 3297 etiam
276 3233 489 3316 primogenitus
514 3250 636 3299 vocatur
660 3239 787 3316 (lerem.
806 3243 859 3308 31,
883 3239 942 3313 9.).
999 3237 1040 3296 Et
1068 3235 1176 3296 Paulus
1208 3236 1302 3295 docet

161 3315 270 3394 (llum.
289 3317 342 3385 15,
360 3317 425 3390 8.),
450 3314 600 3375 Christum
620 3315 750 3390 renim,
768 3325 802 3373 ut
820 3313 953 3373 minister
972 3325 1048 3373 essm
1066 3311 1299 3372 circumcisionis

161 3391 321 3452 secundum
343 3387 556 3480 'promissiones
581 3391 718 3452 Patribus
743 3392 832 3451 datas.
881 3387 1104 3450 Caeterum-ita
1129 3386 1301 3469 praefertur

161 3467 254 3531 Israel
272 3466 420 3550 gentibus,
440 3479 473 3529 ut
492 3469 687 3528 communiter
707 3489 808 3529 omnes
821 3467 941 3528 salutem
954 3467 983 3526 in
996 3467 1115 3530 Christo
1128 3464 1295 3525 obtineant.

161 3543 277 3604 Lumen
300 3540 342 3600 art
363 3545 561 3605 metuissem
584 3546 757 3604 tantundem
783 3543 861 3604 ualet
891 3543 949 3605 acsi
970 3544 1078 3602 dictum
1099 3553 1189 3616 esset,
1219 3541 1298 3602 lllu-

161 3623 286 3684 atrandis
299 3618 456 3682 Gentibus.
496 3623 584 3681 Unde
606 3621 780 3703 colligimus,
801 3621 934 3681 homines
954 3619 1126 3679 naturaliter
1146 3618 1210 3677 luce
1231 3618 1298 3698 pri-

160 3701 244 3760 vatos
270 3717 349 3773 esse,
381 3701 477 3759 donec
497 3697 554 3757 illis
573 3697 716 3780 affulgeat
735 3698 788 3757 Sol
809 3699 933 3757 iustitiae
955 3695 1098 3758 Christus.
1139 3695 1296 3768 Quantum

160 3780 197 3842 ad
217 3778 354 3840 lsraelem
374 3785 497 3855 spectat,
517 3777 647 3853 quamvis
667 3794 781 3836 summo
802 3774 916 3834 honore
938 3793 954 3832 a
973 3774 1040 3832 Deo
1061 3771 1186 3831 allectus
1207 3782 1283 3830 esset

163 3857 285 3938 Simeon
310 3870 408 3914 tamen
429 3852 585 3927 admonet,
617 3845 710 3914 totdm
731 3851 791 3912 eius
811 3851 934 3934 gloriam
955 3849 991 3910 ab
1012 3869 1072 3908 uno
1093 3848 1188 3928 capite
1207 3835 1300 3928 pen-'

161 3935 241 4010 dere,
262 3933 342 4016 quod
361 3926 404 3992 illi
423 3927 581 4008 promissus
601 3941 678 3990 esset
696 3929 888 4010 liedemptor.
1108 3930 1113 3936 '

201 4091 289 4170 (Ὦ.)
324 4079 424 4151 LUC.
446 4085 483 4152 ll.
514 4085 565 4150 33.
586 4085 628 4150 Et
649 4097 741 4150 crant
761 4093 854 4172 pater
875 4087 944 4149 eius
966 4091 998 4147 et
1018 4091 1121 4148 mater
1141 4083 1296 4146 mirantes

99 4197 105 4222 ‘
159 4209 258 4276 super
279 4188 345 4265 bis,
372 4189 428 4272 qui
449 4184 641 4252 dicebantur
663 4187 704 4252 de
727 4185 794 4254 illo.
836 4185 888 4252 34.
909 4185 952 4248 Et
972 4181 1137 4248 benedixit
1158 4180 1223 4248 illis
1244 4179 1296 4246 Si-

159 4309 271 4356 maon:
292 4299 324 4352 et
344 4285 423 4354 dixit
443 4287 486 4352 ad
505 4286 642 4356 Mariam
664 4298 794 4352 matrem
816 4289 898 4363 eius,
918 4283 1003 4350 Ecce
1024 4287 1148 4370 positus
1168 4293 1216 4352 est
1240 4283 1297 4348 hic.

160 4375 195 4459 iu
221 4390 359 4465 ruinam,
391 4389 424 4454 et
448 4390 483 4455 iu
511 4391 781 4458 resurrectionem
805 4385 978 4453 multorum
1000 4387 1038 4488 'iu
1060 4384 1175 4466 lsrael,
1205 4393 1239 4450 et
1258 4385 1297 4452 iu

227 4683 234 4714 l
