2778 4838
503 47 513 82 i

135 241 175 306 'lo
335 179 338 192 ·
363 191 478 300 SECT.
498 233 579 296 xlv.
618 231 805 338 llanacona'
819 243 862 290 rr
882 241 1064 292 annonas.

137 409 226 470 quum
236 388 372 452 Herodes
388 389 466 451 diem
481 409 565 452 sunm
576 387 703 448 natalem
715 384 889 446 celebraret
927 383 984 443 Vix
1003 379 1083 443 enirn
1103 379 1169 442 fieri
1188 389 1304 462 potest,

121 455 1305 624 ·stallcratiacotitulamentoterascea

159 621 222 700 uod
244 617 393 680 liberalius
418 585 583 680 convivium
609 617 755 680 instnuere
778 633 833 696 per
857 635 889 676 se
916 612 1025 674 malurn
1050 610 1105 686 sit,
1128 611 1183 674 aed
1203 631 1240 672 ea
1260 623 1306 671 est

137 640 257 756 burnani
276 695 390 776 ingenii
410 697 446 756 ad
467 694 614 756 lasciviam
634 687 808 774 propensio,
827 703 861 752 ut
878 689 979 752 laxatis
998 687 1122 750 babonis
1140 687 1233 749 facile
1245 688 1305 748 dif-

135 771 238 832 fluant
278 772 345 833 Mos
363 770 415 832 ille
434 783 563 834 uetustus
610 790 644 830 er
667 789 699 830 se
724 767 887 850 improbari
912 786 976 828 non
1001 776 1117 848 potest,
1185 765 1305 826 otaunis

137 847 215 910 diem
235 847 361 908 natalem
381 846 509 909 sollenni
529 791 638 930 gaubio
651 846 805 926 prosequi:
826 845 967 934 admopet
977 843 1056 934 enim
1069 841 1152 903 diesi
1164 839 1204 918 le,
1226 862 1304 921 qno-

137 926 194 984 ties
213 923 348 1000 recurrit,
366 945 458 986 unum
480 943 607 1004 nemque
625 933 770 999 nostrum,
789 921 964 982 utDornrno
981 931 1089 1003 gratias
1104 929 1185 1001 agat,
1205 938 1222 978 a
1244 937 1304 998 quo

134 999 167 1060 in
192 999 268 1070 hane
291 999 380 1063 vitam
403 945 564 1082 productus
587 999 754 1092 complures
778 999 836 1059 iam
864 1015 960 1058 annos
990 995 1123 1058 eiusdem
1148 993 1301 1086 benqbeio

137 1075 293 1159 transegit:
314 1076 422 1138 deinde
441 1078 526 1138 utin
544 1097 718 1138 memoriam
736 1085 875 1151 revocet,
898 1093 985 1153 quarn
1009 1071 1087 1132 male
1106 1083 1138 1132 et
1156 1071 1304 1133 rnutrbter

135 1163 251 1232 ternpus
271 1151 409 1216 divinitus
434 1167 607 1216 concessum
632 1173 731 1234 passus
756 1152 847 1214 suerit
870 1150 984 1231 perire:
1008 1149 1129 1210 tandem
1153 1160 1188 1208 nt
1210 1169 1244 1208 se
1268 1147 1302 1208 in

135 1227 281 1309 reliquum
296 1229 376 1292 vitae
390 1241 506 1312 tempus
523 1230 654 1292 eiusdem
666 1229 726 1289 Dei
737 1226 889 1320 praesidio
904 1226 1102 1290 commendet.
1142 1223 1201 1286 Sed
1220 1223 1297 1314 nibil

136 1316 181 1367 est
200 1317 259 1366 tam
277 1327 395 1387 pnrurn,
421 1309 502 1388 quod
521 1327 584 1368 non
603 1305 683 1367 vitiis
701 1327 760 1368 rurs
780 1316 950 1384 corrumpat
967 1303 1108 1364 mundus:
1133 1322 1199 1362 nam
1219 1301 1299 1362 duem

135 1381 280 1460 namlem,
305 1383 358 1463 qui
375 1403 458 1445 sacer
477 1404 539 1445 csse
559 1384 721 1458 debuerat,
746 1381 841 1443 maior
859 1400 928 1462 para
948 1379 1093 1462 profanat
1115 1377 1211 1439 foedis
1230 1396 1301 1438 cor-

136 1458 269 1538 ruptelis,
289 1469 322 1520 et
339 1459 453 1521 nullum
466 1459 531 1520 lere
549 1481 612 1521 sum
635 1459 746 1520 tuosius
766 1457 933 1519 convivium
953 1477 970 1516 a
990 1455 1130 1546 dissoluta
1149 1453 1301 1546 protervia

135 1555 242 1626 pqrum
263 1536 597 1626 estaprimnm‘largius
614 1481 729 1597 bibitur
768 1533 877 1626 deinde
902 1533 989 1594 ianua
1009 1543 1092 1612 patet
1110 1551 1234 1621 impuras
1252 1529 1302 1589 vel

137 1631 233 1672 minus
244 1612 417 1674 verecundis
427 1613 623 1686 sermonibus,
637 1610 716 1672 nulla
727 1578 855 1692 denaque
866 1620 1001 1672 servatur
1011 1620 1180 1700 temperies.
1220 1607 1302 1668 llaec

137 1687 217 1747 ratio
238 1689 295 1749 luit
313 1700 418 1750 sancto
438 1689 507 1763 Iob,
525 1709 578 1750 eur
596 1689 664 1748 filiis
681 1689 741 1748 suis
759 1698 859 1748 mutua
879 1684 1015 1748 convivia
1034 1683 1215 1766 agitantibus
1234 1691 1303 1764 post

137 1763 723 1920 lllllllttltlllltlltlt
741 1760 1303 1901 lllltllltt‘lllltlidllll‘d

136 1926 198 1975 tem
217 1915 353 1991 invitant,
373 1861 448 1996 quib)
464 1916 561 1976 multis
580 1918 675 1977 modis
695 1883 845 1997 p’cccetur.
882 1915 930 1976 Ita
950 1915 1058 1976 lactum
1078 1924 1132 1986 est,
1150 1923 1186 1973 nt
1202 1913 1302 1973 Hero·

138 1992 201 2066 des,
220 1989 360 2052 convivas
378 2013 447 2054 suos
467 1993 572 2054 lautius
592 2005 719 2054 tractare
737 1993 859 2067 volens,
883 2012 983 2072 passus
1004 1990 1094 2051 luerit
1112 1989 1211 2050 uxoris
1231 2009 1302 2050 snae

105 2110 109 2149 ί
137 2065 228 2127 filiam
247 2067 362 2129 saltare.
401 2069 481 2132 Hinc
501 2089 620 2160 quoqne
640 2082 779 2149 apparet,
806 2068 899 2148 qualis
919 2067 1010 2128 luerit
1028 2065 1111 2126 aulae
1131 2066 1193 2126 cius
1214 2066 1302 2127 disei-

137 2142 233 2223 plina:
259 2163 328 2204 nam
353 2145 408 2206 etai
434 2145 569 2226 plerique
594 2145 719 2206 saltandi
739 2145 889 2206 licentiam
913 2157 985 2206 tnnc
1008 2143 1066 2204 sibi
1084 2141 1303 2223 permitterent,

137 2220 324 2282 meretriciae
348 2232 447 2282 tamen
478 2221 613 2283 lasciviae
637 2223 731 2302 turpis
757 2233 829 2282 uota
854 2220 911 2281 suit
935 2219 1045 2282 nubilis
1071 2218 1188 2300 puellae
1212 2219 1302 2280 salta-

136 2295 191 2360 tio.
229 2297 341 2360 veum
351 2297 467 2380 impura
476 2300 621 2360 Herodias
635 2299 776 2360 Salomeb
793 2297 894 2372 liliam,
913 2317 951 2359 ne
970 2296 1028 2360 ribi
1048 2295 1190 2358 dedecori
1211 2307 1301 2370 esset,

138 2371 176 2433 ad
201 2393 298 2434 mores
327 2395 395 2435 suos
420 2375 460 2436 ita
484 2375 672 2437 formaverat.
713 2376 795 2452 Quid
820 2394 893 2436 vero
917 2373 1036 2436 tandem
1061 2384 1217 2453 sequutum
1238 2373 1301 2435 esti

121 2449 246 2586 'pteampsp
270 2450 360 2587 ihmptia
385 2453 478 2587 spreti
498 2452 667 2544 lffropbetae
692 2451 805 2589 capdeq
843 2450 1004 2589 &diffini
1022 2447 1106 2587 ppalprp
1125 2449 1157 2586 ip
1177 2449 1302 2510 Herode

137 2547 186 2684 bd,
196 2547 354 2664 diuiirdiilm’
365 2541 657 2689 ¹bbgnirbbimpbisrtibba
668 2547 1085 2684 ppptuerqpcseuppomstspem
1105 2545 1302 2694 cb'bgiebilbbi

138 2699 209 2740 sane
230 2681 404 2760 exemplum,
425 2682 506 2763 quod
522 2703 572 2742 rex
589 2682 687 2744 ebrius
699 2701 761 2742 non
774 2681 865 2742 modo
876 2679 1075 2760 spectaculum
1088 2677 1217 2740 famuliae
1230 2701 1302 2740 suae

139 2756 317 2846 probrosum
337 2759 438 2837 aequis
458 2757 551 2818 oculis
571 2759 702 2840 aspicere
721 2759 855 2830 sustinet,
874 2757 1049 2817 sedtantam
1062 2757 1230 2818 mercedem
1245 2778 1302 2894 pa·
1333 2821 1336 2828 ,

141 2833 266 2892 crscitur.
306 2833 409 2907 Quare
435 2833 576 2894 discamus
602 2834 728 2896 sollicite
754 2834 873 2895 obviarn
896 2832 941 2896 ire
961 2832 1101 2910 diabolo,
1127 2853 1167 2896 ne
1190 2832 1244 2896 tali
1267 2855 1301 2894 ns

140 2905 252 2987 laqueis
271 2926 326 2968 nos
346 2909 486 2988 implicet.

218 2985 308 3047 Marc.
328 2992 375 3050 24.
524 3007 545 3046 o
562 2984 640 3046 dexo
657 2990 745 3047 mereri
762 3008 842 3047 auca.
880 2985 963 3047 Nihil
982 2985 1098 3060 mirum,
1123 2984 1205 3066 qnod
1225 2987 1301 3046 tanti

143 3058 250 3149 lecerit
269 3059 416 3150 blerodias
453 3063 557 3124 oannis
576 3075 711 3124 mortem.
751 3063 844 3139 Quod
869 3062 1034 3124 coniiciunt
1056 3061 1210 3138 nonnulli,
1235 3063 1302 3124 vin-

104 3151 115 3160 ·
145 3135 221 3195 ducta
235 3134 324 3195 fuisse
336 3157 498 3212 accensam,
518 3138 633 3201 ratione
646 3151 738 3200 earet:
758 3139 858 3220 potius
877 3138 955 3200 enim
975 3159 1040 3200 eam
1058 3137 1165 3199 urebat
1184 3149 1216 3200 et
1234 3161 1303 3202 crn-

142 3209 239 3272 eiabat
257 3224 351 3272 metus
370 3235 403 3273 re
425 3213 497 3288 odii,
522 3214 607 3276 sicuti
625 3215 809 3297 plerumque,
828 3215 879 3276 ubi
899 3215 1046 3276 fastidium
1067 3215 1201 3296 obrepsit
1218 3237 1303 3278 scor-

140 3286 296 3379 tatoribus,
311 3311 383 3380 puae
403 3233 532 3351 bbidinis
552 3311 603 3352 eos
645 3293 724 3354 udet
762 3293 900 3373 Speravit
919 3304 1026 3364 autem,
1047 3291 1104 3353 boc
1115 3292 1228 3354 scelere
1243 3293 1301 3354 sibi

141 3383 233 3456 magus
253 3365 419 3427 devinctum
440 3367 505 3428 lore
526 3369 608 3432 Hero
631 3389 694 3444 ern,
720 3370 746 3432 ai
771 3370 876 3430 loedus
903 3369 1060 3429 adulterini
1080 3367 1214 3450 coniugii
1232 3391 1303 3432 san-

143 3459 233 3522 guiue
254 3441 423 3523 Prophetae
442 3456 599 3506 mactatum
620 3457 704 3507 esset.
742 3447 826 3529 Ergo
846 3457 880 3505 ut
897 3466 1000 3507 secure
1020 3445 1051 3506 in
1071 3457 1223 3526 posterum
1245 3448 1301 3509 do-

141 3517 415 3656 minaretpjrheum.
426 3521 568 3603 exstingui
587 3521 696 3599 voluit,
721 3543 818 3614 quern·
829 3545 920 3583 unum
938 3523 996 3614 sibi
1015 3521 1212 3584 adversarium
1230 3543 1299 3584 sen-

141 3597 1300 3767 ,acalcatoriaalamannicafecorat:

142 3767 220 3810 nosa
240 3761 271 3810 et
289 3751 414 3811 crudeles
433 3752 539 3812 muller
559 3753 719 3834 probibere
735 3773 836 3814 omnes
852 3751 890 3814 ab
907 3753 968 3814 eius
986 3751 1139 3832 colloquio
1157 3763 1188 3812 et
1205 3753 1301 3814 aditu:

142 3825 261 3886 minime
281 3838 378 3887 tamen
422 3828 540 3903 uieseit,
564 3829 616 3889 sed
636 3850 705 3893 cura
724 3841 863 3910 metuque
882 3829 1017 3913 angitur,
1047 3832 1144 3892 donec
1166 3850 1183 3890 e
1201 3829 1301 3908 metio

142 3901 271 3993 sublatus
291 3901 380 3963 luerit
400 3849 560 3985 bropheta.
598 3906 666 3966 Hoc
692 3927 812 4000 quoque
838 3907 874 3968 ad
893 3906 1112 3969 monstrandam
1138 3905 1222 3968 verbi
1242 3905 1303 3966 Dei

143 3975 304 4038 efficaciam
323 3981 417 4056 valet,
443 3982 522 4072 quod
542 4002 599 4041 vox
617 3995 710 4042 sancta
731 3983 800 4058 viri,
825 3983 894 4045 licet
914 4003 1032 4044 carcere
1057 3983 1185 4060 inclusa,
1210 3983 1303 4045 instar

126 4053 465 4194 1[ςηιτίἐῖἰίιιιἰὸοῗιιιοιιιῐι
484 4058 584 4140 regiae
603 4059 701 4122 uxoria
719 4060 847 4122 animum
867 4059 986 4152 lacerat
1091 4134 1142 4196 ph·

144 4203 216 4296 q„
237 4175 272 4266 02
291 4133 643 4300 ,falcatam
659 4135 1301 4303 ,illaqueatione

143 4284 443 4440 saugosae
467 4288 774 4430 stomun
798 4288 1123 4448 coelaletae
1141 4309 1302 4430 {aar

435 4408 441 4420 .
785 4389 799 4430 s
1110 4409 1122 4444 ο
1193 4389 1204 4428 ι
1286 4403 1300 4416 .
