2764 4846
209 268 289 314 surr
620 335 625 354 Ἃ
661 253 718 316 10.
740 255 909 317 CALVINI

209 418 361 484 venturos,
380 409 592 490 rogarulrtque,
602 419 636 466 ut
646 429 715 468 suae
727 407 901 468 valetudinis
915 407 1060 468 rationem
1072 406 1204 468 haberet.
1226 407 1352 468 Postri-

211 485 258 546 die
278 485 385 567 igitur,
417 483 569 562 quum‘ad
595 505 660 542 eum
686 505 787 544 onmes
808 505 824 545 e
846 486 924 546 curia
954 485 1118 558 venisseut,
1150 495 1251 545 mutuo
1275 487 1350 545 data

128 610 155 626 „
209 573 389 641 acceptaque
406 558 510 632 salute,
530 573 684 640 postquam
698 561 812 621 veniam
824 562 975 641 petivisset
986 562 1066 640 quod
1086 562 1121 620 ad
1142 563 1234 640 ipsum
1246 583 1349 640 usque

209 638 367 711 venissent,
387 657 475 714 quum
494 635 550 696 sibi
570 637 668 716 potius
689 639 724 697 ad
746 658 796 698 eos
816 639 1012 698 accedendum
1034 648 1119 712 esset,
1140 649 1170 697 et
1189 639 1348 717 praelatus

145 782 149 791 ¹
209 733 273 774 sese
293 712 464 791 iampridem
485 713 540 772 lsoc
561 735 626 773 cum
647 714 716 794 ipsis
737 714 915 806 colloquium
936 714 1118 794 expetivisse,
1139 715 1219 792 quod
1238 726 1347 776 tamen

209 808 339 868 eousque
359 789 529 863 distulisset,
558 791 627 850 dum
653 790 741 870 paulo
768 803 874 851 ccrtrus
894 792 1000 850 exitum
1025 812 1107 851 suum
1132 792 1348 872 praesentiret,

208 867 297 948 „Ego
317 885 405 938 vcro,
435 865 573 943 iuquit,
606 867 773 928 honorandi
792 867 931 942 Domini,
960 867 1095 958 ingentes
1120 866 1204 926 vobis
1268 868 1348 926 stias

104 965 106 970 ·
166 1003 171 1014 ,
207 962 301 1024 „ago,
333 942 412 1077 quod
437 962 484 1000 nse
509 942 596 1022 plane
616 943 689 1003 nilril
711 943 859 1004 eiusmodi*
869 955 1063 1035 promeritum
1082 943 1170 1003 tanus
1196 961 1211 1002 a
1241 944 1345 1004 ecistis

207 1017 336 1094 „honori
360 1040 408 1092 us,
436 1039 574 1098 measque
590 1020 738 1110 'plurimas
770 1021 952 1082 infirmsntes
982 1032 1041 1079 tam
1071 1020 1220 1099 patienter
1248 1041 1343 1100 saepe

73 1161 77 1178 ι
115 1103 118 1119 ’
206 1093 389 1170 „tolerastis,
421 1097 500 1174 quod
524 1118 677 1156 maxrmum
701 1119 819 1180 semper
842 1097 919 1178 apud
944 1117 990 1156 me
1016 1095 1072 1155 tuit
1097 1097 1261 1157 vestraein
1289 1117 1343 1156 me

127 1211 133 1223 .
206 1171 381 1251 „singularis
405 1170 633 1234 benevolentiae
658 1186 870 1258 argumentum.
908 1175 947 1234 Et
968 1171 1095 1252 quamvis
1115 1173 1186 1230 miti
1212 1193 1342 1232 munere

206 1267 295 1324 „meo
321 1247 494 1383 defungenti
518 1251 597 1310 varia
621 1251 773 1312 subeunda
805 1251 979 1324 certamina,
1017 1249 1147 1330 variique
1173 1249 1342 1309 sustinendi

205 1323 336 1400 „suerint
355 1323 418 1385 insu
432 1337 488 1400 tus,
508 1327 587 1406 quod
606 1327 647 1387 sic
668 1339 808 1408 oporteat
824 1327 968 1408 optimum
985 1326 1072 1385 etiam
1086 1346 1233 1405 quemque
1251 1345 1342 1385 exer-

204 1400 298 1475 „ceri,
317 1400 379 1462 scio
400 1413 498 1462 tamen
519 1413 583 1463 eta
607 1422 710 1478 nosco,
731 1403 806 1464 nihil
825 1405 949 1464 istorum
968 1414 1063 1463 vestra
1080 1402 1165 1482 culpa
1186 1401 1340 1462 accidisse.

204 1475 455 1553 „Precoruutem
474 1499 526 1540 vos
546 1423 752 1555 misnenses,
783 1493 831 1556 ut,
863 1479 887 1539 si
909 1499 1101 1574 quaecunque
1121 1479 1253 1558 oportuit
1271 1499 1340 1538 uon

93 1561 101 1582 ¹
203 1553 372 1634 „praestiti,
402 1553 559 1616 voluntatis
583 1577 667 1617 meae
692 1559 791 1638 potius
816 1577 901 1637 quam
928 1556 1070 1617 facultatis
1090 1554 1220 1615 habeatis
1239 1555 1340 1614 ratio-

204 1650 303 1704 „nem.
341 1629 419 1690 lttrd
448 1631 527 1690 enim
557 1654 627 1693 vere
659 1654 776 1713 possum
805 1634 920 1708 testari,
960 1633 1048 1693 fuisse
1079 1651 1125 1698 me
1150 1629 1338 1710 reipublicae

204 1719 338 1781 „vestrae
359 1707 510 1767 exanimo
535 1709 711 1784 studiosum,
743 1724 786 1786 et,
817 1723 851 1770 ut
877 1709 979 1770 officio
999 1729 1065 1768 meo
1086 1708 1175 1787 plene
1196 1728 1257 1766 non
1276 1708 1337 1766 sim

202 1783 395 1858 „deiunctus,
424 1783 549 1864 publicis
576 1787 692 1866 quidem
719 1800 799 1849 certe
824 1786 986 1847 commodis
1008 1806 1063 1864 pro
1083 1784 1162 1843 virili
1180 1783 1338 1843 studuisse.

203 1859 318 1934 „Quod
343 1859 398 1919 nisi
423 1881 631 1944 agnoscerem,
668 1865 831 1924 Dominum
854 1863 980 1924 vicissim
1006 1881 1098 1953 opera
1122 1860 1268 1920 interdurn
1290 1862 1337 1920 uti

202 1957 288 2011 „mea
308 1957 370 1996 uon
390 1934 535 1998 inutiliter
553 1940 696 2017 boluisse,
727 1939 963 2003 dissimulationis
989 1959 1100 1997 crrmen
1126 1958 1189 1996 uon
1214 1936 1338 2017 elinge-

168 2071 173 2076 .
201 2033 294 2088 „rem
333 2011 393 2072 Sed
415 2015 472 2074 lroc
492 2016 613 2076 a.vobis
632 2017 718 2078 etiam
739 2027 827 2108 atque
847 2017 934 2076 etiam
953 2025 1040 2094 pcto,
1059 2025 1093 2072 ut
1112 2013 1337 2074 excusationem

201 2091 300 2169 „apud
317 2109 369 2148 vos
389 2088 547 2168 inveniam,
566 2093 646 2173 quod
665 2105 723 2153 tarn
744 2115 846 2177 exigua
865 2092 1126 2172 sintquaecunque
1140 2088 1262 2224 fiublice
1283 2091 1336 2150 vel

200 2166 357 2245 „privatim
377 2169 519 2246 praestiti,
539 2189 612 2250 prae
628 2171 662 2230 iis
680 2191 754 2250 quae
774 2191 791 2231 a
809 2191 856 2230 me
875 2169 939 2228 fieri
958 2167 1122 2258 oportuit*
1170 2166 1228 2250 ltro
1249 2179 1337 2227 certe

200 2262 368 2323 „agnoseo,
390 2265 437 2304 me
457 2245 541 2306 vobis
561 2247 623 2306 hoc
638 2267 757 2327 quoqne
777 2247 897 2307 nomine
918 2243 1074 2325 plurrmum
1094 2241 1220 2316 debere,
1249 2245 1336 2321 quod

200 2319 436 2394 „vehementiam
461 2321 540 2382 illam
564 2344 658 2383 meam
685 2324 833 2384 interdum
857 2321 1077 2384 immoderatam
1108 2339 1204 2397 aequo
1230 2319 1334 2380 animo

200 2394 339 2470 „tulistisz
360 2417 434 2477 qnae
455 2411 574 2478 peccata
594 2421 659 2460 mea
678 2401 797 2460 conlido
817 2399 893 2459 mihi
907 2419 923 2458 a
939 2398 1007 2456 Deo
1029 2415 1147 2477 quoque
1167 2396 1231 2476 ipso
1253 2415 1341 2454 con--

198 2469 337 2547 „donata
377 2473 534 2536 Caeterum
558 2477 640 2555 quod
664 2478 700 2537 ad
720 2477 884 2538 doctrinam
904 2475 1023 2548 attinet,
1048 2493 1135 2553 quam
1155 2493 1189 2532 ex
1208 2492 1254 2530 me
1274 2493 1333 2532 au·
1369 2497 1370 2500 ¹

198 2548 317 2624 „distis,
336 2559 430 2610 testor
447 2573 494 2612 me
515 2572 577 2612 non
595 2547 707 2614 teme're
728 2573 765 2613 ne
789 2574 824 2612 ue
845 2552 977 2627 incerto,
995 2549 1047 2609 sed
1066 2569 1140 2628 pure
1160 2569 1194 2608 ac
1212 2547 1334 2610 sincere

198 2625 340 2716 „verbum
360 2627 420 2687 Dei
439 2629 509 2688 mihi
534 2631 736 2691 concreditum
761 2573 912 2703 docuisse,
924 2657 928 2664 ·
941 2627 1022 2686 cuius
1042 2626 1114 2684 iram
1136 2625 1246 2705 alioqui
1264 2636 1330 2686 tam

197 2723 322 2776 ,serrem
344 2703 410 2763 huic
430 2705 519 2784 capiti
538 2727 605 2767 meo
625 2708 741 2766 iamiam
757 2705 922 2780 imminere,
963 2723 1028 2762 uam
1042 2713 1138 2762 certus
1152 2723 1224 2774 sum,
1244 2722 1332 2762 meos

196 2778 403 2853 „inducendo
424 2781 541 2843 labores
562 2784 589 2842 ei
608 2805 669 2843 non
691 2783 734 2842 dis
757 2781 882 2841 licuisse.
921 2725 1014 2858 quue
1034 2799 1134 2838 coram
1143 2777 1210 2838 Deo
1223 2791 1252 2837 et
1270 2799 1331 2839 vo-

196 2853 262 2930 „bis
283 2874 320 2916 eo
340 2855 478 2918 libentius
496 2859 653 2936 testificor,
672 2803 754 2940 quod
771 2857 891 2918 minime
912 2857 1059 2929 dubitem,
1080 2855 1217 2915 Satanam
1237 2869 1333 2934 prout

195 2931 371 3007 „cousuevit
389 2934 551 3014 improbos,
572 2936 661 3010 leves,
680 2935 876 3017 vertiginosos
892 2934 1019 3012 denique
1040 2932 1173 2992 homines
1193 2947 1330 2991 corrum-

207 3009 348 3087 pendae,
378 3031 463 3090 quam
484 3034 518 3072 ex
537 3033 584 3073 me
610 3012 742 3084 audistis,
772 3012 903 3072 sincerae
928 3009 1080 3070 doctrinae
1107 3009 1330 3068 excitaturum.“

195 3050 272 3145 inde
293 3085 425 3168 delapsus
446 3089 482 3149 ad
502 3089 641 3150 immensa
662 3087 711 3148 illa
731 3087 890 3161 beneficia,
911 3086 1015 3166 quibus
1035 3107 1051 3146 a
1071 3085 1204 3145 Domino
1225 3084 1328 3160 allecti

137 3197 153 3216 2
197 3159 316 3222 inerant
355 3167 454 3246 „Ego,
474 3186 489 3226 e
513 3187 541 3240 o,
561 3154 697 3256 inqdit,
717 3165 845 3244 optimus
863 3185 926 3224 sum
947 3164 1038 3236 testis,
1058 3173 1133 3241 quot
1151 3159 1328 3240 quantisque

194 3207 353 3319 „pericuiis
375 3187 618 3334 Optimiblanimr
630 3242 690 3310 Dei
709 3263 810 3300 manus
829 3260 883 3302 vos
902 3239 1049 3302 exemerit.
1087 3236 1201 3297 Videtis
1220 3257 1328 3317 porro,

194 3335 276 3394 „quo
297 3315 365 3378 loco
386 3319 456 3378 mis.
496 3319 566 3380 Sive
585 3317 676 3402 igitur
695 3319 840 3380 secundae
860 3337 907 3378 res
926 3329 1039 3378 vestrae
1060 3313 1170 3374 suerint
1188 3313 1248 3372 sive
1268 3317 1325 3374 ad-

93 3413 102 3438 *
194 3412 331 3472 „versam
347 3394 436 3472 illud,
456 3416 580 3486 quaeso,
604 3392 689 3455 vobis
710 3394 749 3456 ob
771 3393 872 3455 oculos
892 3414 1008 3474 semper
1028 3392 1215 3464 obversetur,
1239 3389 1324 3452 illum

180 3490 304 3548 ,unum
325 3491 403 3547 esse,
423 3493 473 3554 qur
491 3491 584 3606 regna
604 3482 635 3531 et
647 3471 784 3532 civitates
803 3471 945 3539 stabiliat,
971 3488 1066 3549 eoque
1087 3467 1208 3528 nomine
1228 3466 1288 3526 coli
1308 3490 1325 3529 a

193 3546 398 3624 ,mortalibus
406 3546 486 3608 velit
543 3547 717 3609 lemineritis
736 3535 875 3630 inagnum
894 3547 975 3607 illurn
994 3545 1139 3608 Davidem
1158 3543 1268 3618 testari,
1290 3565 1323 3604 se

193 3634 274 3702 ,tum
295 3625 464 3704 prolapsum
492 3645 569 3701 esse,
600 3645 688 3716 quum
714 3625 771 3684 alta
798 3625 855 3684 iam
881 3645 953 3705 pace
979 3623 1140 3696 frueretur,
1171 3641 1323 3699 uunquam

192 3667 293 3779 ,iderte
313 3711 524 3776 surrecturum,
556 3700 776 3762 nisrsDomiuus
802 3701 936 3762 bonitate
960 3699 1102 3792 singulari
1125 3717 1175 3756 sua
1203 3718 1322 3758 manum

192 3777 241 3857 „ei
261 3778 444 3858 porrexisset.
484 3775 567 3852 Quid
591 3777 681 3861 igitur
704 3778 826 3838 tantillis
851 3778 1035 3838 homunculis
1056 3776 1140 3849 fiet,'
1162 3795 1251 3852 quum
1270 3774 1322 3834 ille

192 3866 272 3932 „tam
292 3867 398 3935 potens
426 3851 456 3913 e't
479 3853 564 3914 fortis
588 3853 746 3917 ceciderit?
785 3857 899 3936 Nempe
924 3875 1028 3936 magna
1053 3851 1139 3912 vobis
1156 3849 1248 3914 animi
1268 3851 1321 3910 de-

191 3931 350 4010 „missione
372 3952 445 4011 opus
466 3942 519 4005 est,
540 3942 572 3991 ut
591 3951 696 4069 magna
717 3954 782 3992 cum
793 3931 852 3991 Dei
871 3931 1036 3991 reverentia
1056 3927 1181 3987 sollicite
1201 3927 1319 3986 inceda-

192 4007 262 4086 „tis,
281 4007 357 4067 illius
379 4028 415 4067 ue
436 4007 519 4066 unius
540 4005 633 4088 pracsi
657 4009 686 4068 io
707 4005 851 4082 nitamini,
871 4007 943 4068 certi
963 4006 1100 4065 nimirum
1119 4005 1159 4063 ita
1180 4002 1319 4080 futurum,

191 4098 258 4162 ‚,ut,
292 4029 377 4162 quod
395 4095 455 4143 tam
482 4105 569 4164 saepe
595 4105 627 4145 re
649 4085 711 4165 ipsa
730 4084 874 4160 sensistis,
901 4083 980 4143 lirmi
999 4081 1075 4141 illius
1095 4101 1153 4160 ope
1174 4081 1319 4160 perstetis,

191 4159 324 4238 „etiamsi
348 4161 428 4220 velut
452 4183 486 4222 er
510 4161 593 4221 tenni
619 4161 668 4221 filo
693 4177 830 4251 suspensa
856 4173 951 4221 vestra
976 4158 1052 4220 salus
1079 4169 1110 4218 et
1135 4157 1318 4218 incolumitas

190 4237 310 4316 „luerit
347 4238 452 4317 Itaque
472 4237 495 4298 si
520 4259 662 4320 prospera
687 4237 772 4299 vobis
798 4237 965 4310 evenerint,
996 4246 1095 4295 cavete
1123 4254 1247 4314 quaeso,
1280 4253 1317 4294 ne

190 4311 403 4392 „profanorum
423 4315 514 4376 instar
534 4315 714 4390 efferamini,
740 4314 791 4374 sed
810 4314 878 4373 Deo
899 4313 997 4395 potius
1017 4333 1083 4372 cum
1102 4310 1192 4370 animi
1207 4309 1316 4369 ¹demis-

190 4387 295 4466 ,sione
315 4391 424 4481 gratias
442 4392 530 4476 agite.
570 4392 625 4454 Sin
650 4391 769 4454 adversa
793 4389 878 4452 vobis
902 4389 1076 4466 acciderint,
1106 4387 1239 4468 adeoque
1263 4405 1315 4450 vos
