2814 4846
928 71 940 106 t

299 225 382 306 (ιῦ.
414 217 593 290 'Pharisaeus
613 237 644 290 ct
662 223 835 310 publicanus
854 227 887 290 in
908 229 1050 310 templo.)
1141 273 1143 276 -
1219 234 1260 298 69
1291 287 1298 300 ,.

86 399 155 452 rum
181 387 245 453 est,
270 397 358 459 qiam
383 379 434 441 diu
458 379 512 442 sub
539 381 632 443 carnis
655 381 826 445 infirmitate
851 381 1005 458 laborant,
1029 380 1082 442 ubi
1106 401 1158 441 sua
1177 381 1258 444 bona
1299 415 1312 440 ι

87 455 287 538 agnoverint,
311 457 490 518 adonicam
509 457 569 518 Dei
587 457 817 520 misericordiam
837 459 1018 542 confugere,
1041 469 1073 519 et
1097 457 1129 516 in
1153 459 1257 520 veniae

88 533 305 612 deprecatione
331 532 431 598 locare
455 555 536 596 snam
554 534 686 596 salutem.
714 533 787 594 -Sed
807 537 974 616 quaeritur,
999 535 1150 615 quomodo
1176 547 1259 596 tanta

89 609 290 670 sanctimonia
304 610 453 691 praeditus
471 611 572 685 suerit,
593 611 643 692 qui
662 611 755 692 impio
775 611 858 672 iastu‘
871 625 1042 674 excoecatus
1062 623 1137 672 erat:
1162 631 1260 690 neque

90 687 169 754 enim
196 685 318 747 aliunde
341 699 441 748 manat
459 699 540 748 tanta
559 689 711 770 integritas
731 689 789 749 nisi
809 711 825 750 a
844 689 903 750 Dei
924 687 1054 769 Spiritu,
1079 709 1167 767 quem
1191 709 1258 748 cer-

87 773 152 822 tum
173 772 221 822 est
238 763 359 824 minime
379 765 411 823 in
431 764 592 844 hypocritis
609 785 747 846 regnare.
772 765 987 845 ¹I'sespoudeo,
1008 777 1127 828 externa
1146 775 1260 832 tantum

87 839 168 900 larva
189 837 280 899 luisse
300 839 454 915 confisum,
473 841 533 901 acsi
553 842 668 902 occulta
688 851 720 901 et
737 842 863 904 interior
882 843 980 903 cordis
999 841 1198 904 immundities
1227 841 1260 902 in

86 917 238 976 rationem
258 937 320 976 uon
339 917 463 978 veniret.
504 918 607 992 Quare
626 917 697 978 licet
716 919 811 998 pravis
826 919 1077 999 >concupiscentiis
1097 918 1175 978 intus
1194 939 1259 978 sca·

87 1003 177 1066 teret,
199 992 268 1071 quia
290 1003 387 1054 tamen
406 1014 468 1054 uon
488 995 543 1054 uisi
564 1015 598 1054 ex
617 995 717 1075 specie
736 996 855 1071 iudicat,
874 1016 976 1057 secure
990 995 1192 1056 innocentiam
1203 995 1261 1054 ob-

87 1069 196 1129 tendit.
235 1067 383 1136 Doua'uus
408 1072 526 1150 quidem
551 1071 646 1150 ipsum
671 1071 807 1132 vanitatis
830 1093 893 1132 nou
910 1071 1069 1154 'coarguit,
1098 1073 1180 1152 quod
1205 1069 1261 1132 sibi

87 1145 167 1206 salso
188 1144 302 1206 tribuat
322 1146 401 1225 quod
421 1167 483 1208 nou
502 1144 607 1207 habet:
623 1149 795 1209 'urendum
814 1161 913 1210 tameu
933 1161 987 1224 est,
1006 1148 1156 1216 neminem
1176 1169 1191 1208 a
1212 1169 1260 1207 ra·
1328 1191 1332 1204 .

90 1223 178 1302 pina,
204 1221 360 1296 iniustitia,
386 1220 509 1284 libidine
534 1235 565 1284 et
591 1224 654 1284 aliis
677 1223 754 1287 vitiis
799 1247 883 1285 urum
908 1245 972 1286 esse
992 1223 1048 1284 nisi
1069 1223 1182 1304 Spiritu
1198 1223 1262 1283 Dei

87 1299 216 1382 regitur.
253 1294 412 1360 sathanan
430 1299 488 1361 hoc
508 1299 589 1374 loco,
609 1313 642 1360 ut
660 1321 749 1380 saepe
769 1247 851 1376 alibi,
870 1321 926 1381 pro
946 1299 1131 1361 hebdomade
1151 1300 1262 1380 accipi-

86 1388 154 1438 tur:
174 1375 258 1436 Deus
278 1385 375 1436 autem
396 1395 546 1456 nunqnam
566 1377 597 1436 iu
616 1377 699 1459 Lege
718 1397 824 1457 praece
848 1377 880 1451 it,
900 1388 934 1436 ut
951 1375 1072 1456 siugulis
1092 1376 1262 1466 septimanis

87 1452 170 1543 servi
179 1451 235 1588 fsui
254 1451 404 1526 ieiunent,
424 1474 514 1533 quare
534 1455 593 1516 hoc
612 1453 753 1515 ieiunium
774 1467 805 1517 ct
824 1399 972 1528 decimae,
991 1451 1157 1514 voluntaria
1178 1473 1261 1514 exer-

89 1530 160 1590 citia
194 1549 231 1589 ue
288 1540 302 1587 t
1077 1565 1080 1572 ·
1254 1549 1262 1562 “

167 1611 216 1672 13.
233 1549 434 1668 ml'lublicanus
454 1605 563 1684 procul
584 1622 674 1690 unns.
716 1603 780 1671 'Hie
811 1599 982 1690 generalem
1014 1603 1146 1687 regulam
1174 1603 1263 1666 Chri-

88 1695 152 1743 stus
172 1681 291 1744 tradere
311 1682 418 1758 uoluit,
458 1685 519 1744 uasi
539 1703 660 1746 necesse
676 1683 723 1762 sit,
744 1685 846 1746 oculos
859 1685 1012 1744 interram
1026 1683 1164 1758 deiicere,
1186 1703 1263 1762 quo-

88 1759 146 1819 ties
173 1759 383 1838 deprecamur,
407 1705 459 1820 sed
482 1773 596 1821 tantum
621 1761 706 1849 signa
731 1761 902 1824 humilitatis
919 1762 1034 1841 posuit,
1061 1781 1147 1840 quam
1170 1755 1264 1820 solani

89 1835 151 1896 suis
171 1835 322 1914 discipulis
340 1838 537 1902 commendat.
575 1838 672 1898 Porro
695 1838 734 1917 in⁴
747 1838 860 1912 eosita
881 1850 926 1898 est
943 1837 1101 1910 humilitas,
1121 1837 1144 1896 si
1157 1823 1263 1916 perda-

89 1913 129 1973 tis
149 1913 209 1972 suis
231 1932 292 1972 nou
312 1913 486 1996 ignoscant,
509 1914 561 1974 sed
586 1915 718 1995 seipsos
739 1912 906 1976 damnando
926 1914 1119 1996 praeveniant
1138 1913 1198 1972 Dei
1217 1913 1264 1971 iu-

89 1989 213 2063 dicium,
232 2001 263 2050 at
284 2011 322 2050 ue
341 2001 375 2050 ut
392 1991 461 2052 Deo
482 1991 726 2068 reconcilientur,
745 1990 908 2071 simplicem
927 2003 1024 2052 reatus
1046 1990 1264 2050 confessionem

88 2065 230 2127 aflerant
297 2077 368 2146 tque
388 2067 445 2129 huc
463 2079 579 2148 spectat
596 2069 710 2148 pudor,
736 2068 786 2147 qui
805 2088 923 2148 semper
941 2067 1145 2148 poenitentiae
1165 2087 1265 2128 comes

91 2154 152 2204 est:
178 2163 246 2204 uam
267 2155 355 2220 certe
368 2143 399 2202 in
421 2145 477 2204 hoc
497 2145 656 2226 praecipue
676 2145 783 2206 insistit
797 2144 961 2220 Dominus,
987 2145 1069 2224 quod
1088 2143 1263 2222 publicanus

90 2239 124 2280 se
148 2220 287 2279 miserum
314 2231 345 2279 et
367 2219 514 2299 perditum
540 2221 618 2281 serio
644 2241 808 2304 agnoscens
834 2221 870 2280 ad
890 2221 950 2279 Dei
974 2215 1206 2280 misericordit'tu
1232 2239 1264 2277 se

91 2295 238 2357 contulit:
258 2315 327 2356 uam
348 2297 477 2376 quamvis
497 2297 534 2356 sit
553 2308 704 2376 peccator,
723 2297 850 2378 gratuita
869 2295 961 2356 vcuia'
977 2297 1071 2356 iretus'
1088 2295 1186 2356 Deum
1206 2291 1264 2354 sibi

91 2372 259 2454 propitium
285 2371 352 2432 sore
375 2383 484 2454 sperat.
522 2373 560 2434 In
579 2393 705 2449 summa,
729 2370 914 2440 uelamina
933 2373 1089 2452 impetret,
1109 2389 1146 2440 eo
1166 2391 1197 2432 se
1216 2372 1266 2430 in-

92 2450 217 2532 dignum
243 2447 361 2508 latetur.
405 2451 447 2508 Et
478 2461 559 2512 certe
588 2471 678 2528 quum
708 2449 771 2510 sola
800 2460 992 2528 peccatorum
1017 2448 1150 2511 remissio
1177 2447 1265 2508 nobis

90 2526 191 2586 Deum
213 2523 364 2600 conciliet,
383 2525 452 2586 hinc
473 2525 622 2586 exordium
643 2526 740 2586 fa'cere
760 2545 882 2584 necesse
903 2536 963 2599 est,
982 2525 1007 2584 si
1026 2524 1129 2602 preces
1150 2536 1265 2583 nostras

90 2603 136 2662 illi
157 2613 255 2684 gratas
276 2622 338 2662 esse
359 2603 499 2683 cupimus.
538 2599 652 2676 Porro,
680 2603 730 2682 qui
755 2622 786 2662 se
806 2621 890 2661 reum
911 2613 941 2660 et
961 2601 1128 2661 convictum
1148 2600 1265 2679 praeia-

89 2693 139 2740 tus
166 2677 283 2740 absolvi
306 2691 404 2744 tamen
428 2679 519 2760 petit,
548 2697 673 2759 operum
696 2700 729 2740 se
752 2678 858 2748 fiducia
884 2677 1019 2750 abdicat,
1050 2675 1139 2756 idque
1170 2674 1267 2750 voluit

93 2755 243 2829 Christus,
261 2755 359 2816 Deum
379 2777 442 2819 uon
461 2755 525 2818 aliis
545 2754 821 2831 foremorabitem,
841 2754 897 2816 nisi
917 2755 968 2834 qui
986 2751 1104 2839 trepide
1120 2752 1157 2814 ad
1173 2751 1265 2812 solam

95 2833 159 2894 eius
179 2830 413 2892 misericordiam
434 2832 617 2914 confugient
692 2867 693 2872 κ
931 2843 935 2852 ’
1032 2842 1039 2854 ’
1070 2843 1073 2850 “
1101 2841 1106 2852 ’

170 2917 219 2974 14.
258 2907 418 2968 Mandis
433 2905 481 2969 bio
498 2912 677 2990 campanam.
722 2907 890 2990 Impropria
919 2917 964 2968 est
989 2907 1266 2986 comperuimus-

61 2987 65 2994 '
94 3007 154 3066 quc
175 2985 265 3059 euim,
286 2987 368 3120 quasi
389 2985 550 3048 communis
570 2987 714 3060 ambobus
734 2986 773 3047 sit
790 2983 912 3062 iustitia,
930 2983 1120 3064 publicanum
1131 2981 1266 3045 Christus

91 3074 209 3122 tntum
268 3081 282 3120 a

93 3086 187 3219 ιῖιιιιιιι
208 3136 231 3198 Ρ
256 3137 381 3199 arisaeus
400 3138 432 3199 iu
448 3150 546 3199 totum
566 3141 693 3201 reiectus
714 3138 812 3220 fuerit.
825 3129 832 3154 ¹
846 3139 945 3218 Atque
970 3136 1126 3222 hicflocus
1150 3137 1267 3218 perspi-

94 3237 152 3276 cue
172 3216 274 3290 docet,
294 3215 364 3293 quid
422 3216 507 3298 oprie
526 3212 749 3278 sit‘iustificari:
768 3236 875 3296 nempe
895 3227 973 3276 stare
993 3235 1092 3275 coram
1105 3214 1187 3290 Deo,
1207 3213 1267 3274 acsi

91 3292 164 3354 iusti
185 3313 321 3354 essemus
360 3237 465 3372 bilique
486 3293 564 3354 enim
605 3292 757 3353 ublicanus
775 3292 844 3352 ideo
860 3291 1031 3356 iustificatus
1048 3291 1165 3368 dicitur,
1186 3289 1268 3372 quod

94 3389 206 3430 noram
227 3369 398 3449 qualitatem
416 3382 541 3462 repente
561 3313 618 3454 sibi
638 3369 817 3449 acquisierit,
835 3369 889 3429 sed
909 3369 975 3460 quia
995 3367 1117 3430 inducto
1140 3380 1224 3429 reatu
1236 3377 1268 3428 et

95 3445 216 3505 abolitis
236 3445 366 3524 peccatis
385 3459 510 3528 gratiam
530 3448 652 3538 adeptus
674 3458 730 3506 est:
749 3446 829 3506 unde
844 3457 978 3524 seqmtur
991 3445 1130 3508 iustitiam
1143 3446 1178 3506 in
1194 3465 1269 3578 pee-

93 3534 230 3582 catorum
251 3521 424 3584 remissione
445 3543 507 3584 esse
526 3536 662 3603 positam.
700 3523 785 3606 Ergo
803 3522 889 3582 sicuti
900 3521 1050 3582 Pharisaei
1063 3521 1185 3582 virtutes
1212 3539 1267 3579 oe-

94 3597 178 3660 davit
196 3619 231 3658 ac
251 3597 358 3678 polluit
377 3620 466 3678 prava
487 3600 678 3674 confidentia,
696 3611 731 3659 ut
749 3597 856 3659 nullius
876 3620 892 3658 a
914 3599 954 3658 ud
966 3598 1065 3658 Deum
1076 3597 1165 3676 pretii
1177 3595 1268 3655 fuerit

95 3671 253 3736 laudabilis
273 3675 335 3736 eius
355 3697 454 3736 coram
474 3676 585 3736 mundo
598 3676 770 3758 integritas,
790 3675 831 3735 ita
848 3619 1026 3734 Publicanos
1047 3671 1133 3732 nullis
1153 3671 1268 3732 adiutus

95 3769 223 3832 operum
243 3751 355 3812 meritis
375 3751 514 3813 iustitiam
535 3752 666 3814 obtinuit
684 3753 747 3813 sola
764 3752 868 3812 veniae
879 3750 1102 3830 deprecatione,
1122 3747 1190 3828 qnia
1209 3747 1268 3807 sci-

93 3825 167 3886 licet
191 3848 256 3889 uon
279 3827 353 3888 alibi
378 3849 464 3908 quam
488 3829 519 3888 in
539 3851 620 3890 mera
639 3827 699 3890 Dei
719 3828 876 3890 clementia
895 3827 1032 3907 speravit.
1071 3823 1132 3884 Sed
1151 3823 1269 3885 videtur

96 3923 162 3964 esso
182 3903 355 3981 absurdum,
381 3925 483 3966 omnes
506 3907 537 3964 in
564 3905 690 3966 eundem
715 3905 784 3987 cogi
803 3904 954 3977 ordinem,
979 3922 1069 3982 quum
1094 3899 1184 3983 longe
1210 3899 1269 3962 alia

96 3980 135 4040 sit
146 3981 451 4062 sanctorumpuritas,
471 4001 558 4060 quam
569 3981 661 4042 fuerit
670 3981 832 4063 publicani.
870 3980 1062 4059 Respondes,
1082 3977 1268 4058 quantumvis

95 4057 127 4117 iu
142 4057 205 4124 Dei
226 4055 307 4117 cultu
327 4069 357 4121 et
375 4079 444 4118 vern
464 4057 659 4120 sanctimonia
678 4059 823 4140 quispiam
840 4055 1014 4137 profecerit,
1033 4054 1269 4136 sitamenrepu.

96 4143 157 4208 tet,
183 4145 327 4213 quantum
346 4134 442 4195 adhuc
461 4133 517 4196 sibi
537 4133 626 4210 desii,
645 4157 718 4197 ‚non
745 4154 832 4217 posse
857 4133 913 4194 alia
939 4131 1035 4197 torma
1058 4131 1116 4190 rite
1141 4132 1269 4211 precari,
1320 4149 1324 4158 ⁴

96 4231 186 4289 quam
211 4210 236 4271 ri
262 4230 279 4270 a
303 4222 400 4273 reatus
426 4211 615 4272 consessione
639 4213 698 4274 inci
721 4213 775 4274 iat:
804 4232 872 4270 nam
893 4209 1023 4289 quamvis
1042 4206 1094 4269 alii
1113 4208 1194 4288 plus,
1218 4209 1269 4269 alii
1316 4227 1327 4252 ⁶

94 4286 207 4361 minus,
226 4306 330 4348 omnes
349 4298 448 4350 tamen
469 4287 666 4350 communiter
683 4235 807 4368 obnoxii
825 4297 902 4348 sunt
943 4286 1046 4361 Quare
1065 4305 1129 4346 non
1149 4286 1270 4350 dubium

96 4373 154 4442 tet,
174 4362 249 4446 quin
261 4363 374 4448 Legem
392 4365 442 4430 bic
458 4364 593 4432 Christus
612 4365 749 4432 omnibus
770 4361 960 4450 praescribat,
979 4361 1039 4430 acti
1057 4361 1269 4445 dicerettuoc

343 1542 439 1605 paster
457 1531 548 1614 Legis
567 1531 789 1613 praescriptum.

306 3083 325 3120 u
344 3062 443 3144 aliquo
464 3063 605 3142 praefert,
623 3064 676 3124 sed
695 3062 846 3145 intelligit
866 3082 934 3123 euru
953 3059 1041 3122 fuisse
1058 3073 1173 3144 gratum
1184 3061 1268 3136 Deo,
1374 3069 1379 3082 ‘
