2768 4856
144 231 292 338 ,m
412 217 425 354 J
605 255 971 336 iocanvmrvrm

116 439 122 457 ·
229 431 262 489 in
280 425 573 488 mremam'viennae
592 426 754 500 coniectus,
773 445 807 488 ac
826 427 896 490 inde
915 428 1103 490 mornescio
1123 427 1229 508 quibus
1249 429 1366 492 artibu

229 505 344 598 elapsas
369 501 609 564 Genavamiato
633 503 760 581 quodam
784 516 922 579 renuat,
961 502 1018 564 alio
1046 507 1150 584 procul
1176 507 1366 568 transiturus

224 583 288 642 ‘nbi
304 581 362 642 Dei
381 579 567 661 providentia
588 578 696 640 lactum
715 591 801 654 esset,
820 591 853 642 ut
869 601 939 644 mox
958 601 973 644 a
994 582 1119 660 quodam
1141 583 1271 665 agnitus,
1297 583 1363 644 Cal

225 660 300 720 sinu
326 657 527 740 Magistratum
549 655 744 730 admonente,
774 655 883 718 carceri
908 657 1009 718 inisset
1025 659 1223 738 mancipatus.
1280 660 1367 735 Queat

228 734 389 797 certamine
416 745 478 794 tum
509 733 683 812 quantisque
714 733 751 794 de
779 733 881 795 rebus·
897 745 1029 816 suscepta
1055 735 1181 808 luerint,
1210 755 1256 796 rer
1287 739 1367 798 editt

229 811 307 872 libro
331 809 445 891 percipi
470 809 638 890 plenissime
663 820 769 890 potest
814 809 883 872 Fuit
902 821 1006 872 autam
1032 811 1136 884 borum
1157 813 1297 874 omnium
1322 814 1367 876 isti

229 889 338 962 exitus,
372 899 405 946 ut
428 888 547 947 undem
574 886 705 966 perditus
729 885 778 946 illc
799 887 866 966 (cui
885 885 1076 948 factiosorum
1097 889 1185 948 etiem
1204 911 1287 950 unus
1310 903 1367 952 tun

227 963 377 1026 Praetoris
396 961 582 1024 Assessorin
602 982 702 1024 aurem
720 963 923 1029 insusurrasse‘
933 963 1071 1042 quiddam
1091 965 1289 1042 credebatur,
1315 989 1367 1047 qui

221 1018 336 1102 lsaeelum
360 1039 469 1122 perditi
492 1038 618 1100 hominis
638 1039 765 1100 animum
785 1039 978 1118 obfirmaret)
998 1061 1014 1100 a
1034 1061 1109 1103 vana
1127 1042 1177 1102 illa
1194 1049 1247 1102 'arsa
1274 1045 1366 1104 confi

126 1141 129 1162 ¹
229 1119 328 1179 dentia
359 1117 509 1198 proditus,
548 1127 578 1175 et
608 1115 764 1206 impietatis
795 1137 828 1177 ac
853 1117 1031 1178 infinitarum
1057 1117 1315 1200 blasphemiarum
1347 1132 1368 1182 ct

228 1195 360 1259 omnium
397 1193 492 1252 vetium
535 1190 752 1254 Helveticarnm
792 1195 978 1258 ecclesiarum
1017 1195 1161 1258 sententia
1200 1195 1368 1260 damnatus

227 1272 354 1332 XXVII.
378 1269 505 1330 Octobr.
528 1267 611 1328 nullo
637 1268 718 1331 edito
742 1270 945 1350 poeniteutiae
968 1270 993 1329 si
1016 1291 1071 1347 no,
1103 1270 1208 1332 frustra
1225 1275 1368 1354 supplici

262 1348 401 1432 usitatam
420 1345 599 1426 deprecante
618 1355 767 1425 pastorum
788 1345 942 1428 collegio,¹
954 1289 1054 1406 inlitis
1073 1347 1154 1408 visus
1173 1365 1368 1414 cremaretur

226 1369 359 1488 iirettus
383 1435 481 1484 autem
505 1421 612 1482 eodem
631 1442 711 1482 anno
730 1442 860 1502 eousque
879 1424 909 1483 ri
928 1423 1026 1484 morbi
1047 1425 1169 1501 tractus,
1200 1437 1233 1486 ut
1255 1448 1273 1487 a
1299 1429 1366 1490 Cal

227 1504 316 1577 vino,
345 1500 395 1582 qui
414 1496 657 1576 Neocomumad
676 1518 742 1560 eum
761 1499 913 1561 visendum
931 1512 1069 1574 venerat,
1082 1548 1085 1556 r
1098 1521 1152 1591 pro
1172 1513 1302 1564 mortuo
1329 1527 1369 1568 re

227 1579 426 1658 linqueretur,
444 1575 522 1636 vitae
542 1585 645 1654 postea
665 1581 783 1656 praeter
801 1597 883 1658 spem
902 1593 1021 1637 omnem
1041 1589 1190 1638 resumtus
1210 1575 1369 1644 ecclesian

228 1677 298 1716 mox
313 1652 468 1715 remeavit.
506 1651 551 1711 Ite
573 1651 661 1731 plane
680 1651 759 1713 inter
777 1673 860 1732 spem
875 1663 911 1712 et
927 1653 1049 1730 mettani
1067 1652 1247 1716 terminante
1269 1669 1369 1720 umet

228 1721 363 1792 dolorem
383 1728 505 1804 laetitia,
522 1747 631 1788 minum
652 1729 732 1790 bunc
748 1741 873 1792 emenus.
888 1730 1045 1812 exegimus,
1084 1733 1163 1792 Ecce
1183 1731 1279 1808 enim,
1304 1737 1369 1798 dun

227 1809 301 1870 baec
319 1807 350 1868 in
370 1805 488 1868 Servati
507 1823 592 1864 cansa
611 1816 749 1886 aguntur,
769 1805 886 1884 'quidam
904 1826 942 1868 ex
959 1806 1087 1868 laetimis
1106 1807 1298 1870 berteleriua
1319 1835 1366 1873 no

226 1883 321 1958 mine,
352 1884 444 1944 bomo
461 1880 612 1961 proiectae
627 1881 748 1962 penitus
767 1881 993 1961 impudentiae,
1012 1883 1059 1946 etri
1079 1883 1119 1946 ob
1140 1885 1236 1946 multa
1251 1888 1369 1971 flagiti

227 1959 448 2041 Presbyterium
474 1977 574 2018 mensa
598 1957 722 2040 Domini
745 1957 949 2034 interdixerat,
978 1959 1011 2020 in
1037 1961 1178 2022 Senatum
1202 1964 1296 2042 yenit
1319 1987 1366 2048 po

227 2036 374 2117 stulatque
395 2055 429 2096 ex
447 2034 622 2094 anctoritate
641 2035 767 2094 Senatus
787 2033 922 2112 absolvis
934 2037 1039 2115 quodsi
1058 2036 1167 2098 sactum
1188 2052 1288 2116 esset,
1313 2065 1370 2106 ans

227 2114 259 2174 bi
282 2115 291 2172 i
315 2133 378 2174 nen
402 2121 533 2200 poterat,
563 2111 634 2202 quin
659 2131 727 2170 mox
750 2110 853 2174 solutis
873 2102 1085 2174 ecclesiasticae
1106 2113 1177 2174 disci
1198 2115 1284 2177 linae
1307 2123 1370 2180 vin

227 2133 300 2252 culis
320 2189 421 2252 omnia
438 2197 534 2248 statem
555 2186 732 2248 diffluerent.
771 2185 933 2251 manetis
951 2189 1162 2272 igitur'sednlo
1177 2137 1366 2277 lortitcrqu

227 2265 408 2349 Presbyteffi
432 2265 553 2324 nornine
579 2262 736 2337 Calvinus,
772 2265 963 2344 ostenditque
990 2267 1191 2348 Magistratnm
1215 2289 1370 2334 sacrarum

218 2344 326 2426 legum
349 2341 511 2413 vindioem,
539 2359 602 2401 non
626 2341 838 2412 destructorem
862 2349 925 2402 esse
949 2355 1104 2422 oportere:
1135 2344 1208 2404 nibil
1225 2347 1365 2443 {deniqu

227 2441 331 2482 eornm
350 2417 568 2500 praetermittit,
588 2435 662 2554 quae
681 2417 756 2476 tanti
768 2419 911 2479 momenti
920 2420 1075 2480 contentio
1095 2420 1257 2503 flagitabat.
1293 2428 1371 2489 Vm,

227 2496 336 2559 cebant
353 2508 452 2558 umen
471 2515 575 2554 eorum
591 2525 594 2533 .
608 2492 659 2553 alsi
679 2493 837 2568 clamores,
856 2496 906 2574 qui
926 2495 1145 2577 Presbyterium
1163 2498 1292 2562 aiebant
1318 2507 1371 2566 sih

226 2574 258 2634 in
278 2573 450 2654 quibusdam
464 2570 651 2652 Magistratus
669 2569 710 2631 im
733 2569 825 2630 ericam
845 2590 995 2654 arrogare,
1016 2574 1090 2636 adeo
1110 2586 1144 2634 ut
1162 2576 1192 2635 in
1203 2575 1371 2644 Diacoslo

226 2671 291 2711 rum
317 2648 443 2710 consilio
462 2658 654 2720 statueretur,
684 2590 818 2706 albeum
838 2649 1146 2710 excommunicationis
1165 2651 1316 2716 indicium
1345 2683 1371 2720 a<

198 2727 203 2734 “
227 2729 353 2788 Senatus
373 2722 576 2806 coguitionem
596 2725 756 2803 pertinere,
776 2734 809 2791 ut
829 2743 903 2803 quos
922 2725 1012 2784 vellet
1031 2723 1212 2791 absolveret:
1231 2729 1266 2792 ln
1278 2755 1371 2812 quan

226 2803 401 2864 sententiam
421 2821 437 2860 a
458 2797 586 2874 Senatu,
633 2820 713 2860 arum
734 2812 801 2860 ante
820 2801 858 2862 ad
878 2820 941 2859 eam
960 2820 1024 2862 rem
1043 2814 1174 2878 attento,
1195 2805 1368 2888 obreptici

226 2875 422 2938 absolutorias
444 2875 542 2936 literas
561 2819 659 2956 sigillo
678 2875 871 2955 Reipublicae
891 2878 1084 2942 communitas
1104 2881 1288 2944 Bertelerius
1317 2891 1369 2951 ob

226 2954 324 3014 tinuit.
366 2953 411 3017 Ae
435 2951 574 3032 sperabat
595 2963 657 3010 tum
681 2951 822 3013 Perrinus
848 2973 914 3014 cnm
933 2955 996 3018 suis,
1010 2954 1133 3018 alterum
1151 2970 1371 3038 sequutnrum

225 3050 333 3110 nempe
346 3040 386 3089 ut
404 3027 455 3089 vel*
472 3027 643 3100 Celsinum,
662 3028 718 3088 nisi
736 3028 873 3092 mandato
885 3029 1010 3092 Senatus
1030 3043 1157 3111 pareret,
1198 3055 1231 3095 er
1251 3045 1369 3104 tumul

225 3119 289 3168 tum
309 3107 506 3196 opprimeret,
530 3103 604 3194 vel,
616 3105 641 3164 si
661 3116 792 3185 pareret,
811 3105 894 3167 nullo
913 3118 1015 3186 postea
1036 3112 1159 3190 negotio
1176 3055 1371 3196 l’resbyteri

227 3193 431 3244 auctoritatem
450 3201 579 3257 omnem,
594 3182 624 3242 sd
645 3193 700 3254 est,
718 3202 756 3243 ne
780 3181 868 3242 uitiae
887 3182 1018 3262 ipsorum
1034 3186 1150 3248 frenum
1161 3187 1371 3270 abrumperet

210 3260 268 3334 ,At
291 3258 430 3319 Calvinus
455 3277 543 3332 vero,
574 3258 703 3336 quamvis
728 3203 820 3318 biduo
838 3259 978 3320 duntaxat
996 3275 1063 3322 ante
1084 3263 1217 3324 Coenam
1235 3265 1371 3334 Domin

206 3335 325 3396 'mense
349 3333 531 3416 Septembris
556 3333 593 3394 de
617 3353 700 3396 more
725 3335 930 3396 celebrandam
955 3339 992 3399 de
1012 3339 1069 3400 boe
1089 3337 1166 3403 lueto
1187 3362 1371 3412 commone

121 3468 125 3484 ,
226 3413 336 3487 fartus,
354 3413 444 3472 datar
469 3411 705 3476 concionandum
730 3411 805 3472 elata
830 3433 903 3474 voce
928 3434 961 3474 ac
986 3437 1074 3476 manu
1098 3417 1187 3477 multa
1215 3418 1253 3478 de
1275 3433 1371 3490 sacri

225 3488 370 3626 mpqteriis
399 3488 431 3546 in
449 3497 563 3554 ,eorum
594 3498 815 3576 contemptores
840 3487 994 3568 loquutus,
1032 3504 1089 3566 „at
1112 3513 1170 3575 ego
1194 3495 1368 3576 (inquit

225 3607 246 3641 ,‚
295 3576 490 3655 rysostomum
515 3585 545 3624 se
568 3573 652 3622 nubas
676 3584 734 3623 vim
762 3564 879 3643 quidem
904 3587 967 3626 non
994 3588 1160 3648 opponam,
1198 3572 1250 3630 sed
1284 3581 1366 3642 ultr

226 3661 293 3719 „me
313 3653 410 3722 potrus
428 3639 525 3701 occidi
546 3585 631 3700 dercilo
651 3641 760 3719 patiar,
785 3661 872 3775 qpam
891 3641 964 3702 baec
984 3665 1084 3706 manus
1105 3656 1371 3727 contemptoribus

226 3718 305 3794 „Dei
329 3718 387 3778 rite
411 3716 544 3792 iudiqatis
570 3727 669 3776 sancta
693 3716 783 3776 Domi

225 3797 325 3870 dictu,
349 3795 462 3854 tantm
487 3791 619 3872 potuita
643 3793 681 3851 ud
700 3791 766 3853 illos
808 3797 972 3864 uantumris
992 3797 1136 3874 elireues,
1166 3810 1199 3859 ut
1218 3801 1371 3874 Petrinis

144 3889 152 3903 ¹
224 3871 321 3931 statim
346 3869 510 3931 clanculum
534 3869 607 3928 bert
637 3869 699 3930 erio
723 3814 891 3945 mandaret,
922 3893 959 3932 ne
986 3874 1023 3934 ad
1043 3867 1177 3937 mensam'
1193 3882 1371 3949 accedere

205 3949 341 4028 ,sintque
365 3945 504 4028 mysteria
529 3963 592 4005 non
615 3944 680 4004 sine
703 3957 833 4006 tremore
857 3949 1001 4026 quodam,
1030 3951 1112 4030 quusi
1132 3973 1242 4013 nomen
1265 3955 1371 4037 ipsu,

223 4025 256 4082 in
280 4035 441 4103 conspectu
465 4022 595 4095 adesset,
625 4020 700 4080 miro
725 4021 841 4085 silentio
868 4024 1025 4086 celebrata.
1082 4030 1110 4087 Α
1133 4031 1261 4118 prandio
1291 4057 1367 4101 ve,-

226 4099 364 4160 Calvinus
403 4099 500 4158 locum
538 4095 620 4157 illum
657 4097 801 4178 insignem
835 4099 977 4162 Actorum
1008 4105 1250 4184 bostolrcorum
1283 4113 1371 4180 fort

223 4187 367 4249 tractans,
395 4176 426 4234 in
447 4195 506 4254 qno
526 4173 639 4240 Paulus
652 4176 791 4248 eeclesiae
811 4177 979 4256 Ephesinae
998 4124 1152 4254 valbdicit,
1185 4195 1321 4250 testatus
1351 4219 1371 4256 ε

225 4273 292 4312 enm
311 4270 373 4310 non
393 4271 469 4326 esse,
495 4246 545 4331 qui
564 4252 700 4315 adversus
718 4251 919 4332 Magistratum
938 4277 1071 4348 pugnare
1090 4258 1178 4318 sciret
1197 4271 1249 4320 aut
1270 4263 1371 4333 doce

223 4341 284 4402 ret,
311 4340 487 4406 coetumque
506 4327 603 4394 multis
621 4317 718 4394 verbis
737 4333 922 4409 cohortatus,
940 4343 973 4392 ut
991 4356 1021 4393 sn
1042 4351 1077 4394 ca
1097 4355 1183 4414 quem
1203 4339 1371 4410 audivisse

225 4403 359 4470 doctrina
383 4407 601 4490 perseveraret,
629 4408 752 4470 tandem'
771 4408 862 4471 veluti
886 4421 1063 4489 postremam
1085 4411 1159 4472 banc
1180 4415 1371 4485 concinuer

806 3740 816 3775 ι
841 3719 1007 3800 porrigat.“
1048 3723 1128 3782 Haec
1151 3744 1223 3798 vox,
1254 3727 1371 3796 mir-ur

526 4647 538 4682 ,
641 4650 647 4663 .
