2778 4838
335 263 417 342 (tas
457 261 539 324 lesus
558 279 647 342 supra
665 279 747 348 mare
766 258 943 340 ambulans.)
1180 255 1221 330 π

58 420 181 509 quievit
200 427 327 485 ventus.
367 419 420 485 3&
452 418 556 485 Porro
584 419 640 504 qui
666 419 819 494 erantin
839 419 916 483 navi
936 424 1154 498 accesserunt,
1187 427 1221 483 et

58 523 279 591 odoraverunt
301 543 373 587 cum
395 520 556 601 dicentes,
582 523 669 586 Vere
689 519 794 586 Filius
811 520 880 585 Dei
900 539 945 586 es.
1029 575 1030 581 ,

139 679 281 748 MARC.
309 683 365 748 Vl.
414 685 464 746 45.
498 680 541 746 Et
572 681 676 746 statim
704 681 811 766 coegit
838 678 1016 768 discipulos
1041 669 1119 752 suos¹
1143 703 1222 753 ccu-

56 786 216 855 scendere
236 789 359 862 nerim,
387 796 422 851 ut
449 783 690 871 praecederent
707 786 891 851 transmisso
912 785 986 852 lacu
1006 765 1226 869 Bethsaidam:

58 891 131 958 dum
162 892 234 974 ipse
268 885 443 954 dimitteret
471 875 606 955 turbem.
654 889 706 955 46.
739 888 781 954 Et
811 907 909 976 quum
948 889 1120 958 dimisisset
1153 912 1222 973 eos,

57 991 137 1058 sbiit
161 989 206 1056 'in
239 1000 380 1056 montem
415 989 457 1056 ad
490 993 657 1060 orandum.
721 992 772 1059 47.
815 991 858 1058 Et
898 1014 996 1080 quom
1037 993 1223 1062 advenisset

56 1115 210 1183 vespera,
252 1103 323 1159 erat
351 1096 442 1160 navis
469 1097 504 1162 in
530 1096 761 1174 mediomari,
804 1104 836 1160 et
863 1099 934 1182 ipse
959 1097 1049 1165 solus
1071 1101 1105 1166 in
1125 1109 1223 1182 terra.

59 1201 107 1266 48.
134 1199 296 1284 Viditque
323 1217 381 1264 eos
406 1195 595 1266 laborantes
625 1201 660 1266 in
686 1198 875 1285 remigando
916 1201 1002 1279 (erat
1029 1203 1114 1268 enim
1143 1223 1224 1269 ven-

56 1314 105 1370 tus
127 1305 176 1368 eis
199 1303 409 1381 contrarius),
442 1313 474 1368 et
500 1306 585 1369 circa
606 1312 752 1392 quartam
775 1300 916 1386 vigiliam
942 1305 1047 1370 noctis
1067 1308 1158 1372 veuit
1179 1301 1226 1372 ad

59 1427 131 1484 eus,
157 1402 326 1471 ambulans
348 1427 447 1494 super
466 1427 570 1484 mare,
592 1417 625 1472 et
645 1401 778 1471 volebat
798 1406 977 1491 praeterire
1000 1425 1066 1471 eos.
1106 1407 1160 1471 49.
1179 1408 1226 1475 At

57 1505 123 1587 illi,
165 1517 202 1571 ut
219 1507 379 1590 ,viderunt
406 1531 479 1575 eum
511 1509 728 1577 ambulantem
759 1529 858 1602 super
882 1526 987 1585 mare,
1027 1517 1226 1596 putaverunt

55 1621 220 1698 spectrum
242 1631 329 1691 esse,
360 1622 394 1679 et
420 1611 689 1680 exclamaverunt.
729 1612 781 1678 50.
809 1609 933 1676 Omnes
956 1613 1040 1676 enim
1066 1609 1226 1680 videbant

57 1737 148 1792 eum,
177 1724 209 1779 et
230 1715 414 1783 conturbati
435 1728 517 1782 sunt.
560 1718 603 1784 Et
623 1718 726 1782 stetim
748 1734 820 1779 cum
847 1715 894 1778 eis
914 1711 1070 1800 loquutus
1096 1723 1161 1794 est,
1185 1733 1226 1780 ec

57 1816 136 1884 dixit
158 1818 221 1895 eis,
244 1813 431 1900 Confidite,
451 1840 512 1904 ego
535 1841 619 1898 sum,
639 1842 682 1887 ne
703 1817 896 1886 terreamini.
938 1815 989 1881 51.
1014 1816 1057 1882 Et
1078 1815 1226 1884 escendit

60 1922 101 1986 sd
122 1917 202 1986 illos
229 1922 264 1984 in
284 1925 406 2002 navim,
448 1933 482 1988 et
512 1925 635 2009 quierit
662 1934 793 1999 ventus,
811 1953 815 1971 =
835 1930 868 1987 et
895 1919 1107 1988 vehementer
1126 1941 1226 2007 supra

57 2027 190 2096 modum
217 2029 302 2094 iutra
329 2047 365 2092 sc
388 2024 574 2113 stupebant,
608 2035 641 2093 et
668 2020 919 2094 admirabantur·
960 2025 1011 2090 52
1037 2025 1116 2092 Non
1137 2025 1225 2093 enim

57 2131 287 2200 intellexerant
318 2149 416 2218 super
448 2127 603 2218 panibus:
646 2121 715 2200 er'st
753 2135 839 2200 enim
874 2153 932 2198 cor
962 2151 1077 2200 eorum
1106 2147 1226 2196 occoe-

58 2248 173 2304 catum.
944 2233 954 2248 ”

135 2471 242 2532 ttatth.
263 2476 311 2536 22.
352 2469 496 2546 computu
514 2468 598 2538 lassu
616 2465 783 2548 discipulos.
823 2467 973 2550 Compelli
992 2465 1136 2560 oportuit,
1156 2441 1225 2545 quid

61 2569 214 2629 nunquam
236 2568 273 2609 eo
293 2547 399 2608 relicto
419 2545 477 2608 nisi
496 2545 580 2606 iuviti
601 2545 659 2606 alio
679 2545 858 2608 transissent
886 2547 982 2607 Porro
1001 2567 1034 2604 ur
1054 2563 1091 2606 eo
1111 2552 1226 2618 testau-

61 2639 125 2701 tur‚
156 2636 299 2716 quantum
319 2623 364 2684 illi
384 2623 535 2697 deferant,
567 2621 635 2682 dum
676 2635 775 2684 raeter
793 2621 883 2684 enimi
901 2623 947 2682 sui
965 2614 1143 2682 sententiam
1163 2617 1226 2676 eius

61 2703 189 2783 imperto
211 2701 321 2764 cedunt
339 2722 373 2762 ac
394 2699 612 2781 obtemperant.
637 2643 812 2780 Elquidem
832 2719 879 2760 res
899 2697 1079 2779 inspeciem
1099 2692 1227 2754 absurda

61 2791 139 2854 erat,
158 2779 254 2858 ipsum
273 2779 305 2836 in
324 2777 393 2838 loco
413 2775 531 2836 deserto
542 2774 637 2836 solum
650 2795 782 2853 manere,
800 2797 889 2857 quum
900 2793 959 2835 nox
971 2782 1135 2865 appeteret
1173 2771 1224 2830 Eo
1287 2843 1290 2850 Ι

61 2856 155 2938 igitur
174 2855 239 2934 plus
259 2852 352 2914 landis
370 2866 501 2914 meretur
520 2872 623 2912 eorum
644 2851 788 2931 docilitas,
808 2851 913 2933 quibus
924 2852 1016 2932 pluris
1031 2860 1076 2910 est
1094 2845 1226 2910 auctori-

60 2945 106 2992 tas
127 2931 264 2992 coelestis
283 2929 427 3012 magistri,
447 2951 534 3010 quam
554 2929 635 3010 quod
654 2935 672 2993 α’
691 2942 775 3010 parte
789 2928 937 2991 conuaria
956 2925 1112 3008 probabile
1131 2921 1227 2985 videri

58 3019 190 3088 poterat.
227 3008 291 3068 Nec
310 3026 382 3068 vero
401 3005 459 3067 rite
481 3019 512 3066 et
529 3006 561 3067 in
580 3005 706 3068 solidum
721 3005 790 3066 Deo
810 3024 958 3086 paremus,
977 3001 1034 3063 uisi
1053 3001 1227 3083 simpliciter

58 3084 216 3165 sequendo
237 3082 377 3164 quicquid
395 3081 493 3158 iubet,
513 3083 697 3163 quantumvis
716 3093 865 3164 repugnet
882 3101 984 3144 seusus
1003 3089 1115 3140 noster.
1153 3077 1226 3139 Deo

60 3173 144 3222 certe
166 3161 276 3240 optima
296 3179 413 3240 semper
432 3170 548 3220 constat
567 3159 684 3220 consilii
702 3159 747 3221 sui
759 3159 847 3235 ratio,
865 3160 918 3220 sed
931 3176 988 3218 nos
998 3175 1086 3236 saepe
1099 3156 1136 3217 ad
1147 3165 1227 3216 tem-

58 3259 115 3318 pus
134 3237 231 3312 celat,
261 3247 296 3297 ut
313 3237 457 3298 discamus
476 3235 563 3296 nobis
583 3257 646 3296 non
665 3255 786 3316 sapere,
804 3237 856 3297 sed
875 3233 933 3301 toti
952 3231 1085 3314 pendere
1105 3234 1142 3294 ab
1163 3231 1227 3293 eius

60 3327 147 3374 nutu.
185 3313 255 3377 Hoc
272 3316 364 3375 modo
389 3332 444 3374 coe
468 3311 645 3373 ‘thristus
668 3331 737 3374 suos
756 3311 917 3392 discipulos
935 3311 1090 3385 traiicere,
1120 3320 1155 3369 ut
1174 3327 1227 3374 eos

60 3391 99 3450 ad
125 3389 207 3452 illam
235 3411 322 3482 qnam
348 3331 560 3473 dixtoilequii
580 3387 713 3471 regulam
737 3387 889 3452 sormsret.
926 3387 991 3448 Nec
1011 3407 1083 3448 vero
1104 3385 1228 3446 dubium

62 3479 120 3602 est,
140 3468 212 3556 quin
231 3466 289 3528 sibi
309 3467 346 3530 ad
365 3465 554 3541 miraculum,
573 3465 655 3546 quod
674 3465 806 3547 proxime
825 3474 976 3544 sequetur,
997 3463 1075 3526 riam
1092 3475 1228 3526 sternere

58 3565 99 3603 vo
113 3555 201 3604 uerit.

135 3623 185 3686 23.
222 3615 365 3680 Ascensus
382 3622 415 3679 iu
432 3633 554 3680 monum
571 3617 658 3680 solies.
686 3607 854 3680 Verisimile
874 3629 918 3680 est
937 3617 1029 3678 filium
1048 3615 1119 3690 Dei,
1138 3629 1228 3696 quem

60 3695 183 3756 minime
203 3695 314 3758 latebat
333 3696 431 3755 futura
451 3707 626 3777 tempestas,
647 3715 767 3757 suorum
787 3694 911 3770 salutem
931 3715 994 3754 nou
1014 3691 1175 3774 neglexisse
1194 3689 1226 3748 in

61 3773 217 3866 precibus:
236 3773 343 3832 mirum
361 3783 460 3832 umen
482 3785 535 3842 est,
555 3793 608 3833 cur
626 3792 687 3832 uon
731 3771 808 3832 otius
828 3781 964 3832 occurrat
974 3767 1118 3849 periculo,
1138 3783 1226 3845 quem

60 3860 193 3911 intentus
212 3849 251 3912 sit
270 3849 306 3910 ad
326 3849 479 3910 orandum.
499 3849 610 3910 Verum
627 3860 662 3908 ut
678 3793 852 3908 Midiatoris
871 3858 971 3928 partes
989 3843 1137 3925 impleret,
1155 3859 1227 3902 vere

60 3947 92 3988 se
105 3927 206 3988 Deum
226 3936 258 3986 et
275 3925 427 3986 bominem
447 3944 510 3986 esse
522 3925 661 4001 ostendit,
679 3945 714 3986 rc
733 3924 825 3985 utrius
848 3943 886 3983 ue
906 3933 1027 3985 naturae
1048 3919 1228 3981 documenta

81 4004 210 4079 raebuit,
231 4001 373 4083 quatenus
392 4021 439 4062 res
459 3999 583 4062 ferebat.
610 4002 710 4077 Quum
721 4000 820 4062 omnia
861 3998 964 4060 aberet
980 3997 1011 4056 in
1024 4017 1078 4057 suo
1091 3995 1228 4070 arbitrio,

59 4023 212 4142 lominem
232 4099 296 4140 sese
315 4077 430 4140 orando
451 4077 592 4154 exhibuit,
610 4099 667 4139 nec
685 4098 759 4138 vero
777 4077 808 4136 id
820 4075 883 4156 egit
893 4072 1038 4148 simulate,
1056 4073 1110 4134 sed
1128 4071 1227 4132 since-

59 4179 124 4216 rum
145 4153 267 4216 bomani
294 4175 365 4246 erga
391 4175 447 4215 nos
471 4153 580 4215 amoris
608 4153 749 4218 allectum
772 4162 894 4213 testatus
921 4161 974 4212 est.
1011 4149 1049 4209 In
1068 4149 1123 4210 bac
1142 4160 1228 4229 parte

60 4233 283 4313 quodammodo
299 4231 519 4311 quievitdivina
530 4229 592 4293 eius
604 4231 751 4307 maiestas,
769 4249 845 4309 quae
863 4247 896 4289 se
915 4226 1035 4290 tandem
1055 4226 1160 4288 ordine
1171 4244 1229 4288 suo

59 4310 196 4372 emeruit.
236 4307 394 4369 Caeterum
415 4305 446 4368 iu
467 4327 587 4369 ascensu
612 4307 722 4369 montis
743 4302 874 4396 quaesita
894 4314 939 4366 est
959 4303 1171 4394 commoditas,
1194 4311 1229 4394 ut

58 4386 182 4450 liberius
200 4384 307 4468 procul
327 4383 409 4447 omni
427 4385 554 4467 strepitu
573 4395 681 4471 oraret.
720 4383 852 4462 scmus,
880 4401 968 4464 mam
993 4379 1080 4448 focile
1099 4397 1227 4444 mmtmrs
