2778 4838
159 251 217 314 tte
243 224 247 232 ’
420 239 551 304 ‘SEC'R
570 241 636 304 XV.
674 251 768 302 rasus
789 255 832 300 nr
851 252 1033 338 nescitum.

243 371 349 482 (isal)
390 397 561 467 marra.
591 392 708 464 xvnt.
748 397 800 465 21.
834 394 1263 466 acimaetensem
1289 401 1328 468 aa

164 525 253 582 eum,
273 501 367 582 dixit,
398 501 556 580 Domine,
586 503 715 590 quoties
734 499 884 586 peccabit
903 505 938 569 in
958 525 1010 568 me
1040 501 1140 567 frater
1159 525 1269 583 meus,
1299 517 1328 573 et

163 609 319 672 remittam
346 608 398 671 ei?
431 627 507 670 num
535 627 637 692 usque
664 607 807 690 septies?-
840 607 893 671 22.
924 606 1015 671 Dicit
1041 604 1091 670 illi
1118 606 1223 686 lesus,
1252 609 1326 677 Non

166 709 241 774 dico
263 707 324 774 tibi
343 727 454 794 usqne¹
467 711 595 794 septies,
615 708 676 774 sed
697 727 799 793 usque
810 683 992 794 septuagies
1003 709 1133 794 septies.
1175 711 1226 776 23.
1247 711 1326 778 ideo

44 845 48 860 1
165 811 369 878 assimilatum
406 821 455 876 est
491 833 623 897 reguum
657 810 823 902 coelorum
854 809 979 876 bomini
1013 813 1099 898 regi,
1140 814 1198 899 qui
1223 812 1326 878 voluit
1366 879 1367 886 χ

165 915 315 981 conferre
346 915 487 978 rationes
518 937 591 978 eum
623 918 724 981 servis
756 916 836 981 suis:
876 915 928 981 24.
947 911 1002 982 'Et'
1033 936 1131 1002 quum
1164 919 1325 1000 coepisset

93 1055 98 1064 =
165 1019 328 1096 conferre,
360 1015 490 1082 oblatus
517 1027 565 1080 est
591 1020 623 1082 ei
649 1039 746 1097 unus,
779 1019 835 1104 qui
857 1015 1001 1084 debebat
1022 1015 1135 1081 decem
1157 1016 1260 1082 millia
1282 1029 1325 1102 ta-

164 1121 334 1188 lentorum.
375 1123 426 1187 25.
457 1119 633 1210 Caeterum
653 1143 752 1207 quum
773 1122 801 1186 is
822 1142 891 1186 nun
912 1130 996 1186 esset
1025 1117 1200 1197 solvendo,
1232 1121 1326 1186 iussit

124 1269 131 1282 ·
165 1247 238 1290 eum
256 1226 405 1291 dominus
427 1227 496 1289 eius
516 1223 720 1302 venumdari,
753 1233 785 1289 et
811 1243 943 1288 uxorem
965 1223 1042 1288 eius*
1062 1231 1095 1287 et
1117 1219 1252 1302 liberos,
1289 1235 1324 1290 et

151 1332 287 1416 omnia,
307 1347 392 1415 quae
412 1323 570 1403 habebat,
596 1349 636 1391 ac
656 1327 730 1392 fieri
750 1325 955 1392 solutionem.
996 1325 1047 1390 26.
1068 1325 1244 1392 Prouidens
1264 1327 1324 1392 au-

133 1489 135 1496 ,
164 1444 228 1498 tem
249 1454 362 1498 servus
383 1429 440 1495 ille
460 1427 620 1495 adorabat
639 1429 747 1508 illum,
773 1428 902 1506 dicens,
920 1428 1078 1506 Domine,
1107 1433 1326 1515 estopatiens

164 1557 239 1622 erga
261 1557 327 1612 me,
361 1545 393 1598 et
419 1536 527 1599 omnia
554 1531 613 1598 tibi
640 1531 784 1598 reddam.
842 1532 893 1596 27.
920 1531 1075 1597 Misertus
1095 1543 1202 1598 autem
1224 1533 1327 1600 domi·

162 1659 224 1722 nus
253 1640 338 1703 servi
364 1631 467 1710 illius,
510 1633 649 1700 absolvit
675 1657 766 1712 eum,
807 1643 840 1699 et
873 1654 929 1698 aes
959 1633 1100 1726 alienum
1130 1637 1254 1701 remisit
1286 1641 1326 1704 ei.

123 1735 128 1748 ’
161 1743 212 1807 23
233 1741 388 1828 Egressus
408 1758 488 1803 vero
509 1759 621 1804 servus
641 1735 711 1814 ille,
731 1739 854 1803 invenit
876 1757 975 1802 nuum
998 1738 1039 1804 de
1061 1741 1230 1806 conservis
1252 1744 1326 1820 suis,

162 1847 230 1938 qui!
246 1841 390 1908 debebat
413 1839 476 1905 sibi
504 1852 631 1906 eentum
661 1841 828 1906 denarios:
871 1853 903 1906 et
923 1845 1041 1908 iniecta
1062 1844 1097 1908 in
1124 1863 1198 1907 eum
1221 1865 1327 1920 mann,

99 2009 102 2021 ,
162 1945 294 2011 obtorto
317 1934 579 2022 collo'trabebat
600 1943 723 2024 dicens,
742 1942 843 2010 Solva
858 1945 947 2031 quod
960 1943 1071 2011 debes.
1111 1947 1164 2011 29.
1187 1945 1232 2011 Et
1254 1967 1327 2032 pro

162 2047 275 2112 cidens
298 2069 471 2112 conservus
494 2050 562 2112 eius
583 2045 718 2133 rogabat
740 2069 828 2127 enm,
851 2048 977 2126 dicens,
996 2049 1076 2115 Esto
1098 2053 1231 2135 patiens
1253 2071 1328 2135 erga

160 2173 226 2229 me,
257 2162 290 2216 et
310 2149 570 2216 omniaaereddem
590 2147 659 2216 tibi
700 2151 752 2216 30.
777 2153 818 2218 At
839 2151 896 2218 ille
916 2150 1061 2228 nolebat,
1082 2149 1142 2217 scd
1165 2151 1265 2229 abiit,
1295 2161 1327 2218 et

161 2256 301 2320 coniecit
320 2275 394 2318 eum
415 2255 449 2318 in
472 2271 641 2330 carcerem,
662 2252 769 2319 donec
789 2254 944 2320 redderet
966 2253 1118 2320 debitum.
1145 2256 1198 2322 31.
1221 2255 1327 2321 Porro

161 2379 258 2444 quum
279 2356 435 2422 vidissent
456 2359 606 2422 conserui
627 2358 712 2435 eius,
734 2380 819 2444 quae
840 2357 972 2437 fiebant,
992 2358 1209 2425 indoluerunt
1231 2359 1328 2438 valde

161 2472 194 2526 et
220 2470 393 2538 venerunt,
423 2469 685 2546 aperueruntque
715 2460 848 2528 domino
881 2484 941 2528 suo
968 2466 1090 2540 omnia,
1120 2485 1209 2550 quae
1240 2464 1327 2528 tacta
1366 2473 1367 2482 ’

159 2564 296 2630 fuerant.
336 2563 386 2629 32.
416 2563 511 2627 Τυιιο
538 2567 702 2629 arcessivit
728 2562 818 2629 illum
842 2563 991 2631 dominus
1019 2587 1109 2645 suus,
1143 2578 1177 2632 et
1199 2569 1248 2632 ait
1269 2566 1327 2644 illi,

159 2669 260 2735 Serve
281 2665 433 2744 sceleste,
468 2675 570 2730 totum
592 2665 737 2732 debitum
763 2666 846 2733 illud
867 2671 975 2733 remisi
997 2669 1073 2746 tibi,
1104 2692 1206 2757 quum
1230 2669 1328 2738 obse-

159 2795 281 2838 crasses
302 2791 367 2835 mer
407 2770 458 2834 33
492 2769 611 2834 Nonne
640 2771 784 2856 oportuit
811 2781 844 2836 et
864 2781 897 2836 te
918 2775 1064 2838 misereri
1089 2780 1249 2844 consensi
1270 2779 1327 2854 tui.

103 2899 107 2906 ·
160 2875 242 2938 sicut
270 2880 302 2936 et
328 2891 390 2954 ego
417 2874 464 2936 tui
491 2874 638 2936 misertus
667 2894 762 2938 eram.
803 2875 855 2940 34.
887 2876 929 2941 Et
949 2879 1047 2943 iratus
1068 2876 1225 2946 dominus
1245 2885 1328 2958 eins,

159 2971 292 3038 tradidit
313 2992 386 3036 eum
407 2971 598 3055 tortoribuS,
636 2974 745 3062 quoad
771 2999 874 3064 usque
901 2977 1056 3046 redderet
1076 2990 1195 3058 totum,
1228 2981 1328 3069 quod

160 3071 345 3140 debebatur
363 3073 433 3140 sibi.
475 3077 525 3144 35.
555 3077 609 3143 Sic
636 3088 668 3143 et
688 3079 785 3144 Pater
810 3103 900 3148 meus
921 3082 1071 3148 coelestis
1091 3082 1194 3149 faciet
1215 3086 1327 3164 vobis,
1366 3101 1367 3114 ¹

157 3179 186 3242 si
205 3197 273 3242 nun
295 3177 478 3246 remiseritis
498 3203 558 3249 suo
580 3183 717 3272 quisque
737 3182 827 3250 fratri
849 3207 887 3251 ex
908 3183 1189 3262 mrdtbusvestris
1200 3189 1330 3258 deficta
1366 3187 1367 3274 g

156 3278 295 3346 illorum.
876 3318 879 3326 ·

238 3459 339 3530 LUC.
361 3465 461 3532 XVll.
501 3467 531 3534 4.
556 3467 599 3536 Et
620 3473 647 3536 si
667 3474 787 3557 septies
808 3473 841 3538 in
866 3473 919 3541 die
939 3478 1123 3561 peccaverit
1143 3476 1179 3542 in
1202 3487 1255 3558 te,
1294 3486 1327 3543 et

153 3570 329 3734 septiesflin
350 3565 403 3636 die
424 3590 599 3640 conversus
619 3571 717 3640 fuerit
738 3573 780 3642 ad
800 3587 842 3657 tc,
863 3575 984 3659 dicens,
1004 3581 1156 3648 Poenitet
1176 3605 1248 3649 mc:
1272 3605 1328 3649 re-

152 3675 241 3737 mitte
262 3673 273 3736 i
300 3674 320 3735 i.

194 3817 205 3852 t

227 3881 333 3948 Mattb.
352 3895 399 3955 21.
444 3887 585 3964 Domine,
603 3896 713 3973 quoties
725 3895 857 3985 peccabit
874 3911 925 3962 etot
974 3897 1040 3960 lloc
1065 3899 1182 3961 obiecit
1206 3901 1328 3966 Petrus

152 3984 187 4022 er
206 3965 354 4040 communi
374 3967 469 4026 carnis'
487 3989 572 4027 sensu
591 3982 620 4030 et
632 3971 763 4053 ingenio.
788 3975 967 4036 Naturaliter
986 3975 1123 4037 omnibns
1143 3978 1328 4061 ingenitum

154 4050 207 4127 est,
225 4053 259 4098 ut
276 4041 333 4102 sibi
352 4041 445 4102 velint
463 4043 591 4126 ignosci:
611 4047 710 4125 itaque
720 4049 745 4108 si
757 4050 821 4128 quis
832 4073 897 4114 non
909 4053 1005 4112 statim
1024 4053 1140 4113 reniam
1159 4053 1328 4138 impetrat,

151 4114 246 4192 rigide
264 4137 363 4178 secum
382 4119 431 4201 agi
451 4132 481 4178 et
499 4119 696 4183 inhumaniter
715 4127 855 4203 queritur.
895 4128 956 4190 Sed
980 4127 1102 4189 multum
1123 4129 1211 4192 abest
1228 4147 1274 4194 ut
1294 4157 1330 4196 se

84 4203 89 4226 ⁸
130 4253 131 4259 ἵ
152 4208 222 4278 erga
241 4191 314 4253 alios
333 4205 391 4253 tam
412 4195 510 4258 laciles
530 4197 702 4276 praebeant,
722 4203 772 4280 qui
784 4202 945 4264 elementer
961 4225 1058 4266 seeum
1079 4207 1127 4288 agi
1147 4211 1329 4286 postulant.

150 4264 234 4344 Ergo
255 4287 341 4344 quum
357 4291 430 4359 'suos
450 4273 487 4332 ad
497 4276 748 4337 mansuetudinem
761 4279 893 4340 hortatus
907 4280 1151 4355 essetDominus‚
1170 4283 1278 4348 Petro
1292 4289 1327 4348 in

146 4352 276 4402 mentem
295 4357 379 4403 venit
397 4347 452 4406 ista
471 4348 629 4412 dubitatio:
651 4352 733 4430 Quid
753 4355 814 4431 fiet,
834 4357 858 4417 si
878 4358 915 4418 ad
936 4358 1059 4419 dandam
1079 4359 1199 4422 veniam
1214 4361 1265 4424 ita
1282 4369 1329 4428 si-

1194 4571 1217 4606 p,
