2766 4834
342 263 494 340 (ai-aa.
520 223 667 340 saniora
688 261 872 343 propterte.)
1133 267 1173 332 rr

62 426 106 489 ast,
127 412 298 474 Simeonem
319 423 350 473 et
369 413 515 478 Hennam.
559 417 603 478 ihc
623 415 660 476 de
680 415 821 477 Simeone
845 413 926 494 prins
944 407 1100 474 dicendum
1119 425 1172 476 ert.

63 491 143 566 Qualis
161 489 252 549 suerit
272 489 338 549 eius
357 489 501 566 conditio,
519 482 584 558 icon
602 492 737 574 legimus:
764 505 794 552 et
814 491 878 568 heri
898 502 1013 571 potest,
1032 501 1065 548 ut
1084 485 1173 550 luerit

61 565 169 646 plebeius
194 565 350 646 quispiam
369 567 459 628 homo
480 581 511 629 et
529 571 671 630 obscurae
690 569 793 630 lamae.
833 567 1042 630 Caeternma
1084 565 1173 628 ictate

61 657 81 701 ct
95 642 193 702 iustitia
213 659 285 702 eum
307 645 494 704 commendat
512 645 617 718 Lucas,
638 644 743 725 quibus
762 645 842 705 addit
862 643 1036 724 prophetiae
1072 662 1173 706 onum.

60 711 182 778 Pietas'et
201 717 317 778 iustitia
337 719 507 782 referuntur
531 723 568 782 ad
588 722 657 782 diras
676 722 764 802 Legis
786 721 912 780 tabulas:
942 717 1174 799 itaque-duabus

61 797 91 854 tis
132 794 242 855 artibus
271 807 392 856 constat
417 797 569 878 integritas
595 797 680 858 vitae.
738 798 859 858 Pietatis
884 794 1083 876 testimonium
1108 794 1175 868 tuit,

61 817 130 948 procl
142 883 332 952 exspectaret
357 873 593 936 consolationem
617 873 723 936 Israel:
754 895 851 953 neque
876 872 954 934 enim
978 873 1044 934 sine
1069 870 1223 944 fiduciat·
1318 931 1327 942 ,

61 948 134 1006 salitis
151 947 208 1008 rite
228 948 445 1022 colitnrDeus,
464 972 539 1029 quae
558 963 620 1010 tum
640 972 674 1011 ex
693 951 751 1010 lide
772 949 999 1031 promissionum
1018 948 1079 1008 eius
1099 968 1176 1028 peu-

61 1024 108 1096 ιιι,
129 1035 189 1084 tum
208 1025 340 1084 maxime
368 1047 402 1086 ex
423 1025 715 1108 insuurarionetper
736 1027 883 1088 Christum
909 1024 1061 1106 promissa.
1112 1025 1176 1086 lam

61 1119 112 1158 rem
129 1123 219 1182 quum
240 1100 311 1160 talis
334 1103 511 1182 exspectatio
531 1104 561 1164 in
573 1103 714 1165 Simeoae
734 1103 868 1164 laudetnr
888 1102 969 1181 quasi
988 1122 1055 1161 rara
1073 1100 1177 1176 virttis,

63 1177 112 1234 hinc
135 1177 261 1257 collige,
307 1199 399 1238 aucos
418 1191 488 1240 tuuc
508 1181 613 1253 foisse,
638 1179 687 1259 qui
711 1201 793 1260 spem
813 1178 1025 1258 redemptionis
1050 1197 1119 1238 vere
1143 1175 1176 1236 iu

61 1252 175 1314 cordibus
193 1254 256 1314 suis
280 1199 430 1328 desierat.
475 1255 625 1318 Omnibus
642 1256 760 1335 quidem
779 1255 810 1315 io
830 1276 883 1316 ore
903 1266 968 1314 erat
987 1254 1121 1328 Messias,
1145 1264 1178 1314 et

62 1327 140 1387 leatus
158 1341 252 1390 status
273 1331 331 1392 snb
351 1351 448 1422 regno
468 1333 603 1394 Davidis:
628 1333 679 1394 sed
700 1352 788 1391 nemo
809 1329 871 1392 lere
891 1330 1009 1390 interim
1050 1331 1177 1390 atienter

63 1405 152 1464 luebat
170 1419 349 1486 praesentes
368 1409 512 1484 miserias,
534 1410 586 1470 hac
606 1408 811 1470 consolatione
831 1406 937 1478 fretus,
957 1426 1016 1484 quo
1056 1405 1179 1466 lostaret

63 1481 186 1542 Ecclesiae
204 1483 395 1564 redemptio,
431 1485 525 1546 Sicuti
545 1498 642 1546 antem
661 1483 693 1545 iu
713 1485 770 1545 hoc
791 1483 896 1544 enituit
906 1481 1054 1542 Simeonis
1073 1481 1178 1560 pietas,
1205 1553 1211 1562 ,

65 1559 124 1634 qaod
146 1559 278 1622 animum
305 1582 391 1624 suurn
415 1561 557 1624 sustinuit
580 1562 611 1622 in
640 1559 858 1642 exspectatione
884 1557 1044 1639 promissae
1068 1557 1180 1632 salutis,

63 1634 136 1694 itaet
159 1637 266 1710 hodie,
295 1637 464 1717 quicunque
489 1637 618 1719 probar'e
643 1659 675 1699 se
700 1637 806 1700 volunt
823 1635 881 1696 Dei
901 1633 1008 1708 Filios,
1031 1634 1180 1716 suspirent

66 1710 185 1772 ιιιιὶιιιιίι
204 1712 288 1774 votis
309 1713 347 1774 ad
367 1715 537 1793 promissam
547 1716 792 1795 redemptionem.
830 1711 906 1774 Nam
926 1710 1083 1772 tolerantia
1104 1731 1179 1790 opus

66 1799 97 1844 ist
117 1809 202 1866 iisque
233 1791 273 1850 ad
301 1789 435 1850 ultimum
463 1791 573 1853 Christi
599 1793 769 1852 adventum-'-
815 1791 943 1866 Spiritus
972 1802 1089 1848 sonares
1116 1799 1181 1846 erat

65 1883 216 1950 meum.
257 1869 331 1927 Non
353 1866 485 2001 locpuitnr
505 1867 541 1929 de
562 1869 676 1950 Spiritu
695 1867 752 1928 ado
776 1866 874 1939 tionis,
888 1865 945 2002 poi
965 1865 1101 1926 omnihus
1152 1860 1180 1924 ei

67 1936 127 1999 liliis
145 1943 311 2034 commupis
324 1955 381 2016 est,
411 1943 470 2006 icet
488 1966 550 2006 non
571 1945 685 2026 aequali
697 1889 798 2022 modo,
817 1943 868 2004 sed
909 1941 1180 2022 epecoliaridono

67 2016 231 2148 prophetiae:
258 2019 344 2099 qnod
364 2019 469 2080 clarius
488 2034 570 2102 patet
588 2043 622 2082 ex
643 2021 775 2102 proximo
797 2042 883 2082 uersu
902 2031 933 2080 et
952 2017 1104 2154 sepuenti,
1128 2016 1181 2082 ubi

82 2092 164 2168 icitur,
188 2095 384 2177 Responsum
408 2099 553 2178 accepisse
578 2119 593 2158 a
614 2098 728 2179 Spiritu
747 2109 865 2170 sancto,
891 2107 922 2156 et
941 2115 977 2154 eo
1001 2115 1047 2154 em
1067 2093 1181 2176 Spiritu
1276 2139 1280 2146 -

70 2167 124 2228 duce
144 2173 255 2232 venisse
284 2171 315 2232 in
340 2173 492 2253 templum.
543 2175 684 2250 Quamvis
709 2197 741 2235 er
764 2194 782 2234 o
807 2171 890 2232 nullo
916 2170 1037 2251 publico
1065 2171 1188 2233 honore>

68 2245 198 2308 excelleret
221 2249 370 2320 Simeon,
402 2249 528 2334 egregiis
552 2265 651 2312 tamen
676 2195 795 2312 dotibus
819 2259 939 2310 ornatus
964 2247 1035 2320 luit,
1059 2247 1182 2328 pietate,
1258 2315 1265 2324 ,

71 2319 127 2380 sitae
143 2322 327 2400 innocentia,
347 2326 406 2388 lide
426 2340 457 2386 et
475 2327 641 2409 prophetia.
679 2330 743 2390 Nec
763 2325 884 2387 dubium
904 2335 963 2397 est,
1004 2323 1054 2384 uin
1076 2345 1181 2384 oracu-

69 2393 113 2454 lum
133 2397 204 2462 istud
234 2424 315 2465 unus
342 2403 477 2484 privatim
504 2405 666 2540 acceperit,
695 2415 728 2462 ut
755 2400 918 2463 communis
948 2345 1018 2460 inde
1049 2401 1086 2459 ad
1116 2400 1182 2490 pios

70 2491 148 2535 onnes
171 2477 363 2540 confirmatio
383 2494 525 2541 manaret.
597 2492 701 2540 ocatur
720 2480 802 2538 Iesus
824 2473 953 2535 christia
972 2475 1049 2549 Dei,
1099 2496 1182 2536 maa

73 2545 140 2610 Patre
157 2568 264 2616 unctus
283 2568 343 2631 cst,
369 2569 400 2616 et
425 2578 481 2629 pua
503 2579 568 2618 cum
588 2557 703 2638 Spiritu
722 2552 820 2634 Regni
844 2562 875 2610 et
893 2549 1062 2613 Sacerdotii
1078 2497 1184 2620 bono-

72 2644 118 2684 tnu
134 2632 252 2710 accepit
299 2633 425 2692 Venisse
446 2634 569 2694 Simeon
595 2633 624 2692 in
644 2631 787 2712 templum
807 2627 914 2689 dicitur
932 2630 964 2685 i’rr
981 2630 1108 2702 spiritu,
1126 2627 1184 2691 hoo

73 2715 113 2776 esc,
127 2708 395 2848 &supplestippptp
415 2723 445 2770 et
464 2722 544 2846 celpta
563 2709 756 2798 revelatione,
775 2701 1149 2842 upisChristptoccsurreret.

241 2807 301 2846 unc
346 2790 353 2804 '
381 2790 448 2846 aas.
502 2789 530 2845 'x
572 2808 610 2846 oc
630 2799 746 2846 cantico
766 2804 796 2844 sa
855 2801 958 2841 consa
1037 2799 1184 2848 imeoneio

74 2850 120 2914 tliis
141 2879 223 2948 quain
251 2863 350 2923 carnis
371 2863 462 2924 oculis
482 2786 618 2924 intuilom
644 2882 706 2922 esse
726 2859 833 2920 Filium
852 2855 926 2917 Dei:
953 2823 1080 2917 ex’terior
1105 2857 1184 2924 enim

75 2925 162 2993 tinia
185 2952 365 3019 conspectus
384 2938 457 3000 nihil
478 2951 595 3032 poterat
615 2948 924 3026 quaincontemptum
942 2931 1101 3012 inducere,
1125 2935 1185 2996 sal.

74 3014 117 3066 lem
133 3031 279 3092 nunquam
292 3016 341 3088 ¹ita
360 3016 546 3076 satisfecisset
571 3016 670 3077 animo
689 3015 782 3076 sancti
799 3013 871 3088 piri,
891 3023 925 3071 ut
943 3011 1036 3072 laetus
1056 3023 1087 3073 et
1104 3033 1185 3074 asumq

75 3100 123 3168 ttae
139 3102 273 3150 votorum
293 3113 414 3154 suerum
434 3113 555 3171 compos
581 3093 618 3154 ad
637 3105 763 3159 mortem
805 3101 966 3169 roperaret.
1009 3090 1093 3170 Ergo
1113 3089 1185 3171 Spi,

76 3170 130 3245 ”lut
146 3162 200 3230 Dei
220 3167 280 3228 fide
300 3168 475 3230 illuminavit
495 3169 556 3229 eius
576 3167 689 3244 oculos,
708 3180 742 3231 ut
760 3112 893 3256 glbriapr·
904 3165 973 3226 Filii
991 3164 1049 3226 Dei
1067 3167 1100 3226 in
1119 3188 1185 3229 sor,

76 3233 128 3295 dido
145 3256 377 3325 contemptoque
403 3245 670 3317 hahitucerneret
715 3247 816 3321 Quum
836 3241 923 3316 dicit,
946 3264 976 3304 se
1001 3245 1034 3302 ira
1046 3265 1122 3320 poca
1139 3244 1186 3316 da·-

77 3315 145 3400 filli,
161 3317 301 3414 intellipit
321 3321 483 3413 tranquillo
503 3343 534 3383 se
555 3323 668 3392 animo,
693 3334 726 3382 ut
745 3321 796 3400 qui
816 3317 946 3399 expletus
964 3320 1002 3380 sit
1021 3341 1055 3382 ao
1075 3321 1187 3402 potitus

79 3407 122 3476 tuta
142 3393 306 3472 desideriis,
331 3411 515 3462 moriturum.
566 3397 626 3462 Sed
651 3399 817 3476 quaeritur,
847 3396 871 3456 si
896 3395 976 3476 prius
1001 3397 1188 3479 migrandum

80 3459 288 3548 laureantia,
315 3494 352 3534 ao
373 3496 439 3534 cum
459 3473 684 3554 perturbatione
705 3487 736 3534 et
754 3473 896 3546 tumultu,
921 3484 954 3532 nt
976 3474 1188 3558 soleutfiuviti,

63 3547 166 3627 ,battus
183 3547 289 3612 suisset
307 3549 449 3614 Simeon?
470 3552 661 3631 Respondes,
681 3550 840 3614 notandam
861 3569 923 3612 esse
944 3549 1188 3616 circumstantiam

80 3625 286 3702 corroditur,
309 3625 463 3688 secundom
486 3626 601 3690 υσιιόιιιιι
620 3631 707 3688 mum
752 3627 826 3688 Nam
867 3647 935 3686 uum
955 3627 1037 3688 Deus
1056 3627 1124 3692 Filii
1143 3627 1188 3688 sui

82 3709 249 3777 ‚Conspectum
271 3703 419 3785 pollicitus
440 3717 530 3780 esset,
550 3704 656 3770 merito
676 3725 831 3784 suspensus
847 3647 1006 3778 baerebat,
1024 3703 1085 3764 imo
1104 3703 1189 3766 anxie

81 3765 145 3854 illim
161 3779 256 3840 risere
279 3781 431 3860 oportuit,
451 3783 547 3860 donec
567 3803 633 3842 coni
656 3801 689 3842 os
709 3779 802 3842 iactus
823 3790 900 3846 esset
917 3802 930 3842 s
953 3780 980 3840 ei
998 3799 1076 3840 suae.
1121 3781 1189 3842 Hoc

82 3843 135 3908 tleo
151 3858 309 3935 tenendum
330 3870 388 3932 ese,
414 3858 480 3938 quia
500 3857 585 3918 multi
605 3801 680 3921 salso
700 3869 731 3918 et
749 3877 904 3938 perperam
923 3801 1073 3916 Simeonis
1092 3877 1189 3916 erem·
1238 3913 1239 3922 ,

85 3918 146 3996 Pluto
164 3931 339 4007 obtendunt,
359 3933 487 3995 libenter
505 3955 536 3998 se
555 3934 714 3998 morituros
732 3933 885 4010 iactantes,
904 3931 928 3992 si
948 3930 1067 4000 haenel
1087 3933 1136 3993 illa
1156 3955 1189 4002 ro

85 4009 136 4059 ²¹¹st
154 4004 206 4068 lrui
226 4009 364 4084 daretur,
390 4033 479 4092 quum
499 4024 597 4082 museo
617 4023 729 4084 temere
756 4032 811 4091 pro
831 4031 882 4072 sua
903 4007 1024 4068 libidine
1043 4009 1101 4070 sihi
1116 4024 1190 4074 vota

88 4079 219 4161 concipere
237 4087 429 4168 permittant,
452 4087 498 4150 vel
518 4108 583 4171 spes
602 4109 690 4150 cauas
715 4086 858 4150 fabricare
879 4085 990 4166 absque
1008 4085 1068 4146 Dei
1086 4088 1190 4150 verbo.

87 4145 244 4240 s[praecise
266 4163 381 4224 dixisset
400 4163 533 4240 Simeon,
546 4165 639 4224 Nunc
658 4163 759 4225 sedato
780 4164 879 4224 aniuio
901 4173 931 4221 et
951 4162 1051 4241 quieto
1071 4165 1191 4239 moriar,

89 4242 141 4300 lint
161 4235 215 4298 ridi
232 4239 339 4300 Filium
364 4241 436 4314 Dei,
461 4242 514 4302 hac
538 4261 613 4302 voce
639 4239 708 4312 fidei
732 4261 801 4302 snae
828 4238 1009 4300 debilitatem
1033 4241 1190 4332 proderet:

90 4301 129 4360 ‘tl
149 4313 208 4386 quia
230 4317 364 4377 Verbum
388 4318 532 4390 hahebat,
555 4318 714 4378 secundum
741 4317 811 4380 fidei
840 4315 972 4402 regulam
997 4317 1041 4382 illi
1065 4329 1192 4385 mortrui

89 4373 173 4462 ligare
190 4387 268 4462 licuit
287 4416 378 4476 usquo
395 4395 435 4484 od
455 4393 566 4472 Christi
585 4395 751 4462 adveutum.
