2766 4834
371 283 523 361 (21-22
549 231 696 344 Sinneobis
715 281 898 363 prophetia.)
1091 292 1096 318 l
1158 287 1195 351 'll

356 414 360 427 t
590 399 612 426 d
1379 403 1380 424 l

36 431 124 494 laeob
153 433 191 492 in
221 435 409 517 Aegyptum
433 433 567 496 mittebat
592 435 740 517 pretiosos
770 447 802 497 et
823 427 950 498 selectos
969 433 1193 500 terraemetus
1285 445 1288 451 ’
1379 427 1380 500 l

36 511 321 588 (Gen.43,12.).
362 511 523 572 Caeterum
547 533 636 593 quum
661 513 717 594 ipsi
740 533 827 591 more
843 513 959 594 persico
979 512 1093 594 Regem
1118 512 1191 572 ado·
1275 568 1280 580 ,
1356 555 1357 567 ,

37 600 147 662 nutes,
177 609 283 666 quem
305 599 459 648 terrenum
480 610 542 649 esse
561 591 656 650 adhuc
675 589 834 670 putabant,
854 601 951 650 terrae
971 589 1081 648 fructus
1102 587 1191 648 obtu·
1379 589 1380 606 ¹

36 665 138 736 leniat,
164 669 389 725 nostrum‘est
407 665 597 744 spiritualiter
617 687 683 726 eum
702 667 844 727 venerari.
882 667 959 726 Nam
979 665 1027 726 lric
1046 664 1192 756 legitimus
1328 727 1332 735 ,

38 755 74 800 nt
92 761 128 802 ae
150 741 329 833 rationalis
350 741 445 802 cultus
466 764 552 822 quem
573 744 672 826 exigit,
692 756 724 802 ut
743 765 797 804 nos
817 743 860 804 illi
879 744 1015 824 primum,
1035 741 1142 803 derude
1161 751 1192 800 et
1249 731 1258 754 “
1339 760 1341 768 ·

38 832 131 879 nostn
153 840 275 880 omum
297 839 515 880 consecremus.

71 1000 154 1078 (21.)
208 999 323 1068 LUC.
343 999 384 1064 ll.
425 997 476 1064 22.
503 999 544 1064 Et
567 1011 734 1088 postquam
757 999 909 1088 completi
925 1011 1007 1075 suut,
1025 999 1095 1068 dios
1115 1022 1191 1086 pur-

40 1105 173 1182 gationis
220 1123 343 1166 eorum
378 1099 555 1166 secundum
586 1099 690 1188 legem
723 1103 839 1179 Musis,
881 1089 1084 1169 adduxerunt
1115 1122 1189 1169 eum

41 1203 333 1289 Hierosolymam,
365 1211 401 1264 ut
421 1204 570 1268 sisterent
591 1203 751 1280 Domino,
781 1204 834 1266 23.
857 1197 946 1268 Sicut
966 1205 1117 1288 scriptum
1140 1210 1189 1266 est

41 1304 67 1366 in
85 1303 183 1388 Lege
208 1303 369 1378 Domini,
397 1299 504 1366 Omne
527 1301 734 1368 masculinum
757 1303 948 1388 adaperiens
968 1302 1095 1368 vulvam
1116 1323 1189 1368 san·

41 1417 115 1469 etum
138 1407 304 1472 Domino
330 1399 517 1471 vocabitur:
536 1451 540 1467 ‚
557 1403 608 1469 24.
633 1399 678 1468 Et
698 1413 733 1466 ut
759 1401 874 1468 darent
895 1402 1045 1481 bostiam,
1074 1424 1189 1470 secuu-

44 1504 108 1570 dum
136 1505 243 1592 qnod
272 1503 395 1568 dietum
428 1513 476 1567 cst
500 1506 534 1569 iu
558 1498 645 1590 [ege
667 1504 815 1583 Domini,
845 1525 906 1590 per
928 1499 1102 1581 turturum,
1134 1512 1190 1567 eut
1230 1575 1234 1587 1
1283 1501 1288 1512 ’

45 1605 117 1670 duos
144 1605 268 1694 pullos
296 1601 529 1670 columborum.
571 1607 622 1672 25.
651 1605 693 1670 Et
719 1626 796 1672 ecce
824 1603 921 1685 homo
944 1613 1012 1670 erat
1034 1603 1189 1668 Hieroso·

45 1705 185 1792 solymis,
211 1709 267 1771 eui
290 1727 413 1774 nomen
438 1703 577 1784 Simeon,
598 1704 631 1772 'et
651 1705 749 1772 bomo
772 1708 831 1772 istc
853 1707 953 1772 iustus
974 1725 1013 1782 uc
1034 1705 1114 1792 pius,
1136 1724 1189 1768 ex-

45 1819 194 1892 spectans
219 1807 483 1872 consolationem
506 1807 611 1884 lsrael,
634 1817 666 1872 et
690 1806 827 1892 Spiritus
849 1817 977 1872 sanetus
998 1815 1068 1874 eret
1088 1825 1188 1889 super

46 1927 118 1974 eum.
146 1911 205 1974 26.
229 1909 272 1973 Et
291 1927 484 1994 responsum
505 1917 674 1996 acceperut
694 1930 713 1972 a
730 1907 852 1994 Spiritu
872 1919 993 1984 sancto,
1012 1927 1080 1973 non
1101 1907 1187 1970 visu-

47 2029 107 2074 rum
127 2033 166 2076 se
192 2020 344 2086 mortem,
365 2009 429 2074 nisi
449 2010 537 2093 prius
557 2008 684 2076 videret
703 2007 866 2076 Christum
887 2009 1031 2075 Domini.
1070 2005 1122 2071 27.
1143 2003 1204 2071 Et·

46 2114 126 2176 venit
148 2134 216 2197 per
237 2109 394 2194 Spiritum
417 2113 450 2173 iu
472 2107 631 2195 templum.
674 2110 715 2175 Et
737 2131 833 2198 quum
855 2108 1048 2174 inducerent
1068 2125 1188 2190 pueru-

47 2209 103 2276 lum
132 2214 246 2278 lesum
274 2221 443 2297 parentes,
475 2195 680 2302 utlacer'pent
707 2210 883 2277 secuudum
916 2205 1184 2275 cousuetudinem
1270 2280 1274 2288 ¹

47 2311 139 2396 begis
159 2335 224 2399 pro
248 2333 306 2389 eo,
347 2311 399 2376 28.
424 2311 497 2396 lpse
525 2296 657 2397 quoque
679 2312 803 2397 accepit
832 2312 959 2376 eumin
980 2309 1074 2375 ulnas
1095 2329 1183 2374 suas:
1240 2339 1241 2342 ¹

48 2423 75 2476 et
94 2411 272 2478 benedixit
287 2413 412 2489 Deum,
432 2433 471 2475 nc
491 2411 578 2488 dixit,
597 2413 649 2477 29.
668 2413 765 2479 Nunc
785 2410 916 2475 dimittis
935 2431 1064 2476 servum
1086 2421 1188 2487 tuum,-

47 2512 202 2592 Domine,
230 2509 410 2578 secundum
437 2511 571 2578 verbum
599 2523 687 2576 tuum
715 2511 750 2574 in
775 2530 891 2598 paces
909 2511 963 2574 30:
983 2507 1071 2594 Quia
1092 2507 1183 2572 ride-

48 2627 115 2682 runt
136 2613 232 2682 oculi
254 2617 318 2680 mei
339 2610 478 2680 salutare
500 2625 603 2689 tuum,
634 2611 685 2678 31.
710 2609 811 2695 Quod
833 2604 1046 2698 perasli'ante
1067 2607 1182 2676 taciem

48 2719 187 2782 omnium
211 2713 427 2802 populorum:
465 2715 516 2780 32.
531 2705 669 2778 'Lumen
695 2709 738 2776 ed
764 2708 996 2776 revelationem
1020 2707 1187 2791 Gentium,

48 2829 77 2884 et
96 2818 236 2905 glorium
259 2814 368 2904 plebis
389 2806 463 2879 tuse
480 2801 592 2880 lsrael.
622 2900 624 2910 y

114 2973 164 3032 22
186 2965 231 3024 Et
243 2977 402 3042 postquem
420 2963 551 3039 completi
567 2977 634 3024 mr
649 2959 720 3022 dies.
749 2961 808 3022 Die
822 2982 837 3023 a
853 2971 939 3040 partu
974 2960 1062 3021 usdra
1086 2957 1190 3020 enimn·

68 3043 230 3136 urgetionis
250 3042 339 3100 ritum
364 3039 466 3122 peragi
486 3041 628 3130 oportuit.
667 3039 800 3098 Veniunt
822 3049 921 3098 temen
971 2979 1178 3117 ierosolymam

51 3123 133 3181 ,lana
154 3129 187 3180 et
199 3121 268 3179 lose
292 3119 312 3178 h
332 3115 451 3176 alterius
471 3137 514 3177 rer
535 3115 621 3176 etiam
641 3137 736 3192 cause,
756 3128 788 3176 ut
799 3113 957 3188 Christum,
978 3115 1044 3194 quia
1064 3113 1177 3195 primo·
1219 3109 1225 3132 ¹

51 3197 157 3278 grisium
178 3206 253 3270 erat,
306 3194 538 3252 omin'osislnnt
572 3194 658 3253 Nunc
699 3195 777 3254 riore
798 3192 867 3253 loco
887 3191 924 3250 de
935 3192 1112 3274 purgatione
1131 3188 1177 3249 di-

52 3277 167 3336 rendum
188 3283 247 3334 est:
269 3290 336 3330 eam
356 3270 448 3330 Lucas
468 3271 577 3329 lllarine
599 3281 630 3329 et
648 3213 768 3330 Ciiristo
789 3269 860 3329 lacit
877 3272 1078 3328 communem(
1099 3267 1177 3328 Nam
1224 3328 1230 3360 1

53 3373 211 3431 pronomen
239 3369 343 3408 eorum
374 3347 409 3407 ad
441 3346 549 3427 loseph
581 3345 662 3406 nullo
693 3347 784 3406 modo
812 3344 917 3404 referri
942 3356 1059 3424 potesta
1094 3341 1176 3404 Nihil

54 3441 138 3488 autem
164 3424 303 3498 absurdi,
337 3424 417 3502 quod
439 3423 589 3496 Christus,
619 3423 669 3504 qui
693 3443 749 3504 pro
773 3421 860 3482 nobis
880 3422 1038 3483 exsecratio
1060 3420 1185 3480 futurus‘

53 3519 106 3566 ent
123 3506 154 3564 in
175 3523 277 3576 cruce,
297 3501 509 3560 immunditiem
528 3511 669 3574 nostram,
688 3499 818 3579 quamvis
837 3519 854 3558 a
874 3495 959 3578 eulpa
979 3510 1009 3558 et
1026 3497 1098 3560 vitio
1118 3493 1174 3554 im·

52 3583 135 3642 munis
154 3590 249 3653 esset,
282 3577 383 3657 quoad
409 3589 521 3638 rentum
544 3597 625 3636 susce
650 3577 705 3637 erit
728 3587 829 3636 nostra
852 3589 950 3636 ceusu:
981 3577 1120 3649 honest,
1149 3570 1174 3629 si

52 3659 108 3718 lons
128 3655 278 3740 puritatis,
299 3666 332 3713 ut
350 3654 451 3718 sordes
472 3665 585 3714 nostras
606 3597 747 3728 ablueret,
768 3649 881 3712 censeri
900 3653 1029 3712 voluerit
1046 3651 1172 3710 immun-

52 3737 104 3796 dus.
141 3734 311 3806 Falluntur,
332 3731 381 3810 qui
401 3741 515 3810 putant,
529 3730 630 3813 ¹legem
651 3731 726 3790 bene
745 3747 807 3789 non
828 3729 882 3790 nisi
902 3729 1057 3810 politicam
1073 3725 1172 3796 luisse,

52 3811 228 3874 atsimulier
246 3829 348 3868 coram
368 3807 471 3868 marito
492 3825 564 3881 suo,
588 3827 652 3868 non
678 3827 778 3868 coram
796 3806 881 3881 Deo,
912 3804 1060 3866 irumunda
1086 3801 1174 3860 iuret.

55 3888 125 3963 Quin
143 3889 247 3970 potius
266 3897 329 3945 tarn
348 3896 469 3944 natusne
487 3903 556 3945 suae
577 3884 728 3965 corruptio
748 3882 864 3943 Iudaeis
884 3895 951 3943 ante
962 3879 1065 3942 oculos
1076 3876 1173 3956 positu

54 3965 109 4041 luit,
127 3987 215 4047 quam
238 3961 355 4023 divinae
375 3961 486 4044 gratiae
505 3962 674 4021 remedium.
712 3962 810 4040 Atque
829 3981 888 4020 una
907 3959 960 4019 iste
980 3958 1025 4017 lex
1044 3955 1081 4015 nd
1100 3973 1173 4034 pro-
1245 3966 1259 3976 “

55 4041 170 4104 bandum
190 4038 512 4123 originalepeccatum
532 4037 648 4100 abunde
668 4035 784 4112 sufficit,
804 4049 836 4096 ut
845 4029 1174 4128 insignetestimonium

55 4121 177 4180 conduct
194 4117 310 4202 gratiae
330 4115 398 4175 Dei.
435 4115 540 4194 Neque
566 4115 645 4174 enirn
670 4114 774 4175 clarius
799 4115 915 4174 ostendi
939 4111 1037 4192 potuit
1056 4108 1174 4170 lumeni

56 4199 157 4276 gereris
176 4191 366 4266 maledictio,
386 4211 472 4271 mum
492 4214 531 4272 qu
600 4202 720 4252 testatus
740 4202 785 4250 est
802 4190 957 4264 Dominus,
977 4187 1120 4246 infantem
1141 4205 1175 4245 ex

55 4285 132 4336 mane
155 4271 283 4355 prodire
307 4269 347 4328 im
370 4289 453 4328 urum
479 4277 510 4328 et
533 4213 694 4348 {diuitum
724 4280 811 4346 etque
838 4265 912 4326 ad'eo
938 4275 1060 4325 matrem
1080 4263 1173 4344 ipsam

56 4363 125 4428 partu
144 4345 308 4430 inquinari.
348 4289 454 4419 berte,
478 4345 534 4405 nisi
554 4345 644 4405 homo
663 4355 833 4404 nosceretur
852 4353 1000 4422 peccator,
1020 4349 1051 4400 et
1070 4352 1174 4400 natura

56 4441 117 4492 tect
134 4429 214 4492 filius
235 4425 310 4500 irae,
330 4433 417 4505 atque
436 4422 467 4483 in
478 4429 526 4484 ieu
545 4420 688 4485 resideret
707 4421 804 4500 aliqua
822 4419 937 4501 peccati
955 4418 1051 4492 labes,¹
1066 4433 1175 4497 purga-

831 4583 839 4624 l

622 4745 629 4776 l
