2764 4854
153 265 211 330 356
374 254 491 352 sequ.
511 255 592 317 xlx.
632 268 765 316 currem
778 267 900 341 ,rassro
921 195 964 313 dr
983 266 1083 314 orons.

11 471 12 486 ,
58 481 59 488 ¹
156 414 214 476 Ilei
235 410 403 546 excogitant
421 411 527 489 (quom
546 407 621 468 nihil
640 409 812 468 tentandum
832 409 945 468 sitnisi
966 427 1001 468 ex
1020 405 1205 490 praescripto
1230 405 1315 466 verbi

358 508 376 545 u
417 510 424 545 ι

157 569 230 628 baec
251 506 482 624 nobisotebrehdd
505 573 548 624 est
567 563 722 635 sobrietas,
740 583 778 622 ne
821 562 870 624 uid
889 557 958 622 lleo
979 561 1140 620 offeramus
1161 558 1220 618 bisi
1237 561 1314 650 quod

158 644 295 724 postulat.
334 640 420 700 Adeo
440 639 518 698 enim
543 638 675 718 prblanis
699 583 869 720 muneribus
893 658 955 698 non
980 636 1160 711 delectatur,
1185 648 1221 695 ut
1246 657 1314 694 snm

159 721 220 780 eius
240 716 331 798 magis
351 727 525 796 provocent.
790 721 798 739 ⁸

236 803 283 858 19.
321 791 443 854 Sedens
460 807 552 852 cutm
571 791 630 852 illo.
670 791 758 867 Quan
782 811 851 851 uam
868 791 970 852 diurna
995 788 1151 850 meditatio
1176 787 1315 848 insomnii

160 891 242 932 causa
264 891 326 930 esse
345 869 453 950 potuit,
471 869 591 928 minime
611 881 710 928 tamen
730 812 849 928 dubiurb
870 880 923 942 est,
943 887 1064 927 uxorem
1077 865 1166 925 Pilati
1187 886 1253 926 non
1266 885 1315 923 na-

157 947 294 1008 turaliter
311 949 360 1026 (ut
379 945 512 1026 quotidie
533 945 619 1004 nohis
639 945 770 1023 accidit),
789 945 840 1005 sed
860 945 902 1004 sin
947 943 1000 1002 lari
1012 943 1070 1002 Dei
1085 941 1234 1015 instinctu
1247 941 1317 1000 haec

159 1035 307 1086 tormenta
327 1022 415 1082 luisse
433 1041 555 1102 passam.
592 1019 692 1104 Vulgo
712 1032 851 1102 putarunt
871 1022 916 1080 dia
941 1021 1031 1092 olum,
1049 1031 1084 1078 ut
1101 1037 1254 1078 remoram
1273 1017 1316 1076 iu·

150 1102 262 1174 ,iiceret
280 1098 398 1158 humani
418 1097 535 1182 generis
554 1098 769 1177 redemptioni,
790 1097 927 1158 seminam
947 1095 1140 1157 subornasse:
1161 1095 1244 1173 quod
1265 1094 1316 1152 mi-

159 1179 238 1237 nime
258 1174 413 1252 cpnvenit,
433 1195 521 1255 quuru
543 1173 671 1234 eiusdem
692 1173 817 1254 impulsu
836 1185 992 1255 tantopere
1011 1171 1154 1232 arderent
1178 1171 1317 1230 sacerdo-

148 1259 205 1316 *tes
225 1263 255 1313 et
273 1251 387 1312 scribae
406 1251 442 1312 ad
464 1250 611 1312 Christum
632 1251 823 1332 perdendum.
863 1251 914 1312 Sic
934 1270 1007 1332 ergo
1028 1248 1127 1328 potios
1150 1245 1318 1306 habendum

160 1341 220 1405 est,
242 1328 375 1409 pluribus
400 1327 495 1386 modis
516 1326 670 1408 probatam
690 1327 778 1388 fuisse
798 1347 814 1386 a
835 1327 903 1387 Deo
924 1327 1012 1386 Patre
1033 1322 1146 1384 Christi
1172 1324 1318 1384 innocen-

159 1407 246 1480 tiam,
271 1417 304 1462 ut
329 1415 478 1465 constaret
503 1405 597 1484 ipsum
622 1403 718 1466 alieno
744 1404 818 1483 (boe
838 1413 882 1464 est
900 1403 1020 1476 nostro)
1045 1399 1170 1460 nomine
1190 1412 1317 1460 mortem

162 1483 256 1544 obire.
296 1481 369 1541 ldeo
391 1491 421 1540 et
439 1481 526 1542 toties
539 1479 623 1540 Pilati
643 1501 717 1541 voce
736 1479 816 1560 prius
836 1478 949 1540 absolvi
970 1499 1054 1558 quam
1069 1475 1205 1537 damnari
1216 1477 1319 1548 voluit,

62 1564 69 1586 ⁴
115 1555 117 1562 ’
159 1571 192 1620 ut
210 1559 242 1618 in
262 1557 388 1639 gratuita
409 1556 470 1617 eius
497 1557 685 1617 damnatione
709 1557 839 1638 legitima
866 1576 921 1637 pro
949 1555 1076 1636 peccatis
1100 1552 1215 1613 nostris
1238 1553 1318 1612 satis

160 1637 251 1696 factio
273 1635 410 1726 fulgeret.
451 1633 609 1694 Caeterum
629 1635 686 1694 hoc
706 1633 878 1694 nominatim
898 1631 992 1692 refert
1001 1630 1181 1702 Matthaeus,
1202 1629 1318 1708 nequis

160 1725 218 1772 tarn
239 1711 397 1771 sollicitum
417 1709 504 1768 Pilati
524 1709 649 1769 studium
669 1709 806 1784 miretur,
831 1711 899 1794 duyn
919 1729 975 1789 pro
996 1705 1124 1767 hominis
1155 1706 1318 1786 contempti

161 1791 218 1849 vita
239 1787 270 1846 in
289 1785 415 1844 tumultu
435 1785 571 1866 populari
591 1785 718 1846 dimicat
756 1787 796 1844 Et
816 1798 895 1846 certe
915 1783 1068 1844 nocturnis
1083 1782 1184 1842 uxoris
1198 1781 1319 1842 terrori-

159 1864 215 1924 bus
236 1863 316 1922 illurn
328 1863 408 1921 Deus
429 1862 465 1921 ad
484 1860 622 1921 tuendam
637 1860 705 1920 Filii
724 1861 768 1923 sui
787 1861 986 1922 innocentiam
1003 1859 1119 1941 coegit:
1142 1879 1207 1918 uon
1221 1859 1319 1918 uteri-

159 1950 246 2020 peret
268 1941 336 1999 eum'
354 1959 370 1996 a
390 1948 498 2010 morte,
516 1937 567 1998 sed
596 1948 709 1996 tantum
729 1950 763 1998 ut
781 1949 916 2000 testatum
936 1938 1056 2008 faceret,
1076 1937 1108 1996 in
1129 1935 1256 1996 aliorum
1276 1936 1318 1994 vi-

160 2037 225 2076 cem
246 2033 373 2096 poeuae,
393 2032 480 2092 quam
498 2013 676 2105 promeritus
696 2034 758 2074 noo
775 2027 849 2090 erat,
867 2014 979 2076 subiici.
1017 2013 1066 2073 De
1076 2011 1203 2095 somniis
1213 2025 1317 2085 auteur,

162 2112 238 2172 quae
257 2101 325 2152 sunt
344 2089 435 2150 instar
453 2089 609 2165 visionum,
628 2090 698 2150 diti
718 2090 827 2151 dictum
847 2103 900 2152 est.

173 2183 180 2204 ‘
236 2175 285 2234 ⁵20.
324 2167 474 2242 fflnupes
507 2180 601 2226 umam
629 2165 817 2228 seen-dotum.
867 2167 1047 2248 Praecipuos
1080 2165 1153 2226 mali
1185 2175 1313 2224 auctores

162 2243 351 2326 Evangelista
371 2243 519 2326 designat:
540 2263 600 2304 uon
642 2245 702 2304 nod
721 2243 839 2325 plebem
859 2248 949 2325 (quae
969 2243 1088 2304 aliunde
1109 2241 1232 2323 impulsa
1245 2240 1316 2316 init)

162 2333 278 2382 excuset
296 2320 383 2380 stuba
405 2318 570 2394 credulitas,
590 2265 640 2381 sed
660 2332 694 2380 ut
712 2322 834 2382 sciamus
853 2342 914 2382 non
936 2332 1042 2402 sponte
1063 2319 1214 2380 infensam
1233 2315 1318 2377 inisse

163 2397 300 2478 Christo,
319 2397 370 2456 sed
391 2397 458 2455 dum
479 2396 652 2476 obsequium
673 2419 755 2457 suum
779 2397 912 2458 venditat
929 2396 1150 2464 sacerdotibus,
1176 2406 1235 2454 tam
1255 2415 1318 2452 om-

164 2474 207 2534 uis
228 2472 380 2552 aequitatis
394 2483 424 2533 et
434 2473 595 2534 modestiae
637 2495 702 2539 uam
722 2474 861 2554 propriae
880 2473 979 2534 salutis
989 2475 1078 2532 luisse
1088 2472 1224 2532 oblitam.
1245 2471 1320 2530 ilinc

162 2571 235 2610 vero
257 2551 409 2622 docemur,
430 2569 515 2629 quam
537 2495 657 2610 exitiaiis
676 2550 714 2610 sit
732 2551 890 2642 impiorum
910 2550 1084 2622 auctoritas,
1106 2547 1216 2628 quihus
1234 2547 1320 2608 tacite

163 2639 207 2694 est
227 2627 282 2686 huc
302 2627 371 2685 illuc
390 2625 426 2685 ad
448 2625 571 2705 quodvis
596 2626 678 2687 nefas
705 2629 854 2687 hommum
881 2625 985 2710 vulgus
1011 2645 1142 2706 rapere,
1162 2645 1224 2704 quo
1249 2625 1320 2684 nihil

160 2703 254 2784 magis
274 2701 402 2762 flexibile
422 2713 474 2761 est.
493 2770 495 2780 ,
513 2703 688 2762 Tenendum
714 2703 825 2764 interea
853 2715 897 2764 est
921 2703 1075 2764 consilium
1101 2701 1322 2784 Evangelistae,

164 2779 312 2840 Christum
333 2777 436 2859 populi
456 2797 530 2839 voce
550 2790 607 2838 tarn
629 2778 737 2839 acriter
755 2780 791 2839 ad
812 2793 937 2841 mortem
949 2777 1242 2858 luissepostulatuan,
1262 2797 1321 2837 noa

163 2857 243 2934 quod
265 2855 327 2934 ipse
348 2853 450 2934 passim
472 2874 573 2916 exosus
593 2854 683 2930 foret,
701 2856 753 2916 sed
774 2857 841 2935 quia
860 2857 954 2917 maior
972 2877 1039 2937 pars
1058 2855 1117 2914 suis
1137 2853 1322 2935 praesulibus

163 2931 316 2992 ambitiose
335 2949 447 2989 morem
468 2950 573 3012 gerere
593 2931 724 3011 cupiens,
743 2932 913 3012 posthabito
931 2923 1085 3012 aequitatis
1095 2943 1249 3010 respectu,
1268 2931 1321 2989 lio-

163 3027 248 3088 guam
271 3006 376 3086 impiae
418 3027 557 3066 aucoruns
577 3009 790 3087 conspirationi
810 3009 892 3088 quasi
910 3008 1043 3069 venalem
1066 3006 1187 3068 addixit.
1372 3005 1373 3026 ¹

238 3089 286 3148 22.
327 3025 415 3164 Quid
428 3085 518 3160 igitur·
533 3084 654 3162 forium
672 3083 760 3145 lesu?
800 3085 877 3162 Quia
897 3085 938 3146 sic
958 3086 1084 3145 amentia
1109 3084 1195 3144 videt
1217 3103 1321 3144 excoe-

158 491 246 568 eius),
265 500 298 548 ut
480 495 609 546 raetertu
628 485 723 577 ipsum
743 505 831 566 saepe
844 481 1172 545 alliciantcoutumblia.
1213 482 1316 557 Quare

44 3183 60 3196 ·
163 3171 244 3219 catos
264 3158 390 3228 Pilatus,
415 3171 449 3218 ut
468 3181 532 3219 cunr
554 3159 677 3220 maximo
698 3182 752 3223 suo
772 3161 920 3223 dedecore
943 3161 1087 3222 latronem
1109 3181 1125 3219 a
1145 3172 1247 3220 morte
1267 3159 1321 3220 eri-

162 3256 234 3314 pere
256 3255 317 3294 non
338 3235 484 3310 dubitent,
502 3235 560 3296 alio
581 3237 705 3296 artificio
726 3258 778 3298 eos
797 3259 929 3320 pungere
950 3249 1083 3312 conatur,
1103 3249 1139 3297 ut
1158 3237 1197 3297 ad
1212 3238 1321 3296 saniu-

161 3325 222 3372 tcm
242 3321 376 3372 revocet:
397 3331 503 3390 nempe
523 3313 604 3392 quod
622 3333 701 3374 mors
722 3312 833 3375 Christi
851 3314 1042 3396 ignominiam
1062 3315 1071 3372 i
1094 3315 1134 3374 sis
1154 3313 1269 3390 inuret,
1288 3333 1324 3372 ee

164 3389 245 3480 qrrod
268 3388 385 3480 pulgata
410 3399 487 3479 epset
510 3388 586 3448 sama
606 3391 643 3480 de
661 3391 748 3468 Iesu,
770 3391 864 3482 ipsum
890 3391 1001 3527 Regem
1022 3402 1053 3450 et
1072 3335 1226 3451 Christum
1252 3411 1325 3450 esse.

162 3467 231 3526 Αεει
251 3466 383 3538 dursset,
403 3464 436 3523 Sr
456 3485 508 3526 vos
529 3466 655 3526 hominus
674 3486 736 3526 non
755 3478 888 3542 mrseret,
913 3479 1015 3527 satem
1042 3466 1192 3527 consulite
1211 3467 1325 3525 honori

161 3554 276 3603 vestro:
297 3541 363 3620 quia
384 3541 445 3601 eius
465 3542 611 3622 supplicio
629 3540 720 3623 vulgo
736 3543 883 3623 putabunt
894 3543 1033 3616 extranei,
1052 3564 1105 3604 vos
1119 3563 1220 3603 omnes
1231 3541 1324 3601 fuisse

162 3619 326 3701 cabtigatos.
355 3618 455 3696 Atque
474 3638 513 3678 ne
535 3619 590 3678 boc
611 3618 727 3698 quidem
747 3620 837 3680 modo
857 3622 972 3680 sedatus
991 3620 1048 3681 fuit
1067 3619 1204 3680 saevitiae
1215 3617 1324 3692 ardor,

163 3695 234 3776 quin
255 3703 417 3830 pergerent
435 3691 492 3754 sibi
512 3693 630 3774 publice
649 3693 742 3778 magis
762 3716 824 3757 esse
843 3695 954 3756 inimici
975 3716 1060 3775 quarn
1081 3697 1215 3775 privatim
1228 3692 1325 3754 Chri-

162 3785 218 3833 sto.
275 3771 331 3830 deo
353 3771 429 3850 apud
451 3771 670 3850 Marcumque
691 3772 784 3832 acrius
804 3783 916 3854 pungat
935 3792 986 3831 eos
1001 3771 1122 3848 Pilatus,
1142 3771 1213 3832 dicit
1234 3771 1327 3829 etiam

163 3847 290 3927 ab-ipsis
309 3847 407 3906 lesum
427 3847 530 3907 vocari
545 3846 669 3927 Regem,
688 3847 871 3928 significans,
890 3848 1006 3907 titulum
1028 3849 1105 3909 hunc
1126 3847 1255 3939 perinde
1277 3869 1327 3906 ce-

162 3925 275 3985 lebrem
303 3941 382 3995 esse,
414 3923 472 3983 acsi
496 3923 630 3983 usitatum
657 3936 742 3984 esset·
758 3943 937 4006 cognomen.
975 3925 1067 4004 nequi
1091 3925 1214 3985 absecto
1243 3923 1327 3984 omni

161 4003 276 4092 pudcire
297 3999 488 4091 pertinaciter
507 4009 616 4080 urgent
635 3999 744 4060 Christi
765 4021 878 4076 necem,
899 4021 974 4092 quae
993 4021 1091 4061 secum
1112 4002 1207 4062 totius
1229 4001 1329 4082 gentis

161 4078 353 4156 ignominiam
377 4076 520 4136 trahebat.
559 4075 647 4154 Apud
671 4077 815 4136 loannem
842 4077 1012 4156 expruuitur
1034 4078 1212 4158 responsio,
1239 4097 1327 4156 quara

161 4163 222 4210 tres
241 4151 334 4212 nostri
352 4151 513 4212 subticeat:
534 4171 641 4243 nempe
653 4151 699 4212 ne
721 4173 766 4212 em
787 4153 843 4214 illis
863 4153 975 4214 nullum
995 4173 1057 4214 csse
1077 4167 1201 4233 praeter
1215 4155 1329 4216 Caesa-

163 4246 236 4286 rem.
274 4227 319 4287 lta
338 4247 390 4306 spe
410 4229 569 4307 promissae
589 4227 644 4288 srbi
664 4172 875 4364 redemptionis
895 4229 1002 4366 pfivari
1014 4229 1114 4289 maluo
1161 4243 1192 4292 et
1209 4233 1245 4292 in
1259 4251 1328 4310 per·

162 4303 466 4454 pgppppprpcrvitutem
486 4304 591 4382 addici,
611 4323 697 4384 quarn
718 4305 757 4366 ob
770 4315 848 4365 atum
868 4306 892 4367 si
915 4305 1326 4390 rdirinituslledemptorem

230 4399 237 4432 l
312 4420 319 4433 ·
