2790 4838
6 305 7 318 ἵ
165 235 224 296 268
376 226 529 312 SECTIO
551 225 603 287 lx.
642 227 862 290 lncnnnrrnra
883 227 1083 290 Evsnoann.

164 389 200 459 8,
219 387 266 450 22
288 393 319 444 et
336 387 390 456 24,
410 383 462 459 tr).
507 382 570 443 lam
600 401 671 440 vero
697 378 800 440 ludaei
825 401 842 440 a
865 379 1050 462 Babylonico
1075 379 1163 442 exilio
1186 383 1307 442 reversi
1383 433 1384 440 ,

166 460 326 542 synedrion
346 457 522 535 habuerunt,
542 457 622 539 qnod
639 467 779 536 corrupte
795 457 934 517 sandrin
951 469 1105 532 vocarunt,
1126 478 1161 518 ex
1179 471 1306 538 septua-

167 537 249 618 ginta
271 536 384 597 duobus
404 533 561 598 Iudieibus.
601 535 643 594 Ut
667 546 762 592 autern
790 533 855 594 lieri
879 534 959 594 solet
983 535 1013 594 in
1033 533 1139 594 talibus
1160 535 1308 610 numeris,

168 635 258 694 quum
277 614 314 673 de
334 611 472 693 synedrio
492 629 590 672 sermo
611 621 687 682 erat,
717 621 829 670 tanturn
857 611 996 672 dicebant
1013 611 1200 694 septuaginta
1222 611 1303 672 iudi-

168 711 230 750 ces:
265 701 351 768 atque
373 709 424 748 eos
445 707 479 746 ex
498 688 622 768 posteris
642 686 762 746 Davidis
790 687 876 748 luisse
903 688 1014 748 electos
1034 688 1116 748 testis
1137 699 1182 748 est
1201 687 1307 764 Philo,

166 778 198 826 ut
218 777 346 845 potestas
367 763 463 844 aliqua
483 774 614 830 maneret
635 763 665 822 in
684 765 766 844 regia
782 763 882 844 stirpe.
922 764 1025 839 Quare
1068 774 1114 824 ost
1125 763 1218 823 varias
1240 764 1306 824 cla-

166 842 231 917 des,
259 841 331 902 haec
350 837 451 900 ultima
477 840 662 930 catastrophe
688 838 790 900 excidii
816 841 886 917 suit,
918 861 1007 921 quum
1028 787 1163 904 ibrodes
1184 839 1305 901 abolito
1334 893 1346 901 .

164 915 216 977 illo
238 937 375 977 consessu
417 917 537 996 opulum
557 915 585 976 le
609 916 689 976 itima
723 916 918 978 ubernatione
939 916 1070 999 privavit
1110 916 1208 977 Porro
1230 917 1302 996 quia
1384 937 1385 946 ¹

164 993 273 1054 reditus
286 1013 301 1052 e
312 938 467 1074 Babylone
488 938 670 1073 praeludium
689 937 775 1054 virae
796 1005 826 1053 et
842 992 952 1056 solidae
967 993 1182 1074 redemptionis
1194 993 1306 1070 fuerat,

163 1069 280 1132 videtur
299 1091 377 1129 nunc
397 1069 583 1205 septuaginta
603 1069 743 1130 adventus
762 1070 806 1130 sui
827 1091 988 1150 praecones
1009 1070 1120 1152 eligere
1140 1070 1306 1144 Dominus,

164 1157 197 1204 ut
216 1146 457 1206 instaurationem
476 1167 513 1206 co
527 1145 600 1226 lapsi
619 1158 708 1208 status
723 1147 888 1227 promittat:
910 1137 977 1227 quia
996 1159 1095 1208 tamen
1116 1147 1304 1208 revocandus

164 1234 227 1281 erat
247 1225 373 1302 populus
393 1223 429 1285 ad
449 1223 567 1284 unicum
588 1234 692 1303 caput,
721 1243 784 1284 non
810 1224 962 1284 constituit
981 1224 1096 1284 Iudices
1124 1245 1190 1284 cum
1209 1235 1303 1302 pote-

95 1317 100 1328 ¹
126 1295 139 1310 '
163 1311 254 1374 state,
273 1301 324 1360 sed
343 1309 456 1360 tanturn
477 1299 592 1380 praeire
612 1298 710 1375 iubet,
730 1311 762 1360 ut
782 1299 844 1380 ipse
864 1301 942 1361 solus
963 1301 1098 1360 emineat.
1139 1299 1230 1374 Quod
1251 1297 1300 1358 bi-

99 1423 109 1432 .
163 1396 218 1436 nos
242 1375 336 1452 misit,
370 1375 400 1435 in
428 1395 465 1436 eo
489 1375 607 1436 uidetur
631 1374 805 1437 infirmitatis
832 1399 932 1438 eorum
964 1377 1064 1438 habita
1090 1375 1179 1436 fuisse
1210 1375 1302 1435 ratio.

164 1451 341 1514 Timendnm
361 1465 439 1528 erat,
470 1473 508 1514 ne
527 1453 636 1536 singuli
656 1453 752 1514 minus
771 1453 917 1514 haberent
935 1453 1050 1529 cordis,
1071 1473 1156 1534 quam
1178 1473 1303 1512 necesse

163 1527 244 1602 {oret
268 1531 305 1590 ad
329 1551 433 1609 munus
464 1551 546 1590 suum
575 1541 694 1590 strenue
720 1531 948 1612 exsequendum:
971 1525 1061 1614 'ergo
1092 1539 1126 1589 ut
1155 1527 1206 1588 alii
1226 1529 1303 1590 alios

97 1619 110 1626 “
163 1618 266 1667 mutuo
287 1605 427 1680 animent,
447 1605 511 1666 bini
530 1607 695 1666 mittuntur.

238 1688 266 1746 2
305 1682 413 1744 Massia
446 1682 559 1762 quidem
591 1683 690 1744 multo.
739 1685 824 1744 Hanc
853 1685 1028 1746 sententiam
1062 1683 1183 1763 exposui
1214 1703 1301 1743 nono

162 1759 307 1820 Matthaei
327 1761 436 1840 capite:
469 1761 575 1822 iterum
600 1772 699 1821 minen
724 1761 772 1820 hic
792 1762 881 1822 inseri
902 1761 1050 1842 oportuit,
1080 1759 1222 1840 qnoniam
1242 1759 1302 1820 alia

163 1835 321 1898 occasione
345 1837 482 1898 refertur.
530 1827 603 1898 Naim
634 1858 693 1916 quo
726 1838 827 1898 melius
854 1839 1012 1920 discipulos
1036 1857 1103 1897 suos
1131 1836 1303 1896 exstimulet

102 1912 103 1921 ’
164 1911 314 1989 Christus,
346 1923 381 1972 ut
400 1914 489 1994 operi
514 1913 649 1996 gnaviter
673 1913 859 1989 incumbant,
891 1913 1065 1996 pronuntiat
1087 1911 1208 1972 multam
1234 1935 1301 1972 esse

162 2011 300 2050 messem:
332 1990 410 2050 unde
430 1990 576 2072 sequitur,
607 1990 738 2070 ipsorum
758 1991 891 2051 laborem
917 2013 977 2051 non
998 1991 1063 2051 sore
1083 1990 1217 2063 irritum,
1246 1991 1300 2049 sed

162 2067 284 2128 uberem
304 2066 455 2148 proiectus
468 2067 629 2141 materiam,
649 2067 679 2126 in
694 2088 792 2147 quase
805 2081 969 2143 exerceant,
988 2079 1166 2148 reperturos.
1188 2065 1301 2126 Postea

163 2143 200 2204 de
221 2143 374 2223 periculis,
400 2143 608 2204 certaminibus
628 2165 661 2204 ac
681 2143 822 2205 molestiis
843 2165 894 2204 eos
914 2145 1068 2217 admonet,
1095 2154 1125 2204 et
1143 2141 1228 2202 iubet
1249 2164 1300 2202 ac-

163 2219 275 2280 cinctos
295 2220 349 2295 ire,
369 2232 402 2279 ut
421 2218 558 2280 celeriter
573 2231 665 2280 totam
677 2221 815 2282 Iudaeam
836 2232 1022 2302 percurrant:
1044 2219 1172 2298 denique
1193 2219 1299 2278 eadem

162 2296 298 2356 mandata
323 2297 447 2378 repetit,
482 2319 556 2376 quae
584 2295 706 2358 dederat
730 2299 893 2377 Apostolis.
933 2299 1007 2357 ideo
1039 2296 1165 2356 lectores
1197 2295 1324 2357 nrultisx

162 2371 260 2448 verbis
284 2373 333 2434 hic
357 2395 481 2434 onerare
505 2353 716 2465 supervacuum
743 2375 845 2450 soret,
874 2395 963 2455 quum
983 2374 1065 2435 illinc
1086 2383 1187 2453 petere
1209 2371 1301 2432 liceat

162 2449 280 2530 plenam
302 2449 431 2512 omnium
453 2451 770 2586 expositionem,.nisi
797 2451 877 2532 qnod
901 2450 1033 2523 breviter
1055 2449 1198 2508 monendi
1218 2461 1300 2523 sunt,
1387 2497 1388 2500 ,

164 2526 235 2606 quid
254 2525 310 2590 sibi
330 2527 401 2588 velit
420 2527 473 2587 ista
506 2527 640 2617 oquutio,
659 2533 848 2590 semiramin
866 2531 914 2588 vio
931 2527 1130 2587 srdmovm'tis·
1168 2525 1225 2586 Est
1245 2547 1299 2584 au-

162 2615 223 2664 tem
242 2624 370 2665 summae
390 2603 588 2667 festinationis
608 2603 759 2680 indicium,
778 2605 840 2680 ubi,
860 2600 906 2666 si'
925 2605 968 2664 nis
987 2604 1019 2664 in
1036 2603 1142 2662 itincre
1165 2612 1300 2676 occurat,

161 2681 238 2741 ultra
257 2701 312 2761 per
335 2682 417 2755 'mns,
436 2702 493 2741 nee
513 2701 580 2740 eum
599 2680 786 2760 alloquimur,
808 2682 857 2762 qni
877 2627 1091 2744 viltronum
1110 2677 1220 2738 morari
1241 2698 1298 2738 nos

162 2770 272 2838 posset.
335 2758 361 2818 ic
374 2757 753 2838 11.1teg.t‚na.Etisaeus,
774 2759 842 2834 dum
862 2780 985 2840 puerum
1005 2779 1088 2818 suurn
1108 2755 1146 2816 ad
1158 2754 1300 2814 Sunami-

160 2835 251 2895 tidem
271 2832 421 2906 mittebat,
446 2833 538 2892 vetuit
557 2853 594 2892 ne
616 2853 702 2911 quem
723 2835 843 2896 obvium
861 2837 1010 2896 salutaret.
1048 2835 1117 2893 Non
1137 2830 1200 2892 vult
1221 2851 1297 2914 ergo

164 2908 296 2970 Christus
317 2920 375 2968 tam
395 2909 570 2968 inhumanos
592 2923 654 2968 esse
669 2911 839 2992 discipulos,
860 2924 892 2972 ut
907 2911 1032 2972 salutare
1053 2931 1115 2969 non
1135 2907 1299 3044 dignentur

163 2987 212 3064 qui
237 2986 294 3046 illis
320 2997 491 3060 occurrent,
520 2984 573 3044 sed
596 2985 636 3045 ita
661 3009 822 3078 properare
848 2990 946 3062 iubet,
971 3000 1010 3047 uo
1024 2987 1121 3048 omnia
1142 3006 1161 3044 o
1184 2985 1316 3075 stacula,

184 3073 360 3121 raetereant.
399 3061 466 3120 Hoc
487 3082 546 3140 qno
570 3082 606 3122 ne
627 3083 779 3144 proprium
799 3065 888 3126 babet
907 3066 1018 3140 Lucas,
1043 3077 1075 3122 ut
1092 3059 1180 3122 dam
1196 3083 1235 3122 oe
1253 3060 1298 3120 bx-

161 3083 231 3199 iam
252 3135 403 3214 discipuli,
434 3159 509 3218 qnae
532 3081 629 3199 altam
648 3142 777 3222 fuerint
830 3141 947 3278 quibus
971 3140 1067 3202 verbis
1091 3159 1154 3200 non
1180 3149 1297 3198 tautum

53 3285 56 3294 y
161 3216 246 3275 iubet
265 3213 414 3291 Christus,
446 3226 604 3276 contentos
629 3237 690 3279 esse
715 3239 783 3280 suos
807 3241 845 3280 vu
857 3218 922 3301 gari
947 3231 977 3279 et
995 3215 1078 3278 tenui
1096 3235 1213 3289 mensa,
1243 3216 1296 3275 sed

161 3290 218 3352 illis
239 3291 392 3372 permittit,
412 3301 444 3350 ut
464 3290 501 3350 de
520 3291 618 3352 alieno
638 3307 800 3356 vescantur.
840 3296 904 3356 lmo
925 3295 973 3356 hic
992 3292 1120 3373 simplex¹
1134 3314 1167 3353 ac
1188 3290 1297 3374 genui-

161 3389 216 3428 nus
235 3389 336 3432 sensus
357 3379 414 3428 est:
445 3366 570 3430 liberum
589 3370 674 3433 vobis
693 3373 731 3433 sit
750 3372 847 3437 alieno
867 3383 984 3452 sumptu
1002 3371 1116 3445 vivere,
1136 3389 1224 3460 quam
1245 3368 1297 3428 din

160 3445 192 3505 in
213 3445 267 3506 hac
287 3444 525 3536 peregrinatione
551 3447 644 3508 eritis:
684 3471 808 3528 aequum
834 3449 913 3510 enirn
938 3459 997 3521 est,
1035 3457 1068 3506 ut
1090 3444 1175 3506 vobis
1196 3445 1295 3506 cibum

159 3521 339 3597 ministrent,
371 3544 402 3582 sn
444 3542 548 3582 uorum
567 3524 691 3606 gratiam
710 3526 858 3586 laboratis.
899 3524 1028 3599 Quidam
1056 3533 1176 3603 putant,
1209 3521 1296 3582 eximi

161 3600 340 3679 scrupulum,
362 3619 399 3660 ne
421 3543 456 3658 ib
478 3597 578 3680 aliquo
598 3601 662 3662 cibi
678 3605 786 3684 genere
807 3602 987 3662 abhorreant
1007 3598 1153 3734 discipuli:
1173 3599 1224 3660 sed
1247 3598 1293 3657 ni-

161 3674 204 3738 hil
223 3676 283 3738 tale
302 3675 397 3737 voluit
417 3675 564 3751 Christus,
585 3701 618 3739 ac
638 3700 676 3739 ne
698 3681 754 3740 hoc
775 3679 892 3770 quidem
913 3678 973 3738 eins
994 3677 1148 3738 consiium
1168 3676 1235 3751 luit,
1257 3675 1294 3740 de

161 3751 330 3838 frugalitate
348 3752 539 3845 praecipere,
570 3755 620 3814 sed
646 3766 758 3815 tantum
784 3754 839 3816 illis
867 3754 1032 3815 concedere
1051 3751 1194 3814 mercedis
1214 3752 1295 3827 loeo,

161 3842 195 3890 ut
213 3829 251 3890 ab
271 3828 435 3910 hospitibus
455 3827 603 3891 alerentur
622 3831 653 3892 in
672 3853 723 3893 sua
741 3829 903 3916 legatione.

202 4062 283 4141 (95.)
324 4062 490 4128 ΜΑἹἼῊ.
512 4064 564 4127 xi.
606 4065 657 4128 20.
686 4065 779 4132 'l'uuc
808 4067 916 4149 coepit
942 4063 1137 4149 exprobrare
1160 4062 1294 4126 civitati·

159 4161 236 4238 bus,
257 4165 290 4225 in
312 4162 429 4248 quibua
450 4164 557 4229 editae
578 4163 707 4253 fuerant
728 4164 884 4250 plurimae
905 4168 1039 4230 virtutes
1064 4166 1177 4251 ipsius,
1203 4161 1294 4251 qnod

140 4259 317 4329 ‘scelerum
341 4279 481 4330 nasoon
504 4265 728 4350 poenituisset:
774 4267 824 4330 nt.
854 4267 925 4330 Vae
946 4265 1005 4331 nbi
1029 4265 1211 4340 Chorazin,
1232 4283 1291 4328 rae

159 4361 218 4429 tibi
245 4353 433 4449 Bethsaida:
466 4366 618 4452 quoniam
645 4368 672 4432 si
698 4367 733 4432 in
758 4364 840 4432 urbe
862 4365 944 4451 Tyri
972 4377 1004 4432 et
1032 4363 1164 4460 Sidonis
1189 4365 1293 4430 lanae

729 4554 741 4584 h
