2766 4834
348 181 354 219 ⁸
566 169 631 250 (tt
650 169 804 232 Somnium
824 168 970 252 losephi.)

177 318 372 380 sanctificans
400 339 419 380 a
450 321 583 382 Satanae
614 320 769 404 tyrannide
800 324 945 401 vindicat,
974 335 1008 384 ut
1034 324 1162 386 iustitiae
1190 326 1245 388 viva

137 419 139 460 t
179 395 278 468 Quare
300 416 377 455 non
398 417 472 457 vere
494 399 667 480 agnoscitur
684 414 817 463 servator
831 402 974 477 Christus,
995 403 1093 462 donee
1112 401 1170 462 lide
1190 423 1245 484 amp

177 475 322 532 taram
355 475 522 554 gratuitam
548 488 738 556 peccatorum
763 479 981 555 remissionem,
1008 491 1038 539 ct
1059 499 1115 538 nos
1140 498 1239 539 coram

175 550 263 608 iustos
285 552 419 610 censeri
436 551 575 624 sciamus,
601 553 668 643 quia
687 553 813 614 absoluti
832 577 928 616 iunius
949 557 964 614 a
984 567 1082 615 reatu:
1103 554 1210 614 deiude
1231 555 1245 614 S

175 637 230 683 tum
258 625 407 686 iustitiae
435 638 466 686 et
484 629 669 690 rectitudinis
694 629 730 690 ab
745 637 794 690 ‘eo
815 643 962 710 petamus,
987 631 1068 691 omni
1094 643 1124 692 et
1146 652 1245 711 operui

176 701 288 760 virtutis
312 714 448 762 nostrae
468 703 574 765 fiducia
594 707 686 767 vacui.
733 707 843 781 Christi
862 706 1005 788 populum
1025 707 1131 788 procul
1151 706 1241 768 dubio

177 779 255 858 gelus
275 779 430 838 nominat
449 779 587 854 Iudaeos,
632 784 715 842 uibus
733 784 764 842 iii
777 781 875 862 Caput
894 796 924 843 et
942 783 1056 866 Regem
1076 784 1226 844 ordinatus

180 855 224 914 sed
249 856 330 935 quia
358 857 537 916 inserendae
564 804 654 937 paiilo
679 871 747 952 post
772 871 856 922 erant
879 873 982 942 gentes
1007 861 1036 920 iii
1062 880 1155 942 genus
1179 860 1245 922 Aba

181 931 357 992 extenditur
377 933 453 995 haec
474 933 574 996 salutis
595 935 751 1015 promissio
770 936 936 1017 promiscue
956 937 993 997 ad
1013 959 1132 1013 omnes,¹
1147 937 1197 1017 qui
1217 937 1245 998 fii

181 1029 264 1067 nasim
285 1006 456 1070 Ecclesiae
476 1029 585 1090 corpus
606 1012 783 1074 coalescunt.

250 1091 305 1150 22
355 1089 428 1146 Hoc
452 1099 542 1145 mium
556 1087 680 1168 factm
704 1103 752 1152 ast.
796 1089 904 1149 Inscite
930 1099 1079 1170 nugantur
1106 1101 1137 1150 et
1183 1089 1245 1148 ueri

185 1163 228 1239 qui
248 1163 454 1222 contendunt
472 1163 551 1224 Filio
570 1164 629 1224 Dei
653 1165 721 1229 ideo
742 1166 912 1246 impositum
938 1186 1000 1226 esse
1019 1185 1148 1225 nomen·
1168 1187 1233 1242 esu,

183 1251 307 1298 vocetur
335 1237 518 1299 immanuel.
562 1237 633 1300 Noii
659 1241 737 1301 enirn
757 1240 931 1332 particulam
955 1259 1043 1300 unam
1063 1242 1200 1302 duntaxat
1224 1263 1245 1302 ai

183 1315 371 1388 llatthaeus,
400 1315 453 1376 sed
475 1315 616 1395 quicquid
639 1318 670 1379 in
692 1317 802 1380 Christi
821 1318 1019 1398 conceptione
1047 1315 1176 1378 eoeleste
1198 1337 1245 1376 ac

185 1413 249 1450 unm
270 1405 320 1452 est
341 1391 571 1472 complectitur,
593 1413 650 1472 quo
672 1395 759 1454 etiam
780 1394 910 1475 pertinet
930 1391 1101 1453 universalis
1120 1404 1201 1452 nota.
1240 1393 1245 1450 l

186 1467 344 1528 ridendum
367 1481 425 1542 est,
447 1491 535 1604 qnam
547 1471 681 1549 apposite
700 1471 808 1531 citetur
817 1470 928 1530 Iesaiae
938 1469 1118 1531 vaticinium
1152 1467 1245 1530 Locus

186 1557 269 1604 intus
291 1557 339 1606 est
360 1566 398 1604 ac
419 1563 454 1604 ee
468 1544 561 1620 chris,
578 1567 641 1627 cap.
654 1555 753 1623 7,1‹i.:
772 1549 826 1608 sed
845 1547 947 1610 ludaei
966 1566 1023 1626 pro
1042 1545 1129 1606 solita
1148 1565 1199 1606 sua
1218 1563 1245 1606 ni

189 1618 249 1679 runi
271 1623 461 1700 depravant,
486 1642 656 1702 quanquam
683 1645 745 1686 non
766 1623 862 1684 minus
888 1645 1010 1684 coecum
1035 1633 1067 1684 et
1085 1621 1214 1695 fatuum,
1240 1644 1245 1678 ι

188 1696 357 1776 improbum
372 1697 487 1758 Christi
507 1711 540 1758 et
557 1700 686 1760 veritatis
707 1701 806 1760 odium
826 1699 873 1762 hic
903 1702 1023 1761 rodunt.
1061 1699 1110 1760 Eu
1126 1697 1246 1777 impude

189 1775 335 1854 progressi
357 1785 432 1834 sunt
443 1772 531 1834 multi
551 1795 653 1836 eorum
667 1776 806 1850 liahhini,
824 1789 858 1835 ut
877 1721 913 1838 de
932 1797 1005 1858 rege
1016 1775 1113 1838 lliskia
1128 1795 1245 1866 'expone

190 1851 236 1927 qui
260 1863 334 1910 tunc
364 1871 462 1912 annos
487 1851 607 1912 circiter
632 1853 799 1932 quindecim
823 1865 908 1916 natus
931 1865 1002 1914 erat.
1046 1851 1166 1926 Qualis,
1190 1850 1244 1910 obs

189 1927 237 1984 ista
257 1939 303 1986 est
312 1927 487 1988 mentiendi
507 1926 612 2003 libido,
632 1950 735 2004 everso
756 1941 878 1990 naturae
897 1931 1002 1992 ordine
1015 1929 1245 1993 iuvenemrecoi

189 2003 217 2060 in
235 2015 323 2064 utero
346 2003 467 2077 matris,
493 2015 528 2064 ut
552 2005 680 2068 sedecim
698 2027 844 2066 annorum
863 2017 1012 2076 nascatur,
1039 2025 1077 2064 ne
1103 2003 1210 2069 claram
1230 2002 1245 2086 li

190 2081 364 2142 admittant?
410 2079 474 2142 Sed
505 2081 588 2161 digni
618 2095 687 2144 sunt
714 2083 827 2144 scilicet
856 2081 954 2144 hostes
984 2080 1110 2152 Christi,
1141 2083 1214 2170 q'uos
1244 2129 1245 2138 ,

190 2157 292 2234 spiritu
311 2155 472 2237 vertiginis
500 2168 531 2216 et
549 2159 677 2238 stuporis
701 2180 854 2251 percussos
872 2158 1009 2219 infatuet.
1051 2155 1112 2216 atii
1135 2153 1191 2215 sihi
1211 2155 1245 2214 lii

190 2231 325 2312 ignotum
348 2233 521 2311 quempiam
541 2233 632 2294 lilium
651 2257 729 2316 regis
748 2237 856 2314 hchas,
875 2255 962 2314 quem
976 2223 1129 2323 Propheta
1147 2231 1245 2292 nascit

190 2309 380 2386 praedixerit
426 2310 489 2370 Sed
514 2330 640 2391 quaero,
667 2333 727 2392 quo
751 2313 814 2372 iure
833 2322 953 2372 vocatus
977 2309 1069 2368 inerit
1087 2305 1245 2368 immanuel

191 2395 267 2446 terra
295 2385 363 2446 eius
387 2385 517 2467 imperio
541 2387 688 2463 subiecta,
718 2388 767 2468 qui
793 2389 922 2467 privatus
953 2397 984 2444 et
1007 2385 1071 2444 sine
1096 2383 1212 2473 honqie
1231 2405 1245 2471 J

193 2461 298 2522 inivit:
320 2483 392 2522 nain
412 2461 503 2542 paulo
524 2475 593 2542 post
610 2465 688 2526 idem
698 2464 852 2544 Propheta
869 2481 992 2543 puerum
1011 2459 1104 2530 illum,
1124 2479 1245 2536 quisquc

192 2539 349 2598 coustituit
367 2551 466 2599 terrae
487 2539 649 2602 dominum.
687 2543 751 2601 Nec
770 2540 866 2600 minus
884 2537 1010 2616 insipide
1030 2535 1180 2623 garriunt,
1205 2553 1243 2610 qu

192 2613 255 2673 lunt
275 2615 336 2676 hoc
357 2615 469 2675 dictum
484 2637 549 2677 esse
570 2618 605 2678 de
617 2615 787 2696 Prophetae
801 2615 873 2674 tilio.
910 2613 952 2674 Et
970 2623 1050 2672 certe
1068 2610 1123 2669 hac
1142 2629 1172 2668 iii
1190 2628 1225 2668 re

194 2711 286 2751 masse
307 2690 482 2752 hallucinati
502 2704 571 2753 sunt
591 2693 752 2756 Christiani
770 2691 930 2771 scriptores
948 2687 1133 2758 vaticinium,
1178 2685 1237 2744 uod

193 2770 270 2828 xiiiio
289 2769 390 2847 capite
408 2769 554 2849 sequitur,
573 2771 609 2830 ad
631 2771 778 2834 Christum
798 2767 953 2828 trahendo.
990 2763 1074 2824 Dicit
1091 2762 1151 2824 illic
1168 2839 1175 2853 ·
1194 2781 1238 2841 ro]

194 2865 222 2903 se
242 2865 298 2924 per
317 2845 464 2906 visionem
484 2846 593 2906 iussum
613 2867 674 2908 esse
700 2869 765 2908 cum
786 2865 876 2906 uxore
897 2841 1056 2933 congredi,
1082 2851 1113 2900 et
1135 2838 1213 2914 filio,

214 2933 359 2993 enuerat,
385 2942 496 2982 nomen
515 2923 574 2982 Dei
593 2924 731 2984 mandato
752 2923 840 2983 inisse
860 2921 1046 3000 impositum,
1065 2915 1222 3006 Accelera,

195 2941 272 3056 dare.
325 2998 403 3058 Nam
429 2998 490 3058 illic
523 3010 636 3058 tantum
662 3011 782 3059 notatur
808 2996 878 3058 helli
901 3005 1074 3075 tempestas,
1104 3013 1178 3073 quae
1203 3014 1232 3052 iu

197 3097 259 3133 cnm
278 3072 419 3134 horribili
437 3074 581 3136 vastitate.
625 3077 714 3146 Unde
735 3074 822 3144 iacile
842 3073 973 3162 elicitur,
995 3077 1050 3162 res·
1062 3089 1124 3131 esse
1144 3088 1230 3150 prora

197 3171 299 3210 tersas.
338 3153 424 3232 Ergo
445 3171 617 3231 quaeramus
630 3152 791 3234 genuinum
811 3163 973 3230 praesentis
991 3147 1051 3208 loci
1062 3166 1187 3207 sensum.

198 3227 313 3288 obsessa
333 3227 409 3288 urbe
429 3227 590 3290 ierusalem
609 3231 751 3288 tremeret
769 3249 819 3287 rex
838 3227 951 3299 hohas,
970 3225 1031 3284 imo
1050 3241 1159 3314 pavore
1180 3219 1226 3280 ier

200 3303 322 3364 nimatus
341 3315 430 3378 esset,
450 3303 576 3364 mittitur
595 3305 710 3365 adeum
722 3303 885 3384 Propheta,
897 3301 1129 3382 'quipromittat
1147 3297 1225 3357 Deui

203 3381 275 3440 urhis
296 3380 462 3441 custodem.
510 3377 610 3456 Quum
628 3381 751 3472 simplex
771 3379 926 3461 promissio
947 3376 1101 3438 confusum
1122 3375 1183 3466 eius
1202 3396 1223 3434 ai

202 3476 259 3516 non
283 3457 415 3538 erigeret
441 3456 515 3537 (les.
534 3462 661 3536 7,11.),
686 3457 805 3517 iubetur
824 3454 975 3534 Propheta
999 3453 1115 3534 signum
1139 3450 1183 3510 illi
1207 3473 1221 3511 a

222 3533 406 3613 ualecunque
431 3532 636 3614 petierittsive
654 3533 686 3594 in
705 3533 808 3608 coelo,
833 3533 892 3594 sive
921 3530 1060 3592 interra.
1101 3527 1202 3602 Quum

202 3553 249 3670 ille
269 3612 307 3692 hy
330 3608 428 3671 ocrita
447 3629 528 3668 snam
548 3609 750 3674 infidelitatem
771 3609 919 3671 occultans
938 3607 1218 3698 siguum,respueret

203 3689 288 3766 pheta
306 3633 408 3746 durius
427 3685 511 3746 illum
532 3685 679 3767 obiurgat,
700 3697 730 3748 ct
747 3685 868 3748 tandem
886 3680 1012 3757 subiicit,
1032 3680 1124 3742 Dabit
1143 3690 1216 3768 tame

203 3763 282 3824 rabis
301 3763 435 3845 signum:
462 3781 532 3823 ecce
553 3763 631 3822 enim
651 3763 746 3844 Virgo
766 3761 928 3842 concipiet,
953 3759 1106 3841 parietqne
1125 3754 1214 3814 Filiui

205 3840 266 3900 lloc
285 3839 323 3900 de
346 3837 470 3902 Christo
491 3839 599 3900 dictum
618 3839 858 3918 interpretamur·
872 3839 904 3896 iii
924 3838 1002 3896 hunc
1021 3835 1156 3922 modum
1186 3831 1212 3888 V

204 3917 320 3978 Davidis
339 3915 511 3995 posteritas,
531 3927 670 3994 quantum
691 3916 722 3974 in
741 3913 827 3976 vobis
845 3927 899 3990 est,
918 3911 1039 3974 studetis
1049 3927 1210 4000 'promissat

236 3995 322 4054 atiani
341 3989 468 4052 abolere
492 3993 575 4070 (nani
596 3991 746 4071 Propheta
767 3992 885 4052 domuin
904 3989 1024 4051 Davidis
1047 4005 1208 4066 ignominia

244 4081 306 4130 erte
328 4066 521 4148 compellat):
547 4088 698 4146 nunquam
722 4077 821 4128 tamen
847 4066 970 4148 perfidia
988 4075 1085 4124 vestra
1112 4059 1206 4121 cilicie

203 4148 334 4226 superior
363 4165 447 4206 emer
470 4155 500 4204 at
517 4141 577 4203 Dei
602 4145 719 4206 veritas.
764 4143 879 4204 Urbem
904 4143 986 4202 Deus
1005 4138 1114 4229 saliani
1139 4137 1175 4198 ali
1200 4137 1205 4197 l

204 4237 230 4284 et
246 4221 432 4293 incolumem
447 4165 519 4280 iore
539 4220 702 4301 promittit:
727 4221 751 4281 si
775 4241 837 4282 non
856 4218 984 4280 sufficiat
1007 4236 1068 4276 eius
1081 4212 1203 4276 verbuu

204 4299 352 4384 metionis
388 4309 531 4362 tesseram
553 4309 667 4372 vestro,
684 4295 809 4363 arbitrio
839 4297 910 4359 dare
934 4304 1052 4376 paratus
1076 4301 1129 4360 ott.
1175 4291 1200 4354 E
