2768 4834
87 3607 94 3614 '
175 3617 301 3658 rumora.

177 233 237 297 tet
632 224 786 290 sncmo
808 227 862 288 vl.

177 377 374 462 incogitantia
401 377 568 442 dissimulet.
612 381 679 441 lano
704 400 768 442 non
787 379 907 441 aliunde
927 399 1014 460 quam
1032 397 1050 437 a
1069 397 1100 438 se
1120 377 1186 458 ipso
1205 397 1333 457 provo-

142 513 147 522 ,
179 467 273 531 catur,
291 466 325 516 ut
343 451 432 513 nobis
452 455 540 516 fidem
561 455 664 532 donet,
682 477 759 536 quae
779 475 882 536 preces
902 476 1005 516 omnes
1020 453 1126 517 ordine
1139 467 1169 514 et
1180 465 1333 534 tempore

178 531 340 614 praecedit.
379 529 441 590 Sed
462 533 529 612 quia
549 532 597 594 bic
617 533 775 612 discipulos
797 530 930 593 Christus
950 531 1127 610 alloquitur,
1145 530 1334 610 simpliciter

179 610 337 682 admonet,
366 610 517 686 quomodo
543 609 615 669 velit
633 630 688 669 nos
707 621 793 688 pater
811 609 947 670 coelestis
967 609 1114 668 donorum
1133 628 1256 668 suorum
1280 607 1333 666 sa-

181 705 249 746 cere
269 705 333 744 com
358 695 431 744 otes.
469 686 687 766 Ergo-tametsi
707 686 836 766 gratuito
853 684 944 760 nobis
964 685 1063 746 omnia
1084 684 1223 766 largitur,
1260 705 1330 818 spuo

178 771 277 822 tamen
304 761 391 818 fiem
418 772 548 821 nostram
574 773 723 836 exerceat,
761 761 875 842 precari
903 783 957 822 nos
983 761 1066 822 iubet
1088 772 1123 819 ut
1147 759 1265 840 petenti
1292 783 1330 819 us

180 837 334 911 concedat,
354 856 430 924 quae
449 838 536 897 nobis
557 859 591 897 ex
610 859 691 898 mera
713 837 774 898 eius
795 837 928 898 bonitate
948 839 1059 916 fluunt,

254 919 283 978 9.
321 918 379 977 An
440 917 546 994 'mm
563 929 687 974 ammon
704 929 746 974 est
762 913 855 975 homo.
895 911 1088 994 Comparatio
1109 922 1154 972 est
1172 934 1189 972 a
1208 909 1332 972 minori

178 990 216 1050 ad
240 991 340 1054 maius.
385 935 487 1050 lliiliao
513 988 648 1052 Christus
672 991 811 1055 malitiam
831 991 982 1052 hominum
1001 991 1160 1052 immensae
1180 988 1240 1049 Dei
1263 989 1327 1048 bo-

178 1066 265 1127 nitati
288 1068 425 1160 opponit
468 1065 616 1159 illalignos
641 1080 738 1128 autem
764 1089 820 1128 nos
839 1066 936 1129 reddit
956 1077 1102 1147 patroclo:
1133 1065 1218 1145 quia,
1250 1065 1327 1124 dum

178 1143 236 1203 sibi
267 1164 390 1226 quasque
413 1143 479 1234 plns
506 1157 575 1204 satas
602 1143 734 1204 addictus
761 1156 820 1218 est,
858 1143 931 1204 alios
979 1142 1100 1202 racterit
1124 1163 1158 1202 ac
1183 1162 1221 1202 ne
1246 1139 1328 1222 tigit.

177 1219 221 1280 Aa
242 1219 271 1278 ni
292 1223 349 1282 hoe
369 1220 471 1280 vinum
490 1232 609 1310 superat
626 1233 767 1310 paternus
787 1239 894 1298 amor,
909 1230 943 1279 nt
958 1163 1095 1278 iomines
1114 1219 1158 1278 sui
1179 1161 1269 1278 obliti
1289 1240 1327 1278 se

177 1295 209 1354 in
222 1241 306 1360 <ilios
325 1297 389 1378 plus
408 1316 496 1432 paam
518 1297 682 1358 liberaliter
700 1297 864 1358 effundant.
896 1297 984 1356 Unde
1005 1307 1101 1354 autem
1122 1295 1153 1354 id
1172 1295 1228 1354 nisi
1250 1296 1326 1384 quia

177 1371 277 1450 Deus,
296 1396 313 1436 a
333 1395 393 1455 quo
435 1375 566 1434 escendit
586 1373 680 1434 omnis
701 1374 860 1455 paternitas
901 1373 1009 1453 Ephes.
1029 1379 1059 1447 3,
1079 1375 1165 1448 15.),
1186 1383 1324 1452 particu-

131 1449 237 1510 *tam
262 1471 331 1510 suae
356 1450 497 1509 bonitatis
523 1470 626 1510 eorum
651 1451 789 1511 cordibus
815 1449 883 1510 insti
898 1450 956 1510 lat?
1003 1447 1120 1524 Quodsi
1145 1460 1262 1508 tantum
1282 1449 1324 1508 ad

178 1525 410 1588 beneficentiam
431 1526 530 1587 valent
548 1525 697 1606 guttulae,
728 1527 799 1606 quid
819 1527 856 1586 ab
876 1528 941 1606 ipso
961 1527 1035 1586 mari
1051 1525 1226 1586 inexhausto
1248 1546 1322 1605 spe-

176 1603 303 1664 randum
328 1604 390 1664 esti
433 1603 482 1661 An
506 1603 656 1663 restrictus
681 1615 757 1664 esset
782 1603 880 1678 Deus,
912 1602 962 1682 qui
986 1602 1137 1661 bominum
1165 1602 1257 1662 corda
1278 1603 1322 1661 sic

177 1681 293 1758 aperit?
336 1681 456 1741 Interea
481 1679 642 1738 tenendum
668 1690 713 1740 est
736 1677 810 1739 illud
829 1679 956 1752 Iesaiae‚
985 1677 1106 1740 Etiamsi
1127 1689 1223 1738 mater
1242 1677 1322 1738 lilios

179 1755 378 1830 obliviscatur,
396 1755 559 1816 Dominum
579 1754 766 1816 teneriore
784 1756 829 1816 sui
848 1755 984 1832 similem,
1002 1766 1036 1815 ut
1053 1775 1084 1816 se
1100 1755 1220 1817 Patrem
1241 1777 1321 1815 sem-

178 1851 234 1912 per
254 1831 389 1892 exhibeat
407 1831 480 1909 (les.
497 1837 546 1906 49,
565 1836 637 1910 15.).
822 1841 829 1856 ·

254 1916 301 1974 11.
339 1908 431 1968 Potor·
448 1905 528 1970 dotis
545 1904 621 1968 dono
639 1905 734 1972 dono,
765 1908 833 1970 Hoc
853 1908 988 1979 consulto
1010 1907 1151 1989 expressit
1171 1908 1321 1984 Christus,

178 2004 218 2044 ne
247 1984 342 2044 stultis
372 1983 526 2064 pravisque
556 1985 706 2046 desideriis
736 1987 886 2066 precando
916 1985 1045 2046 habenas
1071 1984 1193 2044 nimium
1220 1985 1322 2066 latent

148 2072 150 2088 ¹
179 2061 291 2121 fideles·
322 2059 445 2136 Scimus,
466 2071 574 2138 quanta
592 2061 631 2121 sit
649 2062 688 2128 in,
700 2062 753 2121 bac
773 2075 857 2142 parte
877 2061 972 2124 carnis
992 2073 1109 2122 nostrae
1128 2074 1188 2122 tam
1209 2062 1320 2122 intem-

179 2136 277 2218 peries
304 2157 391 2217 quam
417 2137 545 2198 audacia.
596 2138 677 2198 Nihil
705 2137 784 2198 enim
808 2140 896 2200 nobis
915 2160 977 2200 non
997 2138 1191 2220 permittimus
1210 2159 1227 2198 a
1247 2139 1318 2200 Deo

173 2225 296 2295 petere:
324 2213 410 2294 ¹quod
435 2212 492 2274 nisi
514 2233 629 2274 morem
652 2215 792 2276 stultitiae
817 2229 935 2276 nostrae
982 2228 1059 2292 erat,
1088 2215 1225 2276 adversus
1250 2235 1320 2275 eum

179 2291 339 2352 tremimus.
356 2289 500 2361 »Christus
520 2311 594 2372 ergo
615 2304 683 2354 vota
703 2305 804 2358 nostra
824 2293 942 2353 subiicit
987 2292 1015 2352 ei
1035 2291 1171 2366 arbitrio,
1189 2313 1229 2352 ne
1272 2291 1318 2352 lus

178 2367 267 2430 nobis
286 2367 428 2450 largiatur
448 2387 534 2446 quarn
553 2367 627 2428 utile
645 2389 707 2432 esse
718 2365 843 2430 noverit.
876 2371 977 2443 Quare
991 2391 1028 2430 ne
1040 2381 1184 2450 putemus,
1204 2313 1318 2428 uniam

177 2441 223 2505 itti
250 2463 312 2506 esse
336 2444 434 2506 nostri
458 2465 574 2521 curam,
606 2447 721 2524 quoties
746 2447 853 2507 nostris
878 2446 1028 2510 desideriis
1053 2466 1115 2505 non
1140 2447 1317 2526 respondet:

176 2521 248 2604 quia
274 2541 365 2602 penes
387 2520 484 2601 ipsum
505 2534 550 2582 est
568 2519 749 2597 discernere,
781 2523 958 2604 quidnobis
979 2523 1121 2602 expediat.
1159 2522 1223 2582 Iam
1243 2543 1317 2582 vero

178 2599 246 2680 quia
266 2597 350 2660 coeci
368 2609 436 2660 sunt
455 2617 556 2658 omncs
575 2601 670 2662 nostri
690 2600 824 2675 allectus,
843 2599 944 2682 regula
966 2599 1071 2661 orandi
1093 2620 1127 2658 ex
1147 2599 1241 2659 verbo
1254 2599 1316 2658 Dei

179 2677 309 2757 petenda
336 2687 393 2735 est:
423 2695 520 2754 neque
547 2675 625 2734 enirn
649 2678 768 2736 adrem
787 2689 897 2736 tantam
918 2675 1125 2737 aestimandam
1145 2676 1246 2736 idonei
1266 2697 1316 2735 su-

88 2799 97 2818 ,
177 2775 252 2814 mus.
295 2755 378 2833 Ergo
405 2751 536 2831 quisquis
556 2773 622 2812 cum
643 2754 781 2812 exorandi
802 2753 907 2812 fiducia
927 2755 1068 2812 accedere
1085 2753 1125 2811 ad
1144 2751 1243 2816 Deum
1261 2775 1316 2812 cu-

177 2831 239 2910 pit,
273 2830 391 2888 lrenara
417 2848 471 2888 cor
494 2849 576 2887 suum
597 2819 705 2905 discati
734 2849 772 2888 ne
793 2829 863 2908 quid
883 2841 966 2910 petat
983 2829 1039 2888 nisi
1058 2850 1092 2888 er
1111 2829 1188 2888 illius
1208 2828 1317 2890 vblnn-

177 2919 261 2980 tate,
280 2904 365 2964 sicuti
385 2903 526 2962 admonet
544 2904 670 2966 Iacobus
691 2925 738 2984 ep.
756 2925 825 2966 snae
846 2927 909 2986 cap.
929 2915 959 2980 d,
977 2913 1006 2972 3.
1045 2904 1138 2966 Lucas
1159 2927 1213 2985 pro
1233 2903 1317 2966 donis

176 2983 210 3044 in
235 2992 365 3041 extremo
391 2980 525 3038 membro
550 2981 637 3059 ponit
660 2981 803 3056 Spiritum
825 2999 971 3060 sanctum,
1003 3003 1065 3042 non
1085 2982 1240 3042 excludens
1259 2983 1315 3042 alia

178 3057 334 3131 beneficia,
352 3056 404 3115 sed
425 3056 494 3134 quid
515 3056 672 3138 praecipue
714 3061 852 3121 etendum
871 3059 908 3120 sit
919 3059 1087 3134 ostendens,
1106 3079 1223 3138 semper
1234 3061 1312 3120 enirn

159 3133 251 3196 ¹illud
276 3134 307 3192 in
330 3131 503 3192 memoriam
526 3131 624 3195 subire
651 3079 757 3212 delet,
788 3137 930 3214 Quaerite
955 3136 1081 3217 primum
1101 3155 1226 3216 regnum
1245 3137 1315 3212 Dei,

178 3223 211 3272 et
234 3209 288 3270 alia
312 3207 436 3270 subinde
461 3211 611 3271 accedent
656 3212 764 3286 Quare'
783 3215 858 3275 tilios
884 3212 958 3288 Dei,
989 3225 1021 3271 ut
1044 3233 1075 3271 se
1101 3214 1137 3272 ad
1163 3213 1220 3272 rite
1244 3235 1312 3292 pre-

90 3338 94 3346 ,
178 3287 304 3348 candum
334 3299 521 3366 consparent,
558 3299 711 3350 terrestres
740 3291 864 3352 allectus
889 3311 1009 3363 exurere,
1040 3300 1071 3348 et
1095 3289 1131 3348 ad
1157 3289 1314 3380 spiritualis
1373 3351 1376 3363 ,

177 3365 254 3428 uitae
278 3363 498 3422 meditationem
525 3367 724 3446 conscendere
751 3379 879 3450 oportet.
925 3366 974 3426 Sic
1001 3366 1068 3441 liet,
1098 3377 1132 3424 ut
1150 3371 1260 3426 unctum
1280 3391 1315 3428 ac

176 3441 312 3505 vestitum
326 3439 528 3530 posthabeant
547 3442 715 3522 adoptionis
734 3467 803 3508 suae
823 3443 925 3507 arrhae
946 3465 978 3503 ac
1000 3443 1134 3532 pignori:
1158 3443 1242 3502 Dens
1261 3467 1314 3504 au.

112 3555 116 3563 ·
177 3532 253 3610 tem,
283 3516 334 3578 uba
359 3531 417 3578 tarn
442 3521 603 3598 pretiosum
628 3521 796 3584 thesaurum
817 3520 947 3596 dederit,
974 3541 1095 3578 minime
1115 3520 1239 3602 negabit
1258 3521 1313 3582 alia

253 3673 324 3734 Luc.
351 3678 378 3737 ὁ.
420 3671 493 3755 (luis
516 3689 638 3735 namnum
660 3672 771 3736 ladobd
788 3678 926 3736 amicum.-
959 3673 1047 3756 Apud
1065 3675 1175 3734 Lucam
1197 3675 1314 3734 additur

98 3776 102 3790 ·
176 3753 249 3814 baec
268 3749 440 3824 similitudo,
461 3751 540 3812 cuius
561 3771 622 3811 non
642 3755 776 3814 meminit
795 3753 969 3812 Matthaeus.
1001 3753 1122 3810 Summa
1142 3762 1240 3810 antem
1260 3765 1314 3827 est,

162 3851 238 3890 ‘non
266 3851 327 3892 esse
348 3849 400 3887 cur
419 3829 521 3891 animis
541 3829 678 3891 fatiscant
697 3831 813 3903 fideles,
844 3830 867 3889 si
888 3851 950 3888 non
969 3829 1064 3888 statim
1085 3827 1239 3908 potiantur
1257 3831 1313 3888 suis

177 3907 270 3983 votis,
289 3905 336 3968 vel
356 3905 381 3964 si
400 3907 557 3986 impetratu
576 3907 709 3968 videatur
730 3929 791 3968 esse
812 3905 932 3966 difficile
953 3906 1032 3986 quod
1053 3903 1219 3986 postulant:
1246 3928 1312 3966 nam

176 3987 201 4048 si
219 3985 297 4044 inter
317 3983 451 4044 homines
470 3985 596 4066 rogandi
616 3984 822 4066 importunitas
843 3993 1007 4060 extorquet,
1029 3982 1110 4060 quod
1129 3993 1238 4060 sponte
1250 4005 1311 4042 non

176 4074 252 4123 esset
272 4061 334 4139 quis
355 4057 493 4136 tacturus,
512 4083 575 4122 non
595 4063 739 4142 estquod
759 4059 933 4133 dubitemus,
954 4057 1132 4120 exorabilem
1149 4057 1237 4118 nobis
1250 4060 1311 4120 lore

173 4139 285 4210 neum,
303 4138 328 4197 si
347 4152 516 4200 constanter
535 4139 648 4200 orando
668 4152 841 4222 perstemus,
861 4127 916 4198 tfcc
937 4135 1026 4198 animi
1046 4135 1139 4196 nostri
1159 4136 1206 4198 vel
1228 4159 1308 4198 mora

176 4215 222 4276 vel
242 4213 414 4276 difficultate
434 4218 626 4286 flaccescant'
