2778 4838
363 227 552 306 (teu-tan.
590 223 712 288 loannis
731 219 983 312 baptlstas'uex)
1204 236 1245 300 es
1333 189 1339 213 l

78 375 139 440 iaur'
158 375 220 438 illis
260 375 431 440 raehuerats
464 379 622 442 ultronei
644 401 692 442 sos
713 379 967 460 obstupefaciant,
995 373 1037 444 'rae
1057 379 1128 462 quid
1147 384 1244 463 perci-

78 457 174 592 piant.
214 395 290 514 Ideo
311 467 379 545 apte
399 457 579 546 plagustiuus
600 401 687 517 iidem
707 469 811 538 aperto
831 457 904 519 rasis
925 457 972 518 ori
991 469 1156 538 comparat:
1175 459 1244 520 iuh-

100 531 234 591 elrtateur
255 550 328 590 vero
349 531 420 592 dreit
440 533 582 612 operculo
603 533 726 594 similem
748 555 826 609 esse,
855 553 915 614 quo
935 555 985 596 vas
1005 535 1181 612 obstruitur,
1206 557 1246 596 ne

78 609 210 668 inlusum
231 607 370 668 divinitus
395 609 540 688 liquorem
566 610 707 670 admittat.
753 611 793 670 lit
817 631 887 670 saue
913 611 953 692 iu
978 631 1025 673 res
1044 611 1146 671 hahet:
1176 633 1247 674 uam

79 684 244 759 Dominus,
259 681 312 744 ubi
331 684 469 746 virtutem
488 705 569 746 snam
588 686 669 746 ridet
688 707 705 746 a
724 685 812 746 uobis
832 687 894 747 uod
914 686 1020 768 recipi,
1040 689 1158 748 tandem
1179 709 1245 748 earu

76 761 219 822 subducit
242 769 274 820 et
297 770 396 820 tamen
422 763 536 824 interea
560 782 618 823 con
641 762 786 836 uerimur,
818 763 880 824 eins
907 783 995 844 opem
1021 763 1108 824 nohis
1132 765 1247 841 deesse,

119 859 167 898 am
193 847 297 897 nostra
322 837 510 900 incredulitas
534 783 640 919 procul
665 849 746 900 arcet
770 860 804 900 ac
823 835 952 920 repellit.
996 841 1112 900 lllarcus
1131 861 1246 924 negans
1361 894 1366 910 ,

77 858 232 974 bleisum
252 915 400 994 putuisse,
420 935 522 976 eorum
544 913 659 995 culpam
679 914 846 996 amplificat,
866 937 881 976 a
903 915 1008 996 quibus
1028 917 1066 976 im
1090 917 1167 978 edita
1188 917 1246 978 snit

77 992 140 1052 eiras
159 989 288 1050 bouitas.
327 989 403 1050 Nam
424 1001 504 1052 certe
524 990 684 1066 inereduli,
714 993 906 1072 quantumin
926 1014 957 1054 se
978 1005 1036 1067 est,
1061 938 1120 1054 llei
1139 1015 1244 1062 manns

76 1087 127 1128 sua
148 1065 335 1127 coutumacia
357 1068 577 1150 coustringunt:
610 1089 672 1128 nou
692 1070 772 1148 quod
791 1068 873 1130 Deus
894 1069 976 1149 qnasi
995 1070 1121 1130 inferior
1139 1069 1242 1130 vinca-

76 1155 134 1219 tur,
153 1141 208 1204 sed
229 1143 297 1224 quia
317 1142 359 1202 illi
379 1165 440 1203 nou
462 1144 636 1279 qermittuut
654 1144 791 1204 virtutem
811 1168 892 1206 suam
906 1147 1032 1224 exsequi.
1069 1147 1242 1208 Notandum

76 1231 176 1280 tamen
198 1219 344 1300 estquod
368 1221 450 1280 addit
486 1221 601 1294 larena,
629 1232 746 1282 sanatos
772 1221 961 1282 nihilomiuus
986 1221 1074 1283 luisse
1099 1222 1244 1302 quosdam

79 1296 229 1356 infirmos:
261 1317 329 1356 narn
350 1297 419 1358 hine
440 1295 620 1378 colligimus,
641 1295 753 1358 Christi
772 1295 936 1357 bonitatem
957 1310 1082 1358 certasse
1101 1319 1168 1358 cum
1188 1319 1245 1360 eo·-

76 1395 141 1432 rum
161 1372 291 1448 malitia,
315 1384 350 1432 ut
372 1393 460 1453 snpra
479 1371 631 1443 obstacula
651 1384 827 1455 emergeret.
865 1373 948 1434 Idem
967 1374 998 1433 in
1017 1374 1085 1434 Deo
1107 1373 1244 1453 quotidie

78 1449 262 1530 experimur:
301 1449 357 1510 etsi
377 1450 456 1510 enim
474 1450 639 1529 potentiam
658 1472 754 1524 suam,
785 1449 853 1530 quia
872 1449 915 1508 illi
935 1450 1028 1510 aditus
1049 1451 1085 1510 ad
1104 1471 1159 1510 uos
1179 1471 1243 1510 uon

76 1537 175 1607 patet,
195 1527 270 1586 iuste
290 1526 457 1586 necessario
477 1526 644 1607 restringit,
663 1526 794 1588 videmus
815 1537 925 1598 tamen,
944 1539 977 1586 ut
995 1527 1071 1587 viam
1090 1527 1244 1606 periuria

75 1603 132 1664 sibi
153 1601 265 1662 iaciens
284 1602 371 1663 nobis
391 1601 568 1662 benefacere
579 1623 641 1662 uon
653 1603 774 1664 desinat.
797 1601 1038 1678 Mirabilislucta,
1059 1603 1139 1684 quod
1151 1623 1242 1682 quum

76 1679 173 1740 modis
194 1678 331 1740 omnihus
351 1679 520 1770 opprimere
540 1699 683 1740 conemur
701 1679 761 1738 Dei
780 1679 918 1761 gratiam,
948 1699 986 1738 ue
1014 1681 1050 1740 ad
1073 1699 1127 1740 uos
1146 1700 1179 1740 us
1201 1699 1242 1740 ue

76 1755 248 1836 perveniat,
276 1755 327 1816 illa
346 1767 445 1816 tamen
465 1755 569 1817 victrix
588 1756 769 1837 perrumpit,
794 1767 826 1818 et
849 1755 932 1836 quasi
949 1755 1038 1818 uobis
1056 1755 1190 1819 invitise
1225 1789 1242 1804 ·

78 1833 191 1894 cariam
209 1853 293 1893 suam
312 1831 437 1894 obtinet.

159 2098 268 2180 (129.)
308 2099 480 2165 ΜΑΤΤΗ.
508 2099 593 2165 XIV.
643 2099 672 2164 l.
700 2100 737 2166 ln
764 2098 823 2166 illo
849 2109 996 2188 tempore
1024 2101 1147 2186 audivit
1172 2097 1241 2164 lle·

74 2201 176 2270 rudes
203 2202 362 2269 tetrarcha
390 2203 503 2268 lamam
528 2203 610 2270 lesu
662 2205 695 2269 2.
723 2203 766 2269 Et
794 2203 874 2268 dixit
901 2201 1029 2270 famulis
1050 2206 1135 2282 suis,
1175 2203 1240 2268 Hic

75 2291 465 2498 pqqlllpaiplueipl‘oliaptista,
491 2309 561 2393 ipse
581 2307 718 2372 surrexit
739 2325 757 2369 a
778 2309 926 2388 mortun,
953 2318 986 2373 et
1006 2305 1085 2374 idco
1105 2307 1240 2372 virtutes

158 2571 294 2636 MARG.
326 2569 381 2636 vt.
436 2569 487 2635 ll
521 2567 565 2633 Et
594 2565 717 2633 audivit
749 2590 808 2635 rex
839 2567 991 2635 Herodes
1032 2567 1241 2648 (innotuerat

75 2677 160 2742 euim
182 2693 304 2740 nomeu
325 2675 419 2754 eius),
439 2673 591 2759 dixitque,
611 2670 756 2749 loannes,
778 2675 834 2758 qui
846 2669 1043 2758 baptizabat,
1063 2669 1241 2734 resurrexit

75 2801 94 2843 a
115 2777 265 2853 mortuis,
296 2785 329 2842 et
349 2786 525 2863 propterea
546 2775 681 2839 virtutes
702 2784 800 2860 agunt
821 2779 855 2841 iu
876 2774 945 2841 illo.
986 2774 1036 2838 to.
1064 2768 1130 2836 Alii
1152 2771 1240 2837 dice-

74 2879 169 2960 baut,
188 2879 279 2946 Elias
300 2889 361 2944 est:
385 2877 439 2942 alii
461 2897 548 2942 vero·
563 2875 724 2956 dicebaut,
743 2875 906 2964 Propheta
929 2885 991 2954 est,
1009 2873 1064 2942 rel
1084 2885 1239 2962 tauquam

73 3005 158 3052 uuus
181 3003 223 3048 ex
243 2981 424 3069 Prophetis.
476 2981 527 3046 16.
565 2979 674 3068 Quum
698 2979 841 3048 audisset
862 2990 966 3045 nutem
988 2975 1154 3057 Herodes,
1186 2980 1240 3058 nit,
1336 2959 1341 2986 ¹

73 3077 142 3156 cdi
163 3107 227 3173 ego
248 3085 394 3173 praecidi
413 3094 521 3173 caput,
543 3083 682 3152 loannes
703 3086 764 3152 istc
787 3093 844 3165 est,
864 3087 1046 3150 issurrexit
1063 3085 1237 3148 amortuis.

157 3241 263 3313 LUC.
288 3247 342 3311 tx.
398 3247 427 3311 7.
461 3243 594 3311 Audiuit
622 3251 728 3309 autern
754 3243 906 3310 Herodes
936 3243 1095 3310 tetrarcha
1121 3244 1239 3322 omnia,

73 3372 160 3440 quae
182 3348 307 3418 liehaut
328 3347 369 3416 ah
391 3370 448 3430 en,
490 3359 523 3414 et
543 3345 736 3427 haesitabat,
771 3367 812 3413 eo
834 3347 923 3436 quod
946 3349 1109 3414 diceretur
1129 3369 1148 3412 a
1169 3347 1240 3433 qui-

72 3453 227 3533 busdam,
259 3451 350 3540 quod
377 3452 517 3518 loannes
545 3452 735 3518 surrexisset
761 3471 780 3514 a
806 3452 957 3518 monuiss
998 3451 1030 3514 8.
1058 3445 1243 3534 Aquihus·

73 3559 148 3624 dam
169 3575 266 3633 vero,
285 3553 376 3643 quod
396 3552 487 3619 Elias
510 3557 724 3641 apparuisset:
754 3551 797 3618 ab
818 3551 889 3617 aliis
911 3560 1030 3630 antem,
1051 3549 1141 3637 quod
1163 3549 1242 3613 Pro·

73 3660 176 3748 pheta
202 3661 361 3747 quispiam
389 3680 428 3724 ex
455 3661 594 3745 antiquis
627 3659 823 3724 surrexisset.
865 3658 896 3722 9.
924 3655 967 3720 Et
999 3656 1043 3718 ait
1078 3647 1240 3728 Herodes,

71 3765 227 3831 loannem
251 3781 313 3850 ogo
335 3759 514 3839 decollavi,
541 3764 613 3848 qnia
635 3770 684 3827 est
702 3771 808 3826 autem
828 3761 904 3839 iste,
935 3755 978 3824 de
999 3777 1066 3842 quo
1086 3749 1164 3820 talia
1184 3773 1240 3818 au-

73 3867 152 3935 dio?
194 3867 237 3932 Et
258 3862 438 3954 quaerebat
455 3863 568 3932 videre
590 3885 672 3934 cum.

150 4047 220 4111 Hoc
239 4047 310 4108 iden
327 4043 690 4128 referuutEraugelistae,
709 4043 885 4118 utsciamus,
904 4038 1023 4102 celebre
1034 4032 1241 4174 passimluisse

77 4123 193 4187 Christi
213 4123 524 4198 uomeu,ut1udaeos
543 4123 712 4206 ignorantia
731 4121 851 4182 minime
873 4127 996 4179 excuset.
1062 4124 1142 4174 osset
1161 4113 1241 4204 enim

72 4201 134 4263 alio
179 4201 187 4216 '
228 4201 390 4262 multorum
407 4199 557 4260 mentibus
577 4197 724 4280 obrepere
744 4197 816 4258 haec
827 4187 984 4268 dubitatio,
1004 4189 1059 4282 qui·
1070 4183 1177 4251 lactum
1191 4201 1241 4265 snt,

73 4291 109 4338 ut
122 4221 247 4340 ffito
264 4277 297 4337 iu
315 4275 401 4339 terris
421 4288 528 4370 agente
548 4275 656 4337 Iudaea
675 4293 778 4336 secure
799 4269 953 4363 quisperit,
972 4267 1081 4359 aesipu
1101 4287 1138 4328 an
1181 4265 1242 4326 lum

74 4355 208 4436 aliquem
232 4365 363 4416 retrusus
387 4353 514 4416 diurnam
537 4373 619 4416 snam
643 4352 783 4418 sinonem
806 4347 894 4415 nullas
918 4345 1115 4428 patefecisset.
1183 4359 1243 4402 unc

91 4455 593 4508 commurmuratus
1019 4427 1042 4489 ὅ
