2766 4834
722 121 730 148 i

198 255 238 320 tt
346 251 362 294 ‘·
377 245 531 312 SECTIO
552 247 608 312 111
648 246 725 310 Isso
745 255 898 310 nsrsnns
918 257 962 304 nr
982 241 1154 306 manners,

201 407 332 474 minima
357 377 506 472 cs‘intcr
530 405 694 492 principes
721 400 816 468 ludas
848 423 886 468 ex
912 403 1059 492 tapnim
1089 396 1234 488 prodibit
1260 399 1353 475 dux,

202 511 258 598 qui
279 517 388 596 pascet
409 503 566 600 populum
586 525 694 570 merrus
716 502 874 616 lsraelem.
901 529 924 578 g
1199 597 1212 626 ο

279 722 307 781 1.
334 715 430 799 Quum
444 725 530 772 notras
538 725 608 772 esset
622 709 715 772 lesus.
745 711 813 785 Qua
825 708 981 774 occasione
992 716 1077 767 natus
1094 707 1183 767 suerit
1200 706 1352 768 Christus

203 793 235 864 in
254 792 443 863 Bethlehem,
468 799 547 848 tacet
566 788 739 849 Matthaeus.
779 786 904 846 Videtur
923 795 1020 844 autern
1040 783 1166 868 Spiritus
1185 784 1261 858 Dei,
1287 786 1351 864 qui

203 867 406 950 Evangelistas
431 864 488 926 sibi
513 866 544 924 in
569 865 679 924 scribas
704 863 915 936 destinaverat,
945 859 1080 922 consulto
1107 881 1209 920 eorum
1228 861 1351 942 stylum

203 945 245 1004 ita
264 963 326 1004 csse
345 942 523 1016 moderatus,
542 952 576 1001 ut
594 961 682 1000 unam
702 953 732 1002 et
751 941 873 1000 eandem
885 937 1037 999 historiam
1050 937 1165 1028 optimo
1177 959 1349 1012 consensu,

205 1021 325 1082 dirersis
344 1032 443 1079 tamen
463 1018 574 1093 modis,
605 1039 708 1079 ornnes
727 1017 904 1077 scriberent:
934 1035 994 1106 quo
1015 1026 1124 1074 certior
1144 1026 1175 1074 et
1192 1013 1351 1076 illustrior

205 1107 284 1158 esset
300 1097 360 1157 Dei
379 1096 500 1168 veritas,
521 1115 610 1175 quum
651 1093 724 1154 alam
745 1105 904 1166 constaret,
924 1111 984 1151 erus
1004 1101 1101 1150 testes.
1114 1109 1176 1149 non
1191 1111 1231 1150 ,ex
1250 1113 1346 1151 eom-

203 1173 303 1254 posito
322 1173 461 1253 loquutos
481 1191 560 1247 esse,
588 1115 648 1231 sed
660 1165 813 1250 'quemque
830 1188 978 1243 seorsum,
1006 1187 1068 1226 non
1093 1167 1194 1228 habito
1214 1167 1346 1228 alterius

202 1261 356 1330 respectu,
386 1247 557 1329 simpliciter
581 1268 615 1308 ac
641 1245 735 1308 libere
753 1245 917 1326 scripsisse,
948 1243 1029 1325 quod
1047 1243 1176 1322 Spiritus
1195 1242 1347 1304 dictabat.

201 1327 301 1388 Porro
324 1324 523 1386 memorabilis
547 1324 593 1388 hic
620 1335 755 1384 narratur
778 1321 915 1396 historia,
946 1320 1026 1401 quod
1050 1318 1133 1380 Deus
1157 1341 1268 1402 magos
1303 1342 1346 1381 ex

206 1400 355 1463 Chaldaea
375 1400 519 1478 asciverit,
538 1401 588 1480 qui
608 1399 750 1462 adorandi
760 1397 871 1460 Christi
891 1419 975 1460 eausa
988 1397 1018 1467 in
1030 1397 1167 1456 Iudaeam
1187 1397 1348 1474 venirent,

203 1478 256 1538 ubi
286 1477 431 1562 inglorius
461 1489 491 1537 et
522 1487 710 1557 contemptus
737 1477 769 1536 in
795 1475 915 1536 stabulo
927 1471 1059 1534 iacebat.
1103 1472 1238 1533 Mirabile
1262 1495 1345 1536 sane

201 1552 262 1618 Dei
282 1555 436 1620 consilium
471 1553 552 1632 quod
571 1553 657 1612 Filius
697 1573 780 1612 suum
799 1553 880 1612 Deus
896 1549 955 1613 sub
975 1549 1099 1610 obscura
1120 1549 1284 1610 bumilitate
1304 1552 1344 1611 in

202 1632 343 1694 mundum
368 1651 423 1712 pro
448 1629 621 1690 'e.voluit:
654 1575 805 1689 abumari
831 1649 898 1688 erun
922 1639 982 1688 tam
1002 1625 1142 1686 encomiis
1163 1645 1250 1704 quam
1271 1628 1344 1689 aliis

204 1706 368 1843 insignibus
388 1704 542 1785 splendide
562 1705 694 1780 ornavit,
719 1725 758 1764 ne
777 1704 848 1784 quid
867 1705 904 1764 ad
923 1704 1052 1764 (lisinam
1072 1701 1132 1762 eius
1151 1702 1344 1766 nsaiestatem

202 1803 258 1863 pro
283 1783 387 1842 andam
406 1781 476 1842 fidei
494 1792 612 1842 nostrae
633 1781 755 1841 deesset
796 1779 953 1842 Concinna
976 1791 1076 1839 tamen
1101 1778 1132 1838 in
1158 1778 1213 1840 hac
1231 1782 1341 1860 specie

106 1873 108 1880 ’
203 1879 278 1940 repu
339 1858 418 1917 ntiae
444 1856 595 1918 harmonia
621 1857 751 1918 notanda
775 1869 829 1918 est.
866 1857 996 1917 Stellae
1023 1854 1108 1916 coelo
1127 1855 1242 1992 Repeto
1269 1877 1341 1918 esse

203 1954 274 2028 prae
297 1936 363 2008 ἰιι
383 1932 464 1998 cuius
483 1932 590 1994 solium
609 1945 653 1994 est
672 1953 814 2014 pecorum
854 1953 985 2013 raesepe,
1024 1931 1341 1994 uialocusrlisetiarn

201 2023 281 2072 anter
298 2009 434 2103 plebeios
452 2009 586 2070 honrines
605 2021 738 2093 negatur.
776 2011 812 2072 ln
825 1955 949 2070 Qriente
968 1955 1098 2090 roingo
1116 2007 1176 2070 eius
1187 2009 1342 2086 maiestas,

225 2109 279 2150 uae
299 2109 330 2146 ιιι
346 2087 454 2147 iudaea
473 2106 536 2146 non
556 2087 646 2146 modo
667 2085 747 2146 nulla
766 2099 898 2166 apparet,
917 2085 969 2146 sed
987 2084 1085 2145 multis
1105 2084 1192 2145 etia'm
1212 2086 1340 2165 probris

203 2109 324 2226 ioedata
344 2175 396 2224 est.
436 2161 588 2236 Quorsum
606 2161 655 2225 id?
675 2183 782 2243 nempe
800 2162 896 2223 voluit
914 2161 1048 2223 eoelestis
1060 2163 1150 2221 Pater
1167 2172 1199 2222 et
1216 2162 1341 2226 stellam

87 2291 91 2298 .
124 2261 130 2282 ι
203 2253 234 2302 et
252 2260 354 2324 magos
375 2237 555 2302 constituere
574 2238 660 2299 nobis
681 2239 783 2314 duces,
814 2238 864 2319 qui
888 2251 970 2300 recta
988 2258 1044 2299 nos
1064 2239 1101 2299 ad
1119 2237 1227 2298 Filium
1245 2261 1340 2302 snum

202 2318 391 2378 deducerent.
430 2315 492 2375 Sed
514 2315 633 2375 interim
658 2335 725 2376 euru
749 2316 870 2377 nudavit
899 2315 980 2376 omni
1008 2327 1128 2376 terreno
1159 2314 1342 2394 splendore,

202 2405 236 2454 ut
254 2394 403 2466 sciremus,
420 2391 569 2472 spirituale
590 2411 655 2454 esse
672 2393 733 2453 eius
752 2413 886 2474 regnum.
926 2393 1028 2466 Quare
1041 2411 1108 2450 nou
1129 2390 1197 2452 ideo
1216 2403 1339 2454 tantum

135 2467 138 2476 ’
201 2471 280 2532 utilis
300 2481 346 2532 est
363 2469 435 2529 baec
456 2468 590 2542 historia,
610 2470 691 2549 quod
710 2491 812 2552 magos
832 2470 928 2540 Deus,
947 2481 1085 2549 tanquam
1105 2467 1247 2528 Gentium
1268 2471 1339 2549 pri-

201 2547 297 2607 mitias
315 2547 393 2606 Filio
412 2565 466 2604 suo
486 2545 618 2606 adduxit:
648 2546 700 2606 sed
720 2547 807 2606 etiam
827 2546 893 2626 quia
913 2546 981 2605 Filii
1000 2545 1044 2604 sui
1069 2565 1192 2626 reguum
1211 2555 1273 2606 tam
1294 2547 1338 2606 il-

202 2623 300 2684 lorum
319 2643 407 2702 quarn
425 2620 526 2682 stellae
554 2622 653 2704 elogio
681 2622 824 2684 celebrari
848 2622 943 2682 voluit
965 2623 996 2681 in
1021 2620 1090 2681 lidei
1116 2627 1234 2682 nostrae
1255 2645 1337 2702 pro-

202 2701 327 2774 fectum,
357 2720 395 2758 ne
416 2697 483 2758 dum
503 2697 589 2758 nobis
609 2699 861 2780 contemptibilem
886 2719 990 2778 pravus
1015 2718 1049 2758 ac
1069 2697 1212 2780 malignus
1230 2701 1339 2780 gentis

202 2795 272 2836 suae
292 2776 447 2854 despectus
466 2773 612 2834 redderet.
650 2776 755 2858 Magos
775 2775 872 2835 Persis
891 2794 925 2834 ac
938 2774 1093 2836 Chaldaeis
1112 2775 1212 2834 vocari
1231 2788 1335 2838 astro-

202 2851 290 2934 logos
311 2861 342 2910 et
360 2849 554 2930 philosophos
574 2848 641 2910 satis
660 2863 764 2910 notum
785 2862 842 2911 est:
873 2850 952 2910 unde
971 2849 1064 2911 facilis
1084 2849 1253 2910 coniectura
1275 2865 1338 2928 est,

201 2947 236 2987 ex
257 2925 377 2988 Perside
402 2925 473 2984 istos
497 2925 620 2986 venisse.
658 2925 754 2986 l'orro
781 2938 855 3007 quot
873 2927 985 2986 fuerint
1006 2947 1144 3001 numero,
1176 2927 1335 3006 quianon

201 3003 337 3084 exprimit
354 2999 552 3082 Evangelista,
572 3001 685 3064 nescire
705 3015 844 3094 praestat,
864 3023 950 3082 quam
969 3014 1080 3062 temere
1100 3025 1154 3083 pro
1176 3015 1259 3064 certo
1282 3027 1335 3066 as-

201 3099 299 3138 serere
319 3077 401 3156 quod
419 3075 540 3136 dubium
559 3090 611 3138 est.
649 3078 792 3160 Paprstns,
811 3090 843 3138 ιιι
861 3091 921 3138 tres
931 3079 1089 3161 lingerent,
1129 3080 1227 3140 uerilis
1242 3103 1337 3142 error

202 3155 331 3230 induxit,
358 3153 426 3234 quia
445 3153 517 3214 dicit
535 3155 698 3216 Matthaeus
719 3177 770 3216 eos
791 3155 930 3216 obtulisse
951 3177 1066 3228 aurum,
1090 3099 1171 3234 ilius,
1198 3169 1228 3216 et
1246 3179 1335 3224 mvr-

201 3231 292 3290 rhanr.
315 3229 426 3306 *Quasi
443 3251 515 3290 vero
536 3231 671 3292 distinete
690 3233 811 3316 singulis
830 3232 982 3312 proprium
1001 3253 1105 3292 munus
1125 3227 1336 3317 assigrret,'ac

202 3329 264 3366 non
277 3308 383 3387 „potius
403 3327 436 3366 ex
459 3307 559 3382 riurei,
591 3308 663 3368 haee
682 3309 736 3368 tria
757 3309 952 3370 communiter
975 3309 1012 3368 ab
1033 3307 1088 3368 illis
1108 3308 1195 3370 luisse
1217 3309 1346 3372 obtata:

201 3381 342 3462 Quisquis
362 3383 413 3444 illc
432 3327 488 3442 ibit
506 3397 587 3444 vetus
607 3385 749 3465 scriptor,
780 3385 860 3446 cuius
886 3384 1110 3444 commentarius
1136 3385 1335 3466 imperfectus

201 3459 232 3518 iu
244 3460 423 3521 Matthaeum
442 3480 553 3520 nomen
569 3461 954 3542 Chrvsostonriinseriptum
975 3461 1073 3534 babet,
1093 3483 1127 3522 ac
1146 3463 1334 3543 interopera

202 3533 406 3618 Chrysostomi
426 3535 558 3612 habetur,
578 3529 648 3596 dicit
689 3532 888 3598 uatuord'eciur
909 3537 1004 3601 tuisse.
1036 3537 1126 3613 Quod
1147 3539 1239 3612 nihilo
1261 3539 1334 3620 plus

198 3611 291 3672 habet
310 3611 429 3686 coloris,
448 3613 502 3672 uisi
524 3613 601 3672 sorte
621 3636 655 3673 ex
667 3559 794 3673 latrum
812 3613 970 3674 traditione
982 3613 1106 3689 lluxerit,
1126 3615 1205 3694 quod
1225 3628 1332 3676 tamen

195 3689 206 3746 i
229 3711 291 3748 sum
311 3710 430 3769 quoque
449 3689 522 3749 nihil
542 3689 616 3748 lirrni
636 3689 733 3750 habet
760 3690 917 3764 Caeterum
933 3689 1002 3781 plus
1022 3711 1108 3781 quam
1126 3691 1242 3752 ridiculi
1255 3707 1332 3754 sunt

223 3765 348 3846 apistae,
379 3765 460 3844 quod
485 3787 570 3848 reges
594 3766 650 3826 sibi
671 3766 864 3840 fabricarunt,
891 3788 957 3858 quaa
977 3765 1046 3827 alibi
1076 3768 1168 3845 (l’sal.
1188 3775 1240 3843 72,
1260 3772 1331 3848 10.)

196 3841 377 3921 praedictum
396 3840 550 3922 legebant,
569 3855 708 3903 venturos
727 3863 759 3902 re
782 3863 812 3902 es
830 3843 928 3903 Tarsis
950 3855 980 3903 et
999 3843 1161 3903 lusularum
1182 3857 1212 3904 et
1233 3845 1331 3922 Saba,

195 3917 246 3994 qui
265 3938 385 3978 munero
405 3917 538 3976 Domino
558 3917 712 3978 offerrent.
752 3863 905 4002 lisgeniosi
925 3919 1048 3978 artifices
1068 3919 1189 3996 scilieet,
1209 3921 1270 4000 qui,
1291 3935 1331 3984 ut

195 4011 302 4052 noram
322 3992 489 4056 homiuibus
507 3993 632 4053 sormam
654 3995 766 4070 darent,
786 4016 802 4054 a
822 3995 922 4054 mundi
933 3995 1128 4055 conversione
1142 4017 1196 4056 coe
1220 4011 1325 4058 erunt:

145 4137 147 4142 Ι
195 4087 263 4126 nam
283 4088 317 4126 ex
336 4069 457 4130 meridie
477 4081 509 4128 et
527 4069 681 4130 occidente
701 4071 998 4132 sceeruutorientem.
1023 4071 1088 4132 Nec
1106 4093 1178 4132 vero
1198 4018 1327 4136 dubium

194 4154 252 4215 est,
284 4144 354 4234 quin
373 4145 447 4204 iusta
465 4144 526 4205 Dei
544 4145 671 4207 vindicta
690 4147 731 4208 sic
752 4147 948 4227 obstupefacti
972 4145 1098 4222 fuerint,
1128 4159 1162 4207 ut
1187 4150 1343 4215 omnium.

193 4216 321 4278 ludibrio
342 4231 456 4298 pateret
474 4243 568 4282 crassa
587 4242 689 4282 eorum
708 4223 837 4298 inscitia,
856 4221 961 4303 quibus
979 4223 1038 4282 Dei
1057 4223 1210 4285 veritatem
1234 4225 1323 4287 adul-

190 4305 287 4354 terare
307 4295 386 4354 etin
407 4297 589 4357 mendacium
608 4309 723 4359 vertere
743 4299 822 4360 nulla
846 4298 951 4380 religio
973 4299 1036 4358 suit.
1076 4299 1137 4360 Sed
1158 4302 1203 4362 hic
1224 4321 1320 4381 quae-

189 4365 423 4452 ritur¹prirnrim,
452 4392 491 4436 sn
509 4373 594 4438 atella
613 4374 685 4441 baec
703 4395 763 4440 una
786 4374 875 4440 luerit
899 4395 934 4437 ex
953 4395 1052 4438 eamus
1071 4397 1211 4454 numero,
1244 4401 1320 4462 quas
