2778 4838
382 201 484 280 (155³
503 199 608 262 lacubi
628 211 659 262 et
677 197 800 263 Ioannis
819 201 925 282 selus.)
1176 209 1233 272 151

76 374 135 421 uec
148 355 298 440 ‘sequitur
318 374 399 422 uos:
427 366 459 422 et
479 355 703 442 prohibuimus
724 355 831 442 illum,
858 367 1032 447 propterea
1051 358 1142 447 quod
1162 381 1230 428 nou

76 460 214 545 requitur
234 477 305 523 nos.
345 459 396 524 39.
416 461 506 526 lesus
528 471 633 526 eutem
655 463 707 539 ait,
727 462 779 528 Ne
800 462 1002 550 prohibeatis
1022 459 1139 528 illumz'
1159 463 1231 528 nul·

75 559 122 625 lus
147 563 232 627 enim
261 571 322 639 est,
349 564 419 649 qui,
444 566 473 628 si
498 567 646 630 virtutem
668 565 783 632 lecerit
802 569 836 632 in
856 571 989 634 nomine
1009 589 1100 646 meo,
1127 569 1229 652 possit

75 667 134 730 cito
160 663 244 729 male
266 663 357 751 loqui
380 667 502 732 deme.
543 667 594 734 au.
627 665 695 752 Qui
717 673 802 735 cuim
822 693 890 738 non
913 681 961 736 est
981 667 1135 735 adversus
1155 689 1228 747 nos,

74 789 130 854 pro
149 765 247 833 nobis
269 778 325 833 est.
366 770 405 834 X.
431 767 461 834 1.
482 767 524 834 Et
544 789 644 853 quem·
662 771 740 838 inde
761 773 957 854 surrexisset,
976 777 1066 840 veuit
1086 777 1120 838 in
1143 773 1228 838 fines

74 871 208 937 Iudaeae
229 891 289 958 per
308 875 490 958 regionem,
516 892 600 960 quae
633 886 681 940 est
708 885 795 942 trans
815 877 996 944 Iordanem.
1038 877 1081 942 Et
1109 895 1227 940 conve-

73 977 160 1040 niunt
183 996 313 1040 rursum
337 973 451 1041 turbae
479 974 522 1042 ad
546 974 652 1058 illum,
680 988 714 1045 et
736 979 821 1048 sicut
844 991 1074 1062 consueverat,
1100 999 1225 1046 rursum

73 1073 206 1142 docebat
228 1099 296 1144 eas.
483 1072 494 1110 ⁴

146 1235 251 1305 LUC.
276 1239 329 1304 lx.
377 1243 427 1307 t9.
460 1240 677 1328 Respondens
706 1254 811 1310 autem
837 1243 977 1312 loannes
1003 1245 1098 1326 dixit,
1129 1245 1226 1310 Prae-

70 1349 191 1426 ceptor,
217 1341 358 1422 vidimus
385 1345 547 1430 quendam
570 1367 675 1432 super
698 1347 830 1413 nomine
855 1357 913 1414 tuo
941 1349 1122 1416 elicientem
1150 1346 1227 1412 dae·

70 1448 188 1525 monia,
220 1455 255 1510 et
286 1445 510 1533 prohibuimus
537 1469 626 1527 euru,
659 1453 836 1536 quianon
868 1455 1014 1538 sequitur
1046 1449 1225 1518 nobiscum.

70 1547 115 1612 hl).
139 1549 181 1614 Et
208 1552 253 1615 ait
281 1549 325 1616 ad
350 1547 441 1616 illum
468 1549 572 1629 lesus,
597 1549 931 1639 Noliteprohiberez
962 1557 1019 1642 qui
1046 1557 1130 1620 enim
1156 1572 1225 1618 non

70 1661 114 1717 est
133 1651 304 1719 adversum
324 1675 394 1734 nos,
414 1673 480 1740 pro
496 1651 593 1719 nobis
615 1664 671 1722 est.
712 1656 764 1721 51.
785 1657 919 1726 Factum
941 1667 989 1722 est
1010 1669 1126 1736 autem,
1146 1653 1223 1720 dum

68 1755 304 1842 complerentur
325 1757 396 1824 dies
418 1759 643 1843 assumptionis
665 1755 750 1838 eins,
774 1764 897 1850 etipse
920 1743 1034 1827 faeiem
1055 1783 1142 1826 suam
1164 1755 1224 1823 ub·

67 1856 260 1939 firmaverat,
280 1871 316 1926 ut
335 1863 398 1925 iret
419 1859 697 1948 Hierosolymam..
730 1864 780 1928 52
811 1864 854 1930 Et
879 1865 963 1930 misit
989 1867 1120 1930 nuntios
1149 1870 1223 1926 aute

68 1975 272 2048 conspectum
304 1985 412 2041 suum,
446 1973 479 2028 et
503 1976 620 2030 euntes
645 1969 846 2032 intraverunt
872 1971 906 2033 in
934 1967 1088 2054 oppidum
1116 1963 1224 2030 Sama-

67 2065 254 2146 ritanorum,
274 2078 309 2132 ut
326 2076 482 2154 pararent
501 2067 567 2132 illi:
600 2071 649 2132 53.
670 2069 713 2134 Es
732 2091 801 2136 non
821 2083 1017 2159 receperunt
1038 2091 1126 2146 eum,
1147 2069 1224 2152 quia
1332 2123 1335 2126 .

66 2165 159 2234 facies
187 2173 259 2234 eius
286 2180 356 2232 erat
381 2171 487 2233 euntis
512 2170 784 2256 Hierosolymam.
842 2173 897 2238 54.
927 2173 1035 2258 Quum
1067 2171 1224 2234 vidissent
1268 2159 1279 2174 ⁸

67 2281 166 2336 autem
194 2269 347 2357 discipuli
374 2273 443 2335 eius
470 2270 609 2335 lacobus
636 2284 668 2337 et
694 2274 851 2353 loannes,
882 2273 1043 2351 dixerunt,
1070 2273 1222 2348 Domine,

67 2375 108 2437 vis
136 2374 296 2448 dicamus,
324 2383 360 2436 ut
386 2373 468 2456 ignis
495 2371 673 2437 descendat
701 2395 720 2438 c
747 2375 859 2454 coelo,
887 2387 919 2441 et
947 2385 1112 2442 consumat
1137 2371 1222 2449 illos,

66 2474 333 2560 quemadmodum
360 2485 392 2560 et
419 2472 508 2540 Elias
541 2475 639 2540 lecit?
686 2476 738 2542 55.
772 2473 959 2543 Conversus
991 2487 1096 2542 autem
1123 2477 1222 2552 Iesus,

64 2578 241 2668 increpavit
267 2575 358 2655 illos,
383 2575 513 2656 diceus,
536 2577 675 2643 Nescitis
701 2580 793 2644 cuius
813 2583 943 2668 spiritus
965 2585 1039 2644 estis
1059 2599 1127 2644 vos.
1169 2578 1220 2642 56.

66 2677 163 2749 Filius
186 2685 273 2749 eninr
296 2679 433 2747 hominis
453 2701 521 2747 uon
542 2685 632 2747 venit
652 2681 692 2746 ad
706 2682 891 2768 perdendas
910 2685 1029 2748 animas
1045 2681 1221 2757 hominum,
1289 2666 1292 2674 ¹

64 2785 119 2851 sed
138 2785 324 2854 servandas
364 2783 408 2850 Et
427 2783 577 2863 abierunt
596 2787 635 2850 in
651 2783 744 2851 aliud·
762 2784 937 2854 castellum.

363 2945 370 2964 ῃ
929 2931 933 2954 l

135 3003 227 3065 Marc.
246 3007 293 3070 38
337 2999 670 3080 Parasopiai-,vidimus
687 3001 838 3084 qimandam.
877 3004 954 3065 Hinc
975 3012 1112 3085 apparet,
1138 2999 1217 3062 cele·

64 3074 114 3138 bre
132 3080 188 3140 iam
208 3093 280 3141 tunc
300 3078 388 3140 fnisse
409 3078 519 3140 Christi
539 3100 660 3157 nomen,
678 3091 713 3140 ut
731 3101 768 3140 eo
788 3081 833 3142 usi
852 3081 920 3154 sint,
938 3083 946 3148 .'
962 3082 990 3140 ui
1008 3101 1073 3140 non
1088 3089 1172 3138 eraut
1185 3098 1239 3136 ex.

65 3151 250 3218 familiaribus
267 3156 328 3216 eius
340 3155 500 3248 discipulis,
519 3156 565 3218 vel
581 3157 659 3216 forte
672 3158 758 3218 etiam
770 3157 852 3218 abusi
861 3180 869 3218 z
889 3104 961 3218 nihi
976 3156 1052 3218 enim
1066 3176 1121 3236 pro
1135 3165 1218 3215 certo
1258 3225 1263 3238 „

64 3247 187 3294 asserere
208 3234 311 3294 ausim.
346 3233 426 3294 biert
445 3245 544 3313 potest
561 3244 596 3292 ut
614 3232 736 3308 hic,.de
757 3255 816 3313 quo
837 3235 870 3293 lit
888 3236 1011 3310 mentio,
1032 3232 1142 3295 Christi
1162 3231 1218 3289 do-

64 3307 181 3369 ctrinam
203 3310 351 3390 amplexus
371 3331 432 3370 nou
452 3311 529 3370 malo
550 3309 648 3369 animo
670 3309 706 3370 sd
726 3310 838 3372 edenda
849 3311 987 3372 miracula
1002 3331 1037 3371 se
1048 3308 1218 3380 contulerit,

64 3385 111 3442 sed
131 3388 196 3465 quia
217 3407 280 3447 non
299 3386 356 3445 nisi
374 3386 499 3446 selectos
514 3385 672 3467 Evangelii
690 3387 734 3446 sui
754 3407 916 3467 praecones
935 3389 989 3448 hac
1009 3385 1145 3446 facultate
1165 3405 1216 3442 or-

65 3460 307 3536 assecuturus,
331 3474 442 3523 temere
463 3462 500 3522 ah
520 3461 572 3521 illo
592 3473 759 3542 susceptum
778 3463 826 3523 vel
844 3465 947 3543 potius
962 3474 1109 3542 arreptum
1129 3460 1216 3518 luisse

64 3531 118 3595 boe
141 3559 244 3600 munus
270 3539 407 3600 arbitror.
458 3539 634 3618 Quanquam
660 3552 757 3598 autem
784 3554 975 3619 praepostere
1000 3539 1058 3598 hoe
1081 3534 1216 3608 tentavit,

65 3613 139 3686 quod
159 3615 319 3696 discipulos
338 3616 401 3676 siue
420 3615 559 3674 mandato
580 3613 687 3675 imitari
707 3635 791 3676 ausus
810 3628 864 3691 est,
883 3637 1016 3678 successu
1035 3625 1134 3673 tamen
1152 3629 1215 3667 non
1255 3609 1260 3626 ⁸
1282 3625 1288 3635 ¹

65 3689 152 3749 caruit
162 3691 292 3783 audacia,
313 3691 524 3782 quiaDomiuo
545 3690 655 3771 placuit
674 3692 732 3752 hoc
752 3712 871 3772 quoque
890 3693 981 3752 modu
1001 3709 1111 3750 nomeu
1131 3705 1216 3744 suum
1339 3697 1351 3720 “

65 3757 216 3828 illustrare:
238 3775 327 3828 srcartr'
344 3768 491 3827 interdum
533 3788 565 3826 er
578 3788 629 3827 eos
639 3780 788 3848 operatur,
809 3789 934 3848 quorum
948 3764 1139 3828 ministerium
1151 3780 1214 3819 uon

66 3843 168 3914 prohat
187 3845 269 3925 quasi
289 3843 460 3926 legitimum.
498 3789 546 3903 dd
564 3844 638 3904 haec
657 3844 734 3903 nihil
751 3844 859 3920 obstat,
879 3843 1034 3922 quominus
1051 3839 1107 3898 fide
1123 3837 1215 3917 parti-

66 3915 151 3977 culari
171 3922 313 4002 quispiam
334 3920 461 3982 imbutus
482 3941 603 3980 coecum
623 3921 764 4001 impetum
783 3941 812 3980 se
836 3933 932 3981 uatur:
961 3931 1048 3998 atque
1068 3915 1113 3974 ita
1128 3913 1217 4004 setad

66 3989 173 4056 edenda
183 3997 320 4058 miracula
331 3996 515 4079 praecipitet.
553 3997 651 4057 Venio
672 4019 750 4057 nunc
770 3943 966 4057 ad-loanneru
987 4006 1017 4054 et
1034 3992 1094 4052 eius
1110 4011 1217 4051 socios.

67 4063 221 4134 Hominem
241 4076 278 4135 ab
299 4073 419 4136 edendis
439 4071 584 4132 miraculis
604 4095 635 4132 se
653 4073 839 4153 prohibuisse
852 4073 961 4132 dicunt.
992 4061 1238 4159 Curnonprius‘

67 4146 218 4231 rogabant,
236 4151 341 4212 liceret
359 4149 473 4210 necue?
494 4169 573 4208 nunc
593 4151 671 4210 enim
690 4149 773 4211 dubii
792 4162 821 4210 et
839 4149 972 4238 suspensi
989 4169 1036 4208 ma
1059 4145 1121 4206 'tri
1139 4145 1217 4206 mdl-

68 4235 140 4280 t¹um
164 4229 326 4307 requirunt
365 4227 456 4286 Unde
479 4225 626 4304 sequitur,
649 4225 694 4286 ius
718 4225 897 4307 prohibendi
920 4225 1035 4286 intonsi
1056 4233 1136 4284 erate
1159 4219 1219 4282 sibi

67 4299 224 4378 sumpsisse.
259 4305 361 4382 Quare
379 4302 552 4364 temeritatis
572 4301 751 4364 damnandus
772 4314 826 4379 est,
845 4300 974 4390 quisquis
994 4302 1059 4384 plus
1078 4293 1217 4385 aggredi-

615 4444 625 4481 Ι

265 4515 271 4548 l

292 4643 304 4680 Ι
