2764 4846
341 249 872 330 ιιιιιοιι-ιιιιιιιιιιιιιιι.
921 343 923 348 ,
1106 251 1183 334 svis

55 427 287 518 ιιιοιιιιιιιιιιιι
314 424 404 512 apud
430 445 490 493 vos
515 423 642 492 fovebii
668 430 781 492 eorum
806 421 955 492 ιἰιιιιιιιι·
980 433 1044 492 ιιι
1051 425 1184 515 quidem

52 535 92 610 (ut
109 533 217 617 nupe'r
237 527 381 596 'te'stalus
402 529 488 607 sum)
516 527 577 594 ad
586 527 760 594 dicandum
785 521 881 594 vohis
901 521 1006 592 lianc
1004 503 1205 596 ιιιιιιιιιιιιι-Ι

52 631 149 696 horem
171 627 347 718 impulit'
365 619 429 693 Est
454 627 565 695 autem
587 615 832 696 dommentarias
859 632 908 694 in
915 629 1123 694 Harmoniam
1135 629 1184 700 dr

51 731 138 798 tribus
157 727 388 817 Evangelistis
409 729 605 798 conlextar'u
610 753 628 797 a
640 729 701 799 hro
721 734 843 798 summa
860 728 932 824 ilde
951 731 1090 816 purique
1110 717 1185 796 drli·

53 831 142 918 gestia
151 829 410 901 elabbra'tus:
400 850 434 896 ιιι
456 853 522 919 quo
543 833 657 915 tamen
672 843 875 921 quantopere
895 829 1097 910 audiverim,
1112 829 1185 897 lom

54 939 107 1020 gius
125 935 262 1001 relerre
282 931 368 1000 nihil
389 935 517 1014 attinet,
560 931 642 1023 qdid
664 936 744 1001 vero
773 933 910 1022 adeptus
931 935 1003 1012 sim,
1046 930 1185 998 aliorum

55 1035 295 1104 euuiudicium.
336 1034 506 1122 Ingenuus,
528 1033 655 1103 ductos
662 1044 695 1103 et
708 1035 860 1104 cordatos
872 1034 1013 1102 lectores
1026 1033 1185 1119 intelligo,

55 1159 120 1222 quos
137 1155 204 1204 nec
226 1127 394 1203 barbarus
415 1126 562 1203 discer'rdi
582 1133 730 1226 pudor
719 1136 869 1204 astudio
895 1135 1063 1222 proiectus
1077 1121 1186 1221 impe·
1297 1163 1299 1177 ·
1359 1165 1360 1172 1

55 1237 97 1315 dit,
115 1251 145 1304 et
167 1241 357 1308 eommunis
378 1235 498 1304 utilitas
519 1235 669 1306 delectat.
715 1239 797 1304 Nam
818 1243 998 1330 perversos
1012 1237 1185 1324 malignos-
1237 1275 1268 1330 '.

55 1359 106 1424 que
125 1337 318 1408 nebulones
362 1342 447 1420 (non
473 1312 573 1427 modo
601 1333 779 1404 cucullatos
805 1337 983 1404 monachos
1004 1336 1092 1416 dico,
1127 1340 1209 1427 qui¹

55 1461 114 1524 pru·
108 1417 250 1507 uuanda
266 1441 380 1528 Papae
401 1419 575 1557 tyrannide
598 1435 720 1504 bellum
741 1420 848 1540 paldm
868 1436 1057 1504 nobiscum
1053 1442 1186 1525 gerunt,

57 1538 103 1605 scd
120 1539 307 1627 degeneres
328 1541 433 1617 lucus,
454 1542 512 1628 qui
531 1517 638 1606 nohis
645 1535 805 1647 permixti,
825 1538 903 1606 dum
923 1539 1083 1624 tegendae
1105 1559 1186 1604 suae

57 1640 246 1724 ιςιιοιιιιιιιιιιι
271 1637 413 1706 latebras
434 1651 575 1728 captant,
597 1641 725 1706 omnem
744 1639 869 1707 'vellent
889 1638 1059 1708 doctrinae
1079 1638 1186 1706 lucem

60 1743 246 1822 emunctam)
290 1739 376 1808 nihil
407 1763 525 1808 moror.
590 1741 806 1827 Quantumvis
825 1743 926 1812 »enim
951 1751 1106 1830 proterve
1132 1761 1186 1806 me
1292 1792 1295 1800 ,

58 1839 207 1921 alienent,
239 1845 278 1910 in
306 1853 458 1930 promptu
475 1863 603 1929 semper
625 1845 684 1908 erit
706 1846 877 1930 exceptio,
902 1865 954 1908 me
978 1863 1091 1909 eorum
1111 1863 1186 1908 een-

59 1963 138 2010 surae
157 1965 275 2033 neque
297 1943 411 2008 divino
431 1961 539 2031 neque
561 1942 701 2010 humano
722 1946 795 2010 iure
817 1938 887 2010 e‘sse
909 1943 1099 2022 obnoxium,
1127 1945 1185 2029 qui

59 2061 113 2106 nou
130 2047 237 2112 miuus
252 2053 391 2129 propter
403 2041 618 2109 foedissimam
630 2046 786 2110 inscitiam
808 2044 922 2124 ferula,
942 2067 1037 2131 quam
1049 2054 1186 2130 propter
1263 2106 1267 2116 ,

61 2141 237 2212 obstinatam
263 2145 405 2212 malitiae
438 2157 470 2210 et
499 2145 720 2232 impudentiae
744 2145 901 2222 ¹duritiem
933 2144 1065 2231 flagello
1096 2143 1187 2230 digni

59 2255 128 2309 sunt
167 2247 257 2336 Sane
280 2257 317 2312 ut
339 2242 505 2310 Ecclesiae
515 2245 588 2341 Dei¹
603 2245 800 2332 prodessem,
820 2269 872 2314 me
894 2247 1029 2314 fidelem
1051 2265 1185 2332 operam

62 2343 187 2426 dedisse,
220 2337 296 2414 sine
324 2348 495 2412 iactantiae
527 2349 637 2433 specie
664 2347 815 2432 profiteri
845 2348 922 2413 mibi
949 2345 1070 2413 licebit
1118 2346 1186 2410 lam

61 2457 121 2510 aute
138 2447 312 2515 biennium
334 2440 455 2534 prodiit
466 2449 604 2515 loannes
625 2469 696 2511 curn
709 2469 781 2512 mea
793 2451 1069 2534 interpretatione,
1089 2467 1186 2532 quam

63 2565 117 2612 non
144 2549 245 2616 luisse
277 2545 426 2614 inutilem
459 2546 603 2613 conlido.
651 2547 706 2614 Sic
738 2569 816 2633 ergo
849 2561 1002 2634 tanquam
1031 2569 1116 2614 unus
1147 2569 1187 2614 ex

63 2654 268 2734 apparitorum
295 2669 432 2714 numero
461 2643 625 2713 Christum
651 2649 749 2732 regiis
775 2650 842 2714 suis
868 2646 1032 2736 quadrigis
1058 2656 1187 2712 vectum

64 2753 233 2836 magnifice,
260 2749 377 2838 quoad
399 2741 526 2814 larebat
546 2746 647 2812 virilis
667 2769 740 2812 mea
761 2745 911 2826 facultas,
943 2745 1111 2817 celebrare
1132 2767 1187 2814 cu·

63 2861 140 2917 natus
161 2875 251 2942 sum,
294 2873 359 2917 uec
388 2852 546 2936 ingenuos
573 2846 728 2926 lectores,
769 2847 827 2916 ubi
853 2870 926 2916 mea
955 2871 1056 2936 opera
1084 2848 1187 2916 adiuti
1281 2893 1286 2904 ·

64 2947 177 3031 luerint,
197 2955 297 3020 lateri
308 2950 440 3038 pigebit,
459 2947 567 3016 studio
589 2948 796 3036 respondisse
815 2949 923 3040 aliqua
944 2971 982 3018 ex
1003 2961 1095 3042 parte
1115 2973 1187 3018 ιιιι-

65 3070 180 3118 cessum
222 3050 453 3137 Evangelieam
481 3048 646 3116 historiam
668 3073 686 3116 a
708 3061 847 3139 quatuor
874 3052 1010 3148 testibus
1033 3053 1186 3120 divinitus

65 3151 205 3220 ordinatis
237 3151 402 3241 proditam
428 3149 592 3238 quadrigis
617 3172 684 3218 nou
712 3151 771 3217 abs
790 3174 1019 3246 recomparo,
1050 3156 1133 3240 quia·
1147 3174 1187 3219 ex

65 3261 127 3336 apta
144 3260 371 3342 muciuuaque
392 3254 454 3318 hac
474 3253 640 3338 harmonia
659 3253 789 3320 videtur
807 3254 959 3323 consulto
980 3254 1073 3322 Deus
1093 3255 1188 3340 quasi

66 3356 274 3444 triumphalem
303 3376 429 3423 currum
457 3351 543 3420 Filio
568 3373 628 3418 suo
650 3375 794 3442 parasse,
836 3354 924 3420 unda
951 3357 1010 3421 ιοιι
1038 3353 1185 3422 fidelium

67 3455 173 3540 populo
194 3460 392 3544 conspicuus
413 3464 579 3540 appareat,
606 3465 639 3518 et
658 3456 749 3520 cuius
770 3453 935 3523 celeritate
955 3468 1111 3522 terrarum
1134 3477 1185 3522 or·
1219 3505 1224 3520 .

68 3548 128 3620 bem
148 3560 329 3644 perlustret.
381 3557 454 3621 Nec
478 3575 558 3620 vero
584 3557 699 3620 inscite
725 3558 922 3641 Augustinus
950 3554 1036 3623 tubis
1065 3554 1187 3621 similes

68 3649 132 3724 iacit
155 3671 295 3748 quatuor
320 3654 556 3742 Evangelistas,
598 3677 731 3742 quarum
767 3655 900 3744 claugor
931 3679 1044 3724 omnes
1074 3656 1188 3724 muudi

70 3751 163 3840 plagas
183 3759 324 3846 impleat,
345 3770 380 3827 ut
401 3757 441 3824 ab
456 3755 602 3835 Oriente,
624 3754 762 3836 Occasu,
782 3757 934 3837 Meridie,
956 3757 1187 3843 septentrione

70 3853 236 3928 insacrum
265 3859 347 3925 fidei
377 3877 568 3930 consensum
602 3859 703 3924 accita
728 3857 875 3926 Ecclesia
907 3859 1058 3927 confluat.
1108 3858 1186 3946 Quo

72 3958 159 4025 ninus
177 3959 358 4029 tolerabilis
385 3971 433 4027 est
454 3957 574 4024 insulsa
596 3978 707 4024 eorum
736 3962 921 4038 euriositas,
962 3962 1019 4046 qui
1039 3959 1199 4041 coelesti-

71 4049 151 4121 bus
143 4065 208 4128 ratis
233 4063 417 4148 praeconiis
434 4081 511 4154 nou
539 4062 683 4130 conteuti
718 4061 846 4146 putidas
876 4079 977 4145 nugas
1009 4059 1188 4132 obtrudunt

73 4153 122 4220 snb
140 4159 307 4248 Evangelii
328 4164 473 4238 nomiae,
516 4183 598 4248 quae
625 4160 707 4226 nibil
734 4161 823 4232 aliud
850 4181 945 4248 quam
967 4161 1049 4229 fidei
1069 4168 1188 4252 purita-

75 4262 126 4320 ιιιι
146 4265 367 4341 contaminant,
388 4275 420 4329 et
434 4257 554 4327 Christi
575 4277 694 4334 nomeu
707 4273 873 4348 exponunt
893 4264 1062 4350 impiorum
1079 4268 1188 4331 saunis

77 4375 106 4422 ac
122 4355 268 4434 ludibrio.
309 4363 379 4431 Vos
401 4375 522 4442 autem,
563 4365 824 4450 praestantissimi
844 4364 917 4439 viri,
937 4364 1069 4462 quando
1093 4377 1125 4438 ol
1145 4364 1187 4440 ab
1225 4405 1226 4408 ¹

434 4681 440 4722 l
537 4663 539 4668 .
