2764 4854
110 288 120 303 .
156 239 213 301 llll
302 233 417 297 SECT.
438 234 502 294 llll.
543 247 674 293 cunrstu
696 245 922 294 nnsueuecnro
944 245 986 290 su
1006 210 1180 290 iscsusro.
1240 277 1242 286 r

157 387 213 448 sibi
222 386 415 488 praecidunt.
455 385 546 448 Certe
565 386 654 468 paulo
675 399 743 467 post
761 384 939 458 videbimus,
957 383 1064 446 lterum
1085 395 1116 443 et
1135 381 1229 444 tertio
1249 405 1319 465 prae
1375 451 1376 460 χ

159 465 353 526 admiratione
373 465 409 526 ad
428 485 526 526 suasa
552 463 688 523 itationes
708 463 795 522 luisse
815 460 957 542 relapsos.
1047 507 1051 514 .
1375 487 1376 528 1

234 548 282 608 36.
320 541 404 601 Stetit
426 539 510 602 lenes
530 483 595 617 ipse
616 543 649 598 tn
666 535 768 600 medio.
808 537 908 613 Quum
935 536 1059 598 eandem
1085 534 1242 596 historiam
1269 557 1320 596 co-

158 618 245 699 piose
275 629 375 678 narret
396 617 539 693 loannes,
569 617 598 676 in
621 615 794 696 quibusdam
820 614 1042 676 circumstantiis
1062 612 1172 672 variat:
1206 612 1320 673 Marcus

159 696 248 756 etiarn
258 694 346 777 paulo
359 692 445 768 aliter
454 693 635 785 perstringit
660 693 770 752 Verum
791 693 872 773 quod
883 692 920 751 ad
935 691 1079 750 Ioannem
1090 699 1219 768 spectat,
1235 709 1322 769 quum

160 783 274 832 tantum
294 770 425 854 colligat,
445 779 519 854 qnae
534 790 640 851 oupssa
652 769 796 829 fuerunta
811 769 901 841 Luca,
919 765 1013 827 facilis
1025 778 1070 826 est
1085 765 1143 856 utri
1160 841 1168 854 ·
1204 786 1242 828 ue
1252 786 1321 826 con-

161 848 282 909 ciliatio.
323 845 414 908 Certe
426 848 457 906 in
469 867 579 908 summa
599 846 645 906 rei
664 845 777 905 nullum
797 857 841 906 est
860 843 1021 918 dissidium,
1040 843 1096 902 nin
1115 863 1184 920 quus
1212 855 1279 902 orte
1289 843 1322 902 de

161 935 297 1004 ternpore
317 924 546 986 controversiam
565 933 692 983 moveat
707 917 717 931 ”
730 921 794 982 Illie
807 919 1008 983 enim-dicitur
1025 919 1176 1000 ingressus
1195 937 1260 978 csse
1278 920 1322 977 le-

162 1021 210 1060 sus
229 1012 299 1080 post
315 1021 482 1082 vesperam:
504 1021 538 1061 ex
555 1009 694 1061 contextu
712 1019 785 1059 vero
811 998 910 1058 Lucae
929 1008 1067 1077 apparet,
1091 994 1186 1054 multa
1207 997 1268 1054 iam
1287 995 1322 1054 de

161 1089 253 1138 noete
271 1099 287 1138 a
308 1077 451 1169 paruisse,
471 1099 560 1157 quum
579 1076 691 1137 scilieet
710 1095 744 1136 ex
763 1075 908 1136 Emaunte
927 1073 1038 1134 reversi
1057 1083 1159 1132 esseut
1178 1071 1322 1151 discipuli.

164 1153 226 1214 Sed
245 1097 316 1229 miii
336 1153 469 1234 praecise
487 1173 549 1216 non
567 1153 684 1214 videtur
693 1151 858 1234 urgendum
875 1170 937 1212 esse
946 1163 1062 1228 tempus
1073 1167 1234 1227 vesperae:
1254 1149 1322 1227 qnin

139 1267 143 1276 ·
163 1229 264 1310 potius
289 1231 370 1310 quod
389 1229 511 1307 dieitur,
536 1241 604 1312 apte
625 1241 655 1291 et
675 1229 830 1290 commode
850 1227 966 1290 mendi
985 1237 1086 1306 potest
1104 1245 1203 1303 nsque
1224 1225 1261 1286 ad
1279 1247 1324 1286 se-

164 1327 227 1368 ram
247 1319 377 1382 noctem,
396 1325 503 1388 nempe
524 1327 612 1388 prum
631 1316 701 1386 post
719 1323 868 1384 vesperam
888 1305 968 1364 fores
987 1301 1161 1363 clausissent
1175 1301 1324 1382 Apostoli,

164 1403 256 1463 seque
275 1384 392 1445 occulte
413 1384 493 1444 domi
509 1395 658 1456 tenerent,
677 1393 748 1442 tnnc
766 1381 882 1442 venisse
902 1381 937 1441 ad
957 1380 1038 1461 ipsos
1058 1376 1228 1438 Christum.
1264 1379 1324 1438 De-

165 1459 256 1540 nique
276 1479 338 1522 non
357 1461 484 1540 primum
503 1460 599 1520 noetis
619 1459 734 1519 initium
754 1459 891 1540 designat
907 1457 1051 1528 Ioannes,
1076 1455 1130 1515 sed
1150 1453 1325 1535 simpliciter

164 1533 311 1620 significat
329 1547 476 1600 transacto
497 1537 544 1596 die
564 1545 595 1596 et
614 1545 683 1618 post
700 1532 770 1595 solis
791 1555 941 1610 oceasum,
960 1533 1097 1612 adeoque
1117 1531 1202 1591 inter
1219 1531 1326 1592 medias

165 1613 263 1674 noctis
286 1611 424 1673 tenebras
443 1613 594 1674 Christum
618 1623 737 1694 praeter
760 1631 841 1691 spem
860 1610 975 1672 venisse
994 1609 1031 1670 ad
1050 1607 1224 1688 discipulos
1263 1608 1323 1668 Ali-

167 1689 246 1750 unde
265 1701 364 1750 tamen
385 1689 514 1750 nascitur
532 1689 681 1770 quaestio,
701 1688 768 1768 qnia
788 1687 905 1747 Marcus
925 1697 954 1747 et
972 1686 1067 1746 Lucas
1091 1685 1236 1745 undecim
1255 1707 1329 1746 con-

190 1779 306 1850 regatos
324 1765 414 1828 luisse
432 1777 608 1840 memorant,
627 1785 716 1846 quum
729 1764 784 1824 illis
796 1762 930 1824 Christus
942 1761 1090 1844 apparuit:
1111 1762 1327 1824 loannesvcro

166 1785 314 1902 g[hornam
333 1842 404 1902 dicit
422 1853 493 1902 tunc
513 1843 649 1902 abluisse.
686 1841 748 1902 Sed
767 1839 925 1901 absurdum
940 1861 1002 1900 non
1017 1849 1072 1913 est,
1092 1858 1151 1918 pro
1162 1837 1237 1918 ipsis
1245 1841 1324 1918 hpu-

166 1917 249 1976 stolis
273 1937 426 1977 numerum
451 1918 644 1978 undenarium
674 1917 764 1997 poni,
795 1917 924 1998 quamvis
952 1937 1027 1977 nnus
1046 1935 1064 1976 a
1085 1927 1179 1974 coetu
1205 1915 1326 1975 abesset

167 1993 272 2072 Nuper
290 2013 361 2055 vero
381 1992 518 2069 diximus,
537 2005 568 2054 ct
585 2014 633 2056 res
656 1993 718 2084 ipsa
739 1995 885 2070 ostendit,
908 1993 1054 2053 Ioannem
1074 1989 1171 2074 magis
1191 1992 1326 2054 distincte

167 2069 282 2151 singula
302 2070 479 2150 exprimere,
503 2069 571 2150 qnia
595 2069 749 2131 eonsilium
776 2071 838 2131 eius
863 2080 927 2130 erat
950 2068 1083 2144 referre,
1109 2087 1189 2149 qnae
1205 2067 1242 2128 ah
1261 2067 1326 2130 aliis

189 2147 371 2212 raetcrmissa
392 2159 485 2208 erant.
524 2147 622 2207 Porro
643 2146 767 2210 eandem
787 2168 803 2207 a
822 2146 916 2209 tribus
940 2145 1093 2206 historiam
1115 2144 1226 2204 umeri
1243 2155 1324 2205 extra

167 2167 289 2284 dubium
310 2235 364 2296 est,
384 2245 473 2304 quum
494 2223 602 2284 diserte
621 2225 750 2284 Ioannes
768 2233 909 2298 testetur,
928 2221 972 2284 bis
991 2231 1107 2281 tautum
1129 2221 1217 2282 visum
1234 2220 1325 2282 tuisse

169 2299 318 2361 Christum
344 2300 489 2382 discipulis
509 2300 750 2382 Hierosolymae,
774 2312 930 2380 antequam
949 2299 981 2358 in
1007 2298 1176 2359 Galilaoam
1220 2297 1326 2358 roheti

169 2385 276 2436 essent
317 2375 407 2440 Dicit
435 2377 531 2452 enim,
556 2380 649 2438 *mua
678 2375 739 2437 stlte
888 2380 897 2398 ⁸
967 2373 1011 2436 ad
1036 2395 1123 2436 mm
1152 2317 1327 2437 Tlieffl's.

168 2451 251 2512 Duas
270 2463 368 2513 antem
386 2455 513 2515 visiones
532 2453 613 2534 prius
633 2464 796 2528 notaverat,
835 2451 1022 2514 auc‘scilicet
1063 2471 1120 2512 uae
1131 2453 1264 2535 contigit
1275 2473 1328 2532 po-

167 2529 270 2589 stridie
289 2530 522 2606 resurrectionis,
541 2542 572 2590 et
590 2529 711 2590 alteram
732 2549 807 2610 quae
827 2539 897 2591 octo
940 2539 986 2589 ost
1005 2527 1052 2588 die
1076 2549 1110 2588 us
1129 2545 1257 2608 sequuta
1274 2541 1329 2590 est:

61 2666 64 2676 ,
191 2624 336 2685 nanquom
355 2607 379 2667 si
400 2606 464 2688 quis
484 2608 522 2667 de
545 2607 674 2668 secunda
698 2627 731 2667 er
754 2625 847 2666 unere
870 2549 968 2680 maiit,
1034 2605 1074 2665 od
1100 2604 1232 2666 hahetur
1256 2605 1330 2666 aud

169 2622 318 2760 hlarcum,
342 2702 405 2743 uon
429 2683 514 2744 valde
535 2684 678 2743 ¹reclamo.
714 2627 802 2744 hinne
825 2681 918 2742 redeo
938 2679 974 2742 ad
1019 2701 1093 2742 uene
1118 2681 1224 2744 verha.
1294 2703 1330 2742 nn

170 2759 306 2839 exprimit
325 2759 457 2840 quidem,
478 2758 628 2820 Christum
653 2759 751 2820 divina
770 2777 822 2819 sua
840 2758 948 2819 virtute
968 2757 1047 2820 tores
1067 2757 1127 2818 sihi
1145 2759 1332 2838 patelee'use,

81 2864 86 2872 ·
191 2852 246 2894 nae
266 2833 380 2904 clatrsae
401 2847 499 2897 erant:
525 2836 576 2896 sed
595 2845 693 2895 umen
713 2834 807 2896 verbo
826 2833 925 2895 nundi
942 2833 1001 2894 tale
1021 2833 1136 2914 aliquid
1153 2835 1331 2896 subindicat.

169 2853 333 2986 ijuomodo
354 2913 432 2972 enim
451 2922 544 2972 noctu
562 2924 687 2992 repente
696 2911 848 2972 Dominus
868 2921 945 2990 stare
964 2910 1064 2992 potuit
1078 2911 1112 2970 in
1129 2911 1238 2974 medio
1254 2914 1330 2993 ipso

168 3008 244 3064 rum,
264 2987 320 3048 nisi
338 2988 514 3048 mirabiliter
532 2988 679 3070 ingressus
699 2987 794 3050 esset?
819 2988 931 3048 Eadem
950 3007 1022 3048 vero
1031 2985 1223 3050 salutationis
1236 2989 1329 3050 forma

169 3061 206 3122 ab
227 3075 355 3144 utroque
373 3063 512 3144 ponitur,
524 3085 595 3140 prce
611 3063 708 3125 uobis:
733 3083 789 3145 qua
808 3063 978 3148 significant
994 3063 1146 3142 Hebraei,
1165 3086 1201 3128 se
1220 3065 1325 3127 laetum

169 3150 200 3200 et
218 3153 392 3222 prosperum
412 3161 575 3202 successum
596 3145 709 3222 optare.
849 3171 851 3178 ·

243 3222 292 3283 ³7.
330 3215 535 3308 Enpnvffuma'
550 3237 641 3286 uero..
663 3217 713 3277 De
732 3217 790 3279 hoe
809 3236 921 3299 pavore
938 3235 1002 3276 non
1025 3215 1166 3278 meminit
1185 3219 1330 3279 Ioanne:

168 3292 220 3353 sed
240 3309 330 3374 quum
350 3293 427 3354 dicat
445 3313 507 3373 rpse
547 3315 657 3375 unque,
676 3293 827 3356 Christum
837 3315 938 3356 manus
950 3312 1015 3353 snas
1029 3293 1148 3356 etlatm
1168 3297 1333 3356 ostendisse

170 3367 333 3450 discipulis,
358 3369 508 3431 conlisere
546 3372 605 3433 ieet
628 3369 715 3431 inisse
736 3370 848 3449 aliquid
867 3371 905 3432 ah
925 3390 963 3430 en
983 3369 1134 3432 ominum.
1158 3373 1243 3432 -Nee
1262 3393 1334 3434 vern

167 3445 363 3529 Evangelistis
381 3445 512 3508 insolens
531 3460 590 3524 est,
614 3447 683 3508 dnm
703 3447 883 3528 compendio
901 3445 1037 3522 student,
1055 3458 1173 3526 partem
1193 3449 1335 3508 dumtaxat

167 3522 325 3605 attingere.
362 3522 461 3584 Porro
480 3543 515 3583 ex
528 3523 609 3586 Luca
629 3523 776 3598 discimus,
795 3523 954 3604 spectaculi
973 3521 1107 3585 novitate
1126 3525 1251 3584 territos
1268 3546 1335 3586 ere-

169 3599 240 3660 dere
259 3598 318 3659 suis
338 3599 431 3660 oeulis
450 3621 535 3662 ausos
554 3621 617 3662 nou
636 3599 735 3661 luisse.
774 3600 868 3660 Paulo
880 3610 949 3660 ante
959 3609 1124 3660 statuerant
1138 3602 1337 3661 resurrexisse

167 3675 347 3752 Dominum,
373 3687 403 3736 et
426 3687 564 3756 tanquam
584 3677 621 3737 de
640 3697 675 3738 re
693 3675 750 3737 sihi
774 3675 871 3757 probe
889 3686 961 3737 nota
987 3687 1191 3740 asseveranter
1212 3675 1335 3756 loquuti

168 3764 267 3814 erant:
293 3774 372 3814 nunc
398 3751 466 3812 dum
492 3773 558 3812 eum
583 3752 771 3843 conspiciunt
794 3752 853 3812 suis
871 3751 981 3827 oculis,
996 3769 1123 3813 sensum
1143 3751 1203 3814 illis
1222 3755 1337 3814 exeruit

167 3828 338 3905 admiratio,
364 3839 397 3888 ut
415 3827 548 3908 spiritum
562 3846 631 3889 ‘esse
650 3828 859 3912 rmaginentur.
895 3827 961 3889 Etsi
979 3839 1077 3888 autern
1100 3829 1177 3890 vitio
1197 3849 1268 3890 non
1286 3853 1336 3890 ra·

167 3905 227 3966 ruit
245 3905 295 3966 hie
314 3924 414 3980 error,
433 3903 485 3984 qui
504 3928 538 3966 ex
557 3905 727 3966 infirmitate
746 3905 891 3980 manavit,
914 3923 977 3966 nou
996 3915 1096 3964 tamen
1115 3905 1159 3964 ita
1178 3906 1226 3966 sui
1247 3906 1335 3968 obliti

168 3992 264 4057 erant,
284 3992 317 4042 nt
335 3981 391 4042 sihi
412 3981 551 4042 timerent
570 4001 587 4042 a
626 3981 787 4064 raestigiis:
806 3981 858 4041 sed
878 3979 1008 4071 quamvis
1027 3979 1084 4040 sihi
1105 3980 1192 4044 tttadi
1203 4003 1339 4064 nonpo-

169 4067 244 4133 tent,
263 4058 357 4151 magis
376 4069 475 4132 tamen
487 4057 543 4119 hue
562 4001 718 4132 inciinant,
737 4056 793 4118 sihi
805 4055 961 4118 iuvisrone
980 4077 1034 4136 per
1051 4055 1191 4149 spirituup
1201 4059 1338 4140 proponi

168 4133 392 4194 resurreetronis
411 4133 579 4224 imaginem,
600 4154 686 4214 quam
706 4132 855 4195 Christum
875 4133 986 4214 ipsum,
1003 4133 1055 4212 qui
1074 4153 1175 4214 nuper
1193 4135 1227 4196 in
1249 4155 1339 4198 σιω

138 4250 144 4261 .
168 4220 300 4270 mortuus
321 4211 427 4285 luerat,
445 4231 541 4272 rreum
562 4210 671 4271 adesse.
710 4211 757 4270 lta
775 4209 918 4272 visionem
939 4207 1071 4270 fallaciae
1082 4223 1258 4301 suspectam
1277 4233 1338 4271 non

169 4283 339 4359 habehant,
358 4287 440 4365 quasi
460 4287 549 4346 inane
570 4299 647 4348 esset
666 4298 826 4367 spectrum,
844 4286 897 4348 scd
915 4297 996 4346 metu
1013 4297 1147 4366 correpta
1167 4298 1291 4348 tautmn
1310 4289 1338 4346 in

168 4360 272 4442 spiritu
291 4362 346 4422 siti
367 4363 482 4448 ostendi
503 4362 663 4462 putabant,
684 4364 764 4446 quod
784 4383 817 4426 re
836 4362 900 4453 ipsa
923 4362 1052 4444 positum
1071 4373 1137 4429 erat
1154 4363 1212 4428 sub
1236 4364 1339 4429 oculit-
