2766 4840
152 203 213 268 286
606 193 723 258 SECT.
742 195 856 259 xvm.

44 421 50 430 Ι
231 353 323 429 Mare.
342 355 390 416 11.
427 348 701 442 &praecogitatis
739 349 825 410 Hauc
844 349 1038 422 sententiam,
1060 349 1137 412 sicut
1162 359 1196 412 et
1221 352 1326 432 proxi-
1373 319 1374 406 l

153 451 242 504 mam,
262 427 445 509 exposuimus
465 427 606 488 Matthaei
625 427 722 508 capite
741 435 808 502 10.,
827 447 934 520 nempe
976 427 1036 488 uod
1055 427 1209 490 Dominus
1231 429 1270 488 ab
1293 450 1326 488 ea
1373 443 1374 518 ἦ

74 549 79 568 .
154 507 300 568 anxietate
319 505 418 564 levare
436 503 510 564 velit
528 503 701 585 discipulos,
721 525 870 582 quaenos
891 525 961 563 mo
997 503 1044 564 eio
1086 507 1250 565 raestando
1269 505 1325 565 im·
1373 554 1374 570 ,

154 583 249 665 pedit,
269 585 337 644 dum
357 581 469 642 scilicet
487 600 572 660 pares
591 601 646 640 nos
666 581 751 640 oneri
770 581 837 640 iore
857 581 1024 640 diffidimus.
1085 603 1126 640 on
1140 583 1226 662 quod
1238 603 1324 663 pror·

154 683 202 721 sus
222 679 341 719 securos
360 657 391 716 in
412 669 566 748 utramque
587 677 686 716 aurem
706 657 835 716 donnire
854 658 927 716 velit
946 658 1030 736 (quia
1050 658 1125 718 nibil
1145 659 1251 719 utilius
1268 671 1324 732 est,

155 759 241 816 quam
268 757 335 795 nos*
348 733 488 814 propriae
512 733 690 795 infirmitatis
711 735 845 795 conscios
865 735 901 793 ad
922 734 1114 794 humilitatem
1134 735 1267 806 institui,
1294 749 1323 794 et

153 811 297 874 stimulari
317 813 353 872 ad
373 813 503 890 preces),
521 811 573 870 sed
594 809 728 871 Christus
747 811 777 869 in
798 811 887 891 patris
906 811 1002 870 sinum
1024 831 1108 894 puras
1122 813 1322 872 nostrasreii-

135 890 273 951 'ciendos
293 909 354 948 esse
375 888 530 962 admonet,
554 899 588 945 ut
613 888 718 946 auxilio
738 885 883 968 promisso
903 887 1006 948 conlisi
1027 887 1168 949 alacriter
1185 890 1219 947 in
1240 911 1323 949 cursu

154 980 319 1048 pergamus.
366 963 645 1026 Promissioautem
667 964 729 1024 aliis
748 963 845 1024 verbis
866 964 988 1044 ponitur
1006 965 1085 1056 apud
1105 965 1234 1025 Lu'cam:
1260 987 1322 1025 non

154 1044 235 1123 quod
255 1063 271 1102 a
291 1051 388 1102 morte
408 1039 585 1100 liberaturus
605 1040 643 1099 sit
662 1061 729 1098 suos
744 1037 878 1100 Christus
897 1041 971 1132 (boe
983 1061 1061 1101 urim
1075 1063 1138 1102 non
1150 1063 1210 1102 sem
1236 1054 1323 1102 erest

91 1125 94 1142 ¹
153 1121 358 1200 sperandum),
377 1118 429 1176 sed
450 1117 530 1196 quod
550 1118 669 1177 daturus
688 1118 726 1177 sit
745 1138 778 1176 os
798 1128 829 1177 et
847 1118 1030 1197 sapientiam,
1051 1064 1323 1198 quibmpudeliant

152 1197 320 1257 adversarii.
353 1193 532 1274 Quanquam
552 1205 648 1256 autem
664 1193 797 1255 Christus
817 1204 848 1254 et
866 1206 1050 1274 praesentem
1070 1207 1198 1256 mentem
1219 1207 1251 1254 et
1271 1197 1320 1255 lo-

153 1275 265 1354 quendi
284 1270 452 1333 facultatem
472 1271 654 1351 suppeditat,
684 1291 741 1352 ego
760 1283 859 1330 tamen
881 1272 950 1331 duas
971 1272 1040 1332 istas
1059 1293 1147 1333 voces
1165 1293 1220 1352 per
1239 1273 1319 1352 hyp·
1373 1323 1374 1362 ,

153 1350 271 1431 attagen
300 1349 472 1410 coniunctas
504 1368 567 1408 esse
596 1347 794 1482 interpretor:
826 1349 885 1408 acsi
909 1347 1058 1428 pollicitus
1078 1360 1157 1410 esset
1175 1348 1323 1422 Christus,
1373 1367 1374 1392 ¹

152 1448 185 1488 se
205 1427 425 1487 moderaturum
446 1444 508 1484 esse
527 1424 659 1504 ipsorum
692 1423 698 1438 '

689 1445 802 1505 unguas,
821 1435 854 1484 ut
873 1425 1037 1506 prudenter
1056 1437 1087 1485 et
1107 1447 1143 1506 ap
1168 1425 1246 1485 osite
1258 1447 1320 1485 res·
1373 1395 1374 1490 l

151 1505 315 1585 pondeant.
353 1499 460 1574 Addit,
480 1500 554 1560 bane
572 1501 745 1580 sapientiam
766 1512 869 1560 contra
890 1519 993 1562 omnes
1013 1502 1113 1562 hostes
1147 1523 1201 1562 ore
1221 1502 1320 1561 victri-
1373 1503 1374 1546 l

152 1601 228 1655 cem,
249 1579 317 1659 quia
335 1598 393 1638 nec
412 1577 616 1638 contradicere
636 1597 692 1638 nec
711 1577 847 1638 resistere
867 1590 1017 1658 poterunt.
1049 1581 1120 1638 Non
1140 1578 1225 1659 quod
1243 1580 1320 1637 veri·
1373 1567 1374 1648 l

152 1658 207 1718 tati
227 1658 314 1717 cedat
334 1673 437 1714 eorum
456 1654 648 1732 impudentia,
667 1653 719 1714 sed
762 1653 808 1713 uia
828 1654 865 1714 de
885 1655 1057 1735 phrenetica
1076 1655 1212 1735 ipsorum
1232 1656 1318 1714 auda-

153 1735 198 1796 cia
218 1733 306 1792 trium
331 1730 414 1790 babit
432 1730 482 1790 illa
502 1731 619 1802 veritas,
640 1751 726 1810 quam
740 1675 853 1790 ltustra
874 1744 1061 1821 oppugnant.
1093 1735 1195 1811 Atque
1212 1733 1319 1791 utinam
1373 1755 1374 1798 l

153 1810 186 1869 in
205 1811 280 1869 hanc
322 1806 437 1866 dociam
456 1806 666 1878 recumberent
684 1826 803 1880 omnes,
834 1829 849 1866 a
877 1807 982 1888 quibus
1007 1808 1133 1890 exigitur
1158 1809 1230 1868 fidei
1248 1829 1319 1868 con·
1373 1799 1374 1882 l

116 1927 118 1940 .
152 1885 257 1946 fessio:
277 1883 333 1944 alia
354 1883 432 1940 enim
444 1882 580 1971 Spiritus
600 1883 690 1943 virtus
712 1895 742 1942 et
760 1885 894 1944 maiestas
913 1904 945 1944 se
966 1897 1112 1946 exsereret
1131 1886 1170 1945 ad
1189 1897 1318 1966 proster—
1373 1923 1374 1960 ,

152 1962 269 2021 nendos
289 1959 416 2020 Satanae
436 1960 593 2018 ministros.
642 1961 728 2020 Nunc
748 1961 817 2020 dum
837 1961 943 2041 partim
964 1983 1049 2022 sensu
1070 1963 1200 2099 proprio
1221 1961 1316 2022 sileri·
1373 2013 1374 2048 ,

151 2060 236 2113 mur,
255 2049 286 2098 et
304 2035 442 2115 superbia
462 2035 556 2095 inllati
575 2047 686 2096 temere
707 2037 884 2128 praecipites
903 2031 1023 2112 ruirbus,
1041 2059 1078 2097 ve
1104 2062 1122 2096 u
1136 2052 1183 2098 tra
1197 2059 1313 2120 progre-
1373 2059 1374 2068 ¹

152 2115 249 2176 dimur
269 2133 356 2194 quam
376 2124 514 2192 oportet,
543 2114 649 2192 partim
668 2133 740 2172 vero
761 2135 792 2172 sn
813 2115 961 2197 angustias
980 2134 1137 2195 perversae
1158 2115 1314 2174 timiditatis
1373 2137 1374 2172 l

129 2197 209 2252 'nos
230 2190 360 2253 constrin
386 2189 467 2265 imus,
487 2189 576 2249 tristis
597 2189 775 2270 experientia
796 2192 935 2266 ostendit,
955 2191 1014 2251 Dei
1033 2191 1128 2274 gratia
1149 2204 1182 2251 et
1193 2191 1315 2272 Spiritus
1373 2199 1374 2220 ¹

150 2267 257 2330 auxilio
279 2289 333 2344 nes
375 2265 481 2326 estitui.
511 2266 608 2326 Porro
630 2288 719 2358 quum
739 2268 817 2347 apud
833 2267 1015 2329 Matthaeum
1036 2281 1066 2328 et
1085 2270 1222 2328 Marcum
1242 2269 1314 2328 albr-

151 2357 213 2406 met
229 2345 377 2424 ,Cbristus
397 2343 542 2423 Spiritum
561 2343 655 2402 Patras
676 2363 737 2402 esse
760 2342 809 2422 qui
830 2344 862 2402 iu
883 2345 969 2404 nobis
989 2345 1133 2423 loquitur,
1155 2345 1205 2405 hic
1226 2356 1312 2404 autem
1373 2398 1374 2414 ,

151 2444 184 2484 se
204 2443 238 2483 os
258 2425 392 2482 daturum
412 2421 597 2500 pronuntiet,
617 2419 780 2502 colligimus
793 2421 947 2500 proprium
961 2423 1021 2482 eius
1034 2442 1097 2482 esse
1112 2443 1233 2497 munus,
1251 2421 1314 2502 Spi-
1373 2435 1374 2496 ς

151 2500 212 2560 ritu
231 2519 286 2559 nos
305 2501 460 2559 instruere.
873 2513 888 2546 ⁰

227 2576 299 2636 Luc.
319 2583 366 2640 19.
404 2573 606 2651 inpatientia
629 2588 731 2634 uestro.
770 2573 828 2634 llic
855 2573 947 2656 longe
974 2573 1061 2634 alium
1087 2575 1219 2634 tuendae
1243 2575 1314 2635 ritae

95 2671 98 2684 ¹
151 2653 272 2713 modum
292 2651 468 2734 praescribit
487 2651 619 2714 Christus
640 2651 787 2732 discipulis
807 2651 881 2726 suis,
903 2671 988 2733 qnam
1003 2653 1102 2712 'dictet
1117 2652 1216 2712 carinis
1235 2651 1315 2712 ratio.

150 2731 333 2790 Naturaliter
352 2728 429 2788 enim
450 2729 538 2788 vitam
559 2730 680 2807 quisque
702 2729 817 2786 intuto
839 2728 937 2788 locare
951 2729 1045 2809 cupit:
1067 2729 1227 2808 praesidia,
1247 2748 1314 2808 quae

152 2818 287 2886 putamus
308 2805 394 2869 nobis
415 2806 526 2882 optima
548 2804 628 2878 sore,
651 2804 808 2864 hincinde
830 2804 996 2887 colligimus
1017 2827 1136 2878 omnes,
1162 2806 1314 2865 discrimen

42 2910 50 2922 ¹
152 2903 241 2942 omne
262 2879 401 2964 sugimus:
423 2881 550 2960 denique
571 2901 633 2960 non
653 2881 785 2939 uidemur
806 2880 892 2940 nobis
909 2882 1007 2952 vivere
1021 2882 1187 2960 nisiprob'e
1206 2881 1314 2941 muniti.

151 2957 287 3019 Christus
312 2967 409 3018 antem
435 2958 509 3018 hanc
533 2957 610 3016 vitae
637 2957 799 3016 custodiam
826 2958 913 3017 nobis
933 2960 1067 3032 mandat,
1093 2970 1127 3016 ut
1146 2979 1266 3040 semper
1282 2957 1314 3016 ad
1373 2987 1374 3034 ;

152 3047 280 3094 mortem
311 3033 433 3113 expositi
459 3055 514 3112 per
539 3033 639 3113 ignem
664 3045 696 3093 et
721 3053 824 3114 aquam
850 3045 879 3093 et
906 3035 1018 3124 gladios
1043 3033 1238 3094 ambulemus.
1280 3037 1316 3092 Et
1373 3057 1374 3088 1

149 3121 232 3172 certe
252 3131 341 3170 nemo
361 3109 493 3189 spiritum
514 3131 596 3170 suum
616 3131 686 3169 vere
706 3111 737 3169 in
757 3111 926 3170 manusDer
942 3123 1081 3192 reponet,
1101 3111 1159 3170 nisi
1177 3113 1229 3190 qui
1243 3131 1314 3170 seru-

174 3208 206 3246 er
226 3191 262 3248 ad
281 3188 466 3247 moriendum
485 3199 602 3266 paratus
622 3188 653 3247 in
673 3188 750 3246 diem
770 3187 868 3247 vivere
889 3188 1034 3248 didicerit.
1073 3189 1109 3247 In
1130 3209 1254 3259 summa,
1274 3189 1313 3245 in·
1373 3179 1374 3254 l

150 3209 205 3324 bet
223 3285 278 3324 nos
299 3264 432 3326 Christus
452 3264 540 3323 vitam
559 3276 689 3324 nostram
709 3263 861 3346 possidere
881 3276 942 3324 tum
962 3265 1015 3326 sub
1036 3285 1135 3339 cruce,
1155 3276 1224 3324 turn
1242 3265 1314 3323 inter
1373 3271 1374 3294 ¹

152 3341 282 3402 assiduos
302 3341 404 3401 mortis
424 3352 564 3400 terrores.
1373 3389 1374 3402 ,

227 3419 332 3479 blattis.
351 3425 398 3485 10.
445 3419 531 3478 Tunc
554 3415 836 3478 sconhbitodtmtur.
874 3419 962 3478 Nunc
986 3417 1170 3478 tentationes
1196 3438 1313 3477 enume-

150 3507 211 3571 rat,
238 3517 314 3576 quae
334 3517 368 3556 ex
387 3493 470 3554 malis
490 3495 627 3574 exemplis
653 3495 840 3574 provenient.
886 3496 968 3560 Haec
993 3507 1091 3554 autem
1114 3494 1245 3554 violenta
1271 3505 1314 3554 est

150 3573 293 3656 imprimis
315 3585 345 3633 et
365 3571 492 3632 difficilis
512 3573 548 3632 ad
568 3571 755 3644 viucendum,
776 3572 845 3630 dum
866 3572 1000 3633 Christus
1021 3571 1082 3652 ipse
1103 3572 1202 3630 multis
1218 3583 1257 3629 est
1269 3571 1311 3628 la-

149 3651 195 3732 pis
215 3651 354 3725 scandali,
374 3650 409 3708 ad
431 3669 518 3728 quem
539 3649 588 3707 alii
608 3648 784 3729 impingunt,¹
804 3647 851 3707 vel
871 3648 951 3708 cuius
972 3646 1094 3708 obiectu
1113 3648 1164 3708 alii
1183 3659 1309 3708 retroce-

151 3729 235 3802 dunt,
255 3727 304 3788 alii
326 3726 473 3788 deficiunt.
512 3726 639 3788 Videtur
658 3737 754 3782 auteur
776 3725 848 3784 mihi
868 3724 1001 3786 Christus
1023 3727 1079 3784 hoc
1099 3724 1194 3784 verbo
1212 3723 1313 3782 multas

81 3865 83 3872 Α
119 3823 123 3837 ’
149 3804 405 3884 perturbationum
430 3802 541 3882 species
567 3801 740 3880 complecti:
767 3802 834 3880 quia
862 3823 923 3860 nou
951 3813 1063 3872 tantum
1084 3801 1240 3870 deliciunt,
1265 3799 1314 3878 qui

148 3894 261 3943 rectum
282 3902 397 3942 cursum
417 3879 541 3970 ingressi
561 3891 660 3952 erant,
679 3879 731 3937 sed
750 3878 835 3938 multi
857 3889 1064 3958 exasperantur
1078 3878 1219 3938 adversus.
1229 3877 1314 3938 ctri-

150 3969 241 4034 stum,
267 3957 315 4018 alii
339 3957 501 4016 modestiae
526 3965 560 4031 et,
581 3954 735 4034 aequitatis
761 3954 846 4014 obliti
870 3963 945 4014 sese
961 3955 992 4014 in
1011 3954 1123 4014 rabiem
1145 3955 1314 4033 proiiciunt,

150 4034 200 4094 alii
247 4036 437 4095 rolanescuut
461 4043 491 4091 et
516 4038 624 4091 exuunt
649 4051 766 4094 omnem
793 4032 910 4115 pietatis
935 4053 1067 4105 sensum,
1092 4029 1144 4090 alii
1172 4031 1205 4092 iu
1230 4030 1314 4090 rebus

150 4057 282 4171 confisis
302 4113 444 4171 scelerum
466 4105 615 4168 licentiam'
633 4108 688 4166 sibi
709 4121 860 4188 usurpant.

226 4195 273 4250 11.
322 4187 417 4248 Mutet
439 4183 708 4262 pseudoprophetae
733 4199 859 4262 surgent.
910 4186 992 4246 llaec
1022 4183 1189 4244 admonitio
1214 4205 1232 4244 a
1256 4183 1313 4262 pri-
1373 4179 1374 4234 l

152 4281 205 4320 ore
237 4261 354 4338 dissert,
382 4263 433 4322 ubi
467 4263 611 4342 praedixit
637 4262 771 4322 Christus
796 4262 903 4322 multos
927 4263 958 4330 in
984 4281 1037 4322 suo
1063 4260 1187 4321 nomine
1212 4271 1313 4320 ventu·
1373 4263 1374 4284 ¹

152 4355 211 4396 ros.
250 4335 325 4398 Nam
344 4337 405 4400 illic
424 4350 536 4400 tantum
558 4340 594 4427 de
614 4338 825 4418 impostoribus
843 4357 940 4400 sermo
961 4349 1040 4414 erat,
1068 4338 1119 4418 qui
1138 4337 1313 4417 paulopost
1373 4353 1374 4396 t
