2768 4834
453 234 586 295 Ouinio
607 249 643 296 iii
663 245 790 296 nourr.
1126 231 1185 298 tte

16 337 17 362 l

16 379 18 444 l
53 399 77 446 et
93 385 187 448 bonas
209 383 309 464 quoad
329 381 403 446 licet
420 395 549 448 tuentur.
578 387 616 449 In
636 388 690 450 hac
710 406 782 450 vero
802 395 887 468 parte
906 382 1015 446 merito
1027 381 1086 443 Dei
1105 383 1184 442 veri·
1284 433 1292 452 ,

51 477 87 522 tas
111 461 274 542 primatum
300 470 394 522 tenet
446 463 629 538 Quarelbac
654 475 726 524 nota
752 462 885 524 Christus
910 471 1052 540 martyres
1076 479 1144 519 suos
1168 479 1185 520 a

16 547 17 564 ¹
52 539 197 610 sceleratis
222 551 255 598 et
278 538 420 600 maleficis
446 539 593 601 discernit.
636 541 740 602 Redeo
765 541 821 599 inni
842 539 878 598 ad
898 537 970 598 illud
991 536 1071 616 quod
1090 555 1186 614 nuper

54 617 107 688 diii,
127 637 226 706 quum
247 635 350 675 omnes
383 617 432 695 qui
451 618 500 696 pie
520 617 624 678 volunt
641 618 740 678 uivere
760 618 790 676 iu
813 613 943 689 Christo,
963 609 1186 694 persequutioni

53 692 164 752 obnoxii
186 691 265 766 sint,
289 659 384 750 Paulo
410 704 483 753 teste
504 694 698 756 communiter
717 695 753 774 ad
774 693 838 772 pios
859 713 961 752 omnes
980 699 1095 770 spectat
1114 689 1187 777 baec

53 769 212 828 tdfflossifi⁰
239 768 454 848 (11·T1m·3‚
478 774 555 848 12).
601 771 717 848 Quodsi
743 769 861 850 quando
885 781 1003 828 nostrae
1023 765 1186 826 infirmitati

53 845 373 926 indulgeatDomlnus,
393 865 489 924 neque
508 847 605 939 impiis
626 846 777 931 permittat
795 867 850 936 pro
870 843 993 906 libidine
1005 861 1187 917 nosvexare,
1212 905 1219 926 x

54 923 77 980 iii
99 922 207 981 umbra
227 933 330 982 tamen
351 933 381 981 et
400 921 463 982 otio
483 925 618 986 meditari
639 926 713 984 hanc
733 924 898 984 doctrinam
917 943 972 1002 par
990 932 1049 996 est,
1067 929 1114 996 ,ut
1132 937 1186 998 pa·
1213 977 1220 990 ,
1296 917 1301 927 “

54 999 97 1056 rati
121 999 219 1058 simus
246 997 363 1076 quoties
390 1019 464 1088 opus
488 999 580 1060 suerit
604 1001 634 1062 in
655 1021 774 1060 arenam
794 1000 931 1080 prodire,
960 1019 1017 1058 nec
1036 1006 1187 1057 certamen

53 1075 188 1134 obeamus
214 1076 273 1134 nisi
297 1073 394 1154 probe
420 1077 563 1136 instructi.
608 1075 765 1138 Caeterum
791 1097 879 1155 guum
904 1085 970 1135 toto
996 1074 1080 1134 buius
1106 1073 1186 1134 uitae

53 1173 127 1212 corso
146 1151 318 1211 miserrima
337 1149 376 1210 sit
395 1151 528 1214 conditio
549 1153 675 1244 piorum,
694 1152 802 1216 merito
822 1151 881 1213 ins
904 1150 1186 1213 emcoelestisvitae

52 1249 98 1286 nos
122 1225 265 1288 Christus
291 1226 390 1310 erigit.
434 1229 534 1308 Atque
557 1252 589 1298 in
615 1229 673 1300 boe
697 1229 855 1310 plurimum
881 1173 982 1288 dissert
1006 1225 1186 1308 paradoxum
1265 1283 1277 1306 ,

54 1303 157 1366 Christi
184 1325 203 1366 a
229 1303 403 1364 Stoicorum
422 1296 613 1379 commentia,
641 1305 762 1384 quisue
783 1325 928 1395 quemque
949 1303 1092 1384 opinione
1112 1324 1186 1365 con·
1258 1371 1260 1376 Ι

53 1392 159 1440 tentum
182 1401 250 1442 esse
270 1379 424 1453 iubebant,
444 1393 477 1440 ut
495 1381 551 1442 sibi
572 1395 650 1444 esset
668 1381 816 1442 felicitatis
835 1379 959 1440 arbiter:
980 1379 1114 1442 Christus
1134 1400 1186 1439 au-¹

53 1469 104 1516 tein
129 1479 196 1518 non
222 1480 239 1517 a
263 1477 340 1516 rana
364 1453 420 1516 ima
445 1457 576 1519 ‘natione
601 1457 772 1520 felicitatem
797 1455 963 1539 suspendit,
993 1455 1046 1516 sed
1072 1475 1136 1516 eain
1155 1454 1187 1514 in

55 1555 98 1614 spe
117 1533 240 1598 interae
261 1533 406 1593 mercedis
438 1535 537 1594 undat
688 1535 710 1574 ¹·
959 1559 963 1566 ·

118 1617 169 1678 11.
219 1609 317 1693 Quum
336 1607 451 1686 probra
471 1613 597 1672 ἰοσενίπι.
622 1609 702 1671 *Pro
727 1631 764 1672 eo
789 1609 883 1669 Lucas
901 1613 948 1674 22
968 1606 1074 1682 babet,
1100 1629 1189 1690 W

55 1709 96 1748 eei
119 1687 252 1766 oderint,
283 1699 310 1746 et
332 1692 530 1762 separaverim
553 1709 618 1766 uos,
648 1703 675 1750 et
695 1685 813 1767 podera
830 1683 1005 1772 effrosi-iot,
1031 1707 1068 1746 oo
1085 1707 1189 1746 nomen

56 1781 169 1825 mmm
199 1767 335 1826 rixemur
362 1777 499 1846 tauquam
526 1765 645 1829 malum.
704 1761 821 1840 Quibus
851 1759 948 1824 verbis
975 1760 1065 1824 solari
1092 1761 1191 1823 voluit

59 1842 186 1902 Christus
207 1861 278 1902 suos
299 1838 412 1916 fideles,
432 1862 470 1902 ne
490 1841 591 1902 animis
612 1841 785 1918 concidant,
805 1839 916 1902 etiamsi
935 1861 967 1901 se
986 1837 1114 1904 viderint
1134 1860 1188 1901 co-

57 1939 109 1978 rain
129 1918 244 1978 inundo
266 1915 464 1978 detestabiles.
502 1917 576 1979 Erat
595 1919 766 1980 enim'haec
785 1938 848 1978 non
868 1916 938 1978 levis
957 1918 1099 1992 tentatio,
1118 1928 1186 1976 tan-

13 2009 14 2022 *
58 2017 135 2074 quain
154 1995 266 2074 impios
287 2003 318 2054 et
338 1993 480 2073 profanos
500 2007 580 2056 extra
598 1995 760 2056 Ecclesiam
781 1993 856 2056 eiioi.
893 1991 993 2069 Quum
1014 1994 1092 2056 enim
1112 1991 1188 2055 nihil

58 2072 214 2152 hypocritis
233 2069 329 2150 magis
348 2070 525 2132 virulentum
546 2093 608 2132 esse
627 2072 732 2147 sciret,
746 2070 859 2131 ‘deinde
880 2072 1079 2150 praevideret,
1100 2091 1188 2151 quam

57 2151 169 2212 rabioso
195 2149 314 2228 impetu
339 2148 465 2208 exarsuri
491 2161 589 2210 essent
611 2147 767 2232 Evangelii
794 2150 892 2208 hostes
912 2160 1015 2208 contra
1035 2147 1189 2228 parvulum

59 2237 87 2284 et
106 2219 312 2306 contemptim
338 2243 459 2307 gregem
478 2236 575 2302 sinim,
607 2225 700 2286 solide
721 2245 772 2286 eos
791 2221 906 2284 munire
925 2223 1034 2302 voluit,
1063 2245 1101 2286 ne
1121 2246 1189 2285 suc-

59 2304 237 2376 cumberent,
257 2300 387 2380 quamvis
406 2301 547 2362 unmeusa
566 2301 744 2382 probrorum
765 2321 822 2362 con
847 2296 921 2359 eries
939 2301 975 2380 ad
993 2320 1043 2362 eos
1056 2299 1187 2362 obruen-

60 2379 107 2439 dos
126 2377 306 2448 immineret
340 2377 438 2467 Atque
458 2377 527 2440 hinc
547 2387 679 2459 apparet,
699 2399 784 2458 quam
803 2319 877 2436 nihit
896 2377 1053 2438 metuenda
1072 2377 1111 2439 sit
1128 2379 1188 2438 Pa-

60 2455 127 2534 palis
145 2452 427 2529 excommunicatio,
451 2454 520 2514 dom
539 2474 594 2514 nos
614 2454 731 2534 tyranni
751 2453 794 2512 illi
814 2452 1008 2538 asynagogis
1026 2453 1084 2514 suis
1103 2475 1188 2534 sepa-

61 2547 130 2610 rant,
149 2533 219 2614 qnia
238 2529 397 2590 divortium
417 2552 433 2592 a
454 2527 574 2592 Christo
593 2529 691 2590 lacere
711 2531 855 2590 nolumus.
1133 2537 1138 2557 ³

131 2619 178 2676 12.
225 2605 359 2667 Gradus
382 2621 409 2668 et
430 2607 589 2685 exsultate,
617 2621 669 2667 etr.
713 2603 885 2688 Significat,
914 2603 1106 2686 inpromptu
1126 2625 1190 2667 esse

62 2687 234 2760 remedium,
257 2703 297 2744 ne
317 2682 431 2744 iniustis
451 2705 469 2744 o
514 2683 621 2746 robriis
642 2683 823 2764 frangamur:
850 2678 916 2760 quia
937 2679 1057 2741 simulac
1077 2681 1191 2742 attolli-

64 2783 122 2822 mus
139 2763 170 2822 in
190 2760 310 2824 coelum
329 2773 452 2837 mentes,
470 2706 531 2824 illic
549 2781 614 2822 sese
634 2759 727 2822 olsert
738 2758 842 2842 ingens
855 2754 1095 2838 gaudiimateria,
1115 2777 1190 2838 quae

64 2841 205 2900 tristitiam
232 2836 400 2898 absorbeat.
445 2837 537 2914 Quod
560 2837 692 2928 papistac
717 2835 748 2896 in
774 2833 895 2896 nomine
919 2831 1058 2897 remedio
1076 2835 1192 2909 ludu'nt,

65 2917 155 2986 nullo,
167 2915 294 2998 negotio
320 2913 367 2975 bic
393 2913 475 2974 sucus
496 2914 630 2976 diluitur:
660 2933 758 2994 neque
778 2912 856 2974 enini
875 2913 930 2992 (ut
948 2910 1097 2972 somniant
1115 2911 1192 2993 ipsi)

66 3006 159 3054 mutua
183 3004 230 3054 est
254 2991 361 3052 relatio
384 2991 463 3050 inter
487 2992 653 3053 mercedem
679 3003 709 3050 et
733 2988 885 3064 meritum,
914 2988 966 3048 sed
993 2989 1120 3070 gratuita
1147 2999 1193 3050 est

68 3070 217 3150 promissio
240 3067 395 3128 mercedis.
436 3067 554 3128 Deinde
580 3067 603 3126 si
629 3078 813 3148 reputamus,
842 3086 929 3145 quain
948 3064 1080 3126 mutilum
1100 3065 1139 3128 sit
1157 3087 1192 3130 ae

67 3148 209 3221 iitiosnm,
229 3144 368 3226 quicquid
387 3143 535 3204 bonorum
555 3163 678 3224 operum
698 3145 786 3204 etiam
806 3141 842 3202 ab
865 3141 982 3222 optimis
995 3143 1105 3222 prodit,
1124 3144 1191 3205 nul-

68 3224 123 3284 lum
141 3245 270 3305 unquam
290 3243 309 3282 o
333 3244 365 3280 us
384 3217 607 3282 inuenietDeus
626 3220 763 3280 mercede
784 3220 914 3302 dignuin.
948 3218 1106 3281 Notandae
1124 3236 1194 3284 sunt

69 3301 168 3362 iterum
214 3245 354 3360 articuCae
378 3297 466 3370 istae,
490 3312 613 3374 propter·
636 3319 681 3356 aie
703 3295 749 3356 vel
777 3307 900 3376 propter
918 3294 1027 3354 Filium
1047 3297 1192 3360 bominis:

70 3377 153 3454 item,
210 3378 306 3438 roheis
328 3396 377 3436 vos
400 3373 554 3457 officeri'ut
577 3376 755 3452 inentieirtesy
792 3393 831 3432 ne
857 3393 888 3433 se
918 3370 1052 3451 protinus
1081 3372 1193 3437 Christi

71 3467 220 3536 martyrem
241 3473 305 3515 esse
324 3453 423 3526 iactet,
444 3451 492 3540 qui
508 3448 654 3530 sua'culpa
665 3451 789 3510 sustinet
800 3449 1070 3529 persequutionem,
1090 3472 1194 3532 quem-

72 3533 219 3592 admodum
245 3531 317 3592 olim
342 3527 517 3589 Donatistae
542 3527 599 3586 hoc
625 3527 691 3587 solo
715 3526 802 3586 titulo
828 3525 884 3586 sibi
909 3525 1080 3605 placebant,
1113 3531 1194 3610 quod
1282 3534 1291 3557 ²

73 3609 246 3688 magistratus
267 3608 412 3667 haberent
430 3604 485 3664 sibi
506 3605 652 3664 adversos.
690 3605 731 3664 Et
750 3603 839 3663 hodic
858 3601 1085 3682 Anabaptistae,
1105 3626 1193 3684 quum

74 3687 239 3764 perturbant
257 3685 316 3748 suis
336 3681 626 3757 deliriisEcclesiam,
646 3673 847 3760 Evangelium'
858 3678 1010 3757 infamant,
1030 3681 1195 3762 gloriantur

75 3775 162 3823 tamen
181 3785 213 3826 se
235 3762 313 3822 lerre
334 3755 444 3818 Christi
464 3757 606 3840 insignia,
626 3757 676 3817 ubi
696 3757 769 3818 iuste
790 3757 972 3817 damnantur.
1009 3757 1101 3837 Atqui
1121 3754 1193 3817 bea-

74 3851 113 3899 tos
131 3862 190 3900 non
212 3837 388 3920 pronuntiat
408 3834 555 3909 Christus,
575 3834 631 3894 nisi
651 3833 754 3914 quibus
776 3844 891 3893 constat
909 3834 982 3892 iusta
1003 3853 1106 3892 causae
1125 3854 1194 3894 suae

75 3916 209 3977 defensio.
254 3915 306 3975 stc
328 3916 402 3974 enim
420 3916 587 3991 persequuti
607 3925 682 3971 suot.
726 3909 871 3972 Consulto
898 3910 955 3970 hoc
980 3907 1037 3973 suit
1056 3908 1196 3987 additum,

74 4015 107 4053 ue
129 3993 297 4072 triumphos
323 3991 387 4050 sine
412 3989 519 4061 sudore
545 4001 576 4050 et
594 4008 694 4084 pugna
714 3997 863 4066 sperantes
882 3985 1021 4076 Apostoli
1041 3983 1071 4048 in
1092 4007 1196 4079 perse.
1265 4035 1274 4051 ,

108 4070 259 4131 titionibus
285 4067 453 4131 delicerent
495 4067 570 4126 Nam
595 4086 663 4146 qma
682 4085 780 4126 reruni
801 4063 931 4122 omnium
951 4073 1122 4125 instauratio
1140 4063 1195 4126 snb

87 4147 176 4208 ,tristi
195 4167 228 4206 re
254 4166 293 4203 no
311 4143 416 4234 passim
435 4143 465 4204 in
487 4142 638 4222 Scriptura
659 4141 856 4233 promittitur,
876 4137 1038 4219 periculum
1058 4154 1136 4218 erat,
1157 4163 1196 4202 ne

74 4245 100 4282 se
122 4224 203 4284 inani
229 4166 333 4283 Cducia
359 4221 501 4279 lactarent
526 4220 563 4279 de
579 4219 690 4278 militia
714 4239 776 4278 non
801 4239 837 4278 co
861 4215 974 4275 itantes.
1019 4217 1060 4276 Et
1080 4239 1114 4279 ex
1133 4218 1198 4278 aliis

74 4297 139 4361 locis
164 4309 306 4380 apparet,
336 4298 445 4360 Christi
471 4315 595 4378 regnum
620 4295 727 4376 opibus
751 4307 783 4357 et
807 4237 919 4354 deliciis
942 4291 1083 4354 reiertum
1108 4295 1198 4354 stulte

75 4375 247 4460 imaginatus
267 4373 375 4436 luisset
394 4374 496 4449 Quare
515 4394 576 4435 noo
596 4373 660 4435 sine
680 4392 764 4434 causa
780 4371 923 4466 Jdnionet
933 4369 1077 4447 Christus,
1096 4372 1199 4435 eadem
