2778 4838
270 275 282 300 ⁸
348 269 537 345 (ma-tta.
576 265 810 349 Transfiguratio
833 256 970 350 Christi.)
1176 271 1237 343 dib

69 417 162 479 ress·
173 417 261 480 saei:
280 418 624 493 assumeremus,
642 417 798 500 neposne
817 403 1016 501 empse-a
1035 383 1125 484 mall
1140 434 1171 482 u
1183 443 1234 484 cu.

68 494 169 587 stodia
189 515 255 556 mea
274 496 349 587 vitas
368 507 491 559 vestras:
512 511 570 589 ego
590 495 668 586 ‘²le
680 495 806 588 ‘tandem
825 497 932 558 vindex
951 497 1053 588 adepo,
1072 499 1123 580 qui
1139 519 1193 560 vos
1204 501 1237 562 in

67 584 223 654 integrum
241 585 408 649 restituam,
434 594 563 653 quamvis
587 595 640 635 vast
664 583 726 634 srtrs
751 574 788 633 ad
812 584 928 664 tempus
954 593 1061 656 perare.
1103 575 1238 638 Gloriam

8 699 10 708 .
68 647 177 710 Peme
195 663 223 709 et
240 649 369 728 Angelos
388 659 610 724 commemorat,
631 669 668 710 ne
689 671 723 710 ex
742 662 890 730 praesenta
910 663 1031 733 aspectu
1049 652 1238 714 aestimarent
1354 635 1381 714 .3

69 725 209 806 discipuli
229 725 290 787 eius
309 747 342 786 re
365 747 448 787 num:
469 726 563 788 adbuc
584 725 661 786 enim
680 726 822 808 ignobilis
843 737 873 787 et
893 738 1079 807 contemptus
1091 729 1144 790 sub
1158 729 1238 792 servi

68 802 174 862 babitu
195 814 227 864 et
244 747 480 883 specieDatebat
520 805 631 885 Longu
646 823 719 887 ergo
740 803 828 880 aliurn
844 825 875 864 se
887 803 955 865 iore
966 805 1124 885 promittit,
1145 827 1235 886 quum

70 879 213 943 adveniet
230 880 332 942 mundi
350 881 451 952 Iudex.
482 879 569 956 Quae
589 891 742 961 praeterea
762 882 840 962 apud
852 881 984 942 Marcum
1005 881 1163 944 ethaeam
1182 884 1238 947 ba·

69 955 193 1032 beatur,
213 956 340 1020 lectores
360 958 476 1030 decimo
496 958 592 1039 capite
605 957 746 1018 Matthaei
766 956 897 1037 exposita
916 957 1082 1040 reperient:
1103 961 1140 1020 de
1160 978 1245 1040 ope-v

68 1055 135 1092 rum
158 1053 282 1126 quoque
302 1033 439 1096 mercede
456 1033 526 1093 alibi
543 1033 674 1108 disserui,
694 1033 835 1115 quantulis
848 1035 916 1095 satis
931 1047 1001 1096 erat
1033 1035 1152 1096 Summa
1163 1036 1238 1096 baec

70 1120 129 1170 est:
152 1123 271 1190 quotres
287 1109 405 1172 boniso
429 1109 527 1172 erib‘us
540 1109 722 1204 promittipur
730 1131 854 1186 merces,
873 1112 993 1172 minime
1006 1113 1121 1192 opponi
1133 1128 1238 1179 eorum

69 1187 210 1248 meritum
230 1188 375 1272 gratuitae
396 1133 466 1250 idei
484 1187 622 1261 iustrtiae,
640 1209 697 1250 nec
717 1189 815 1248 salutis
833 1208 947 1248 caueam
965 1189 1092 1262 ostendi,
1109 1189 1239 1250 aedtan-

70 1275 133 1324 tum
155 1264 281 1326 animari
300 1264 400 1326 fideles
421 1265 458 1326 ad
476 1265 684 1346 recte-agendi
696 1265 840 1341 studium,
859 1265 928 1324 dum
944 1265 1016 1325 certi
1033 1276 1101 1324 sunt
1115 1284 1146 1324 se
1163 1285 1240 1345 ope-¹

70 1361 134 1401 ram
160 1361 224 1401 non
248 1339 360 1403 ludere.
401 1340 503 1416 Quare
529 1340 641 1422 optime
667 1341 741 1402 baec
765 1343 825 1402 duo
852 1341 1048 1415 conveniunt,
1073 1340 1162 1422 gratis
1182 1361 1239 1402 nos

70 1417 237 1492 iustificari,
256 1417 324 1498 quia
334 1410 403 1478 Deo
423 1429 541 1499 praeter
559 1417 696 1477 meritum
715 1419 829 1496 accepti
848 1437 956 1488 sumus,
976 1426 1123 1476 ettamen
1142 1416 1240 1496 ipsum

69 1493 237 1558 indebitam
250 1493 391 1575 operibns
402 1494 510 1556 nostris
520 1494 686 1555 mercedem
704 1515 760 1576 pro
780 1513 834 1554 suo
854 1491 1044 1583 beneplacito
1062 1494 1239 1572 rependere.

147 1575 197 1637 28.
235 1577 329 1631 Amen
346 1567 412 1632 dico
430 1569 516 1632 uobis.
563 1570 643 1646 Quia
668 1585 767 1634 secum
792 1569 887 1630 adbuc
912 1569 1076 1650 disceptare
1099 1580 1240 1649 poterant
1324 1587 1326 1608 ¹

68 1645 220 1728 discipuli,
240 1649 360 1730 quando
380 1648 494 1708 iuturus
515 1659 591 1708 esset
609 1645 660 1706 ille
680 1644 752 1722 dies,
770 1647 918 1708 Dominus
935 1665 987 1707 eos
1005 1645 1148 1726 propiore
1161 1647 1238 1706 lidu-
1337 1685 1341 1697 ·

68 1726 115 1790 cia
138 1724 237 1806 erigit,
256 1724 338 1805 quod
356 1724 474 1787 scilicet
489 1725 605 1785 suturae
624 1743 694 1783 suae
714 1724 827 1807 gloriae
846 1723 997 1803 specimen
1018 1723 1100 1783 brevi
1117 1724 1238 1785 daturus
1316 1793 1320 1800 ,

68 1801 117 1862 sit.
159 1801 285 1883 scimus,
305 1823 391 1882 quarn
411 1823 480 1863 vere
501 1800 616 1862 dicatur
632 1799 748 1884 vulgari
766 1797 938 1881 proverbio,
956 1799 989 1858 in
1000 1799 1147 1861 desiderio
1158 1798 1239 1862 celee

68 1878 189 1938 ritatem
202 1899 444 1957 quoquemoram
456 1899 530 1952 esse,
549 1875 600 1940 sed
619 1878 679 1938 boc
698 1877 857 1958 praecipue
877 1875 964 1937 nobis
983 1897 1037 1936 usu
1055 1876 1149 1952 venit,
1169 1878 1239 1951 dum

69 1955 108 2014 ad
125 1953 239 2014 Christi
259 1955 416 2016 adventum
435 1956 574 2017 dissertur
592 1953 669 2015 salus
689 1965 799 2018 nostra.
836 1955 921 2034 Ergo
940 1964 975 2012 ut
994 1952 1151 2033 discipulos
1169 1973 1239 2013 suos

69 2031 193 2092 interim
214 2043 359 2092 sustentet
376 2033 538 2106 Dominus,
557 2031 812 2100 confirmationem
832 2029 975 2109 temporis
994 2029 1162 2090 intermedii
1181 2027 1241 2090 illie

70 2107 235 2188 proponit,
260 2109 318 2168 acsi
339 2109 470 2184 dixisset,
489 2109 525 2168 Si
544 2109 622 2169 diem
642 2107 783 2167 adventus
802 2107 861 2168 mei
876 2105 1045 2188 exspectare
1064 2105 1151 2165 nimis
1171 2105 1241 2164 lon·
1337 2131 1342 2138 ·

155 2185 282 2260 videtur,
301 2204 360 2267 ego
380 2197 494 2246 mature
514 2183 716 2264 praeveniam:
735 2203 804 2244 narn
824 2193 981 2260 antequam
1000 2181 1085 2242 vobis
1104 2180 1239 2242 morien-

70 2205 144 2322 ᾖ
163 2261 218 2344 sit,
235 2281 362 2342 regnum
381 2261 455 2322 illud
474 2259 543 2336 Dei,
564 2281 580 2319 a
600 2259 679 2321 cuius
699 2280 752 2350 spe
771 2281 824 2322 vos
840 2258 973 2342 pendere
992 2255 1101 2338 iubeo,
1120 2257 1242 2340 conspic

73 2359 163 2400 cuum
191 2337 249 2397 erit
272 2337 366 2398 oculis
392 2337 505 2398 vestris.
544 2336 602 2395 llic
626 2356 772 2418 genuinus
792 2345 837 2396 est
854 2333 1013 2397 verborum
1032 2353 1146 2402 sensus:
1171 2354 1241 2413 nam

73 2415 156 2494 quod
178 2413 217 2476 de
236 2413 351 2475 Ioanne
371 2414 488 2494 quidam
508 2413 635 2495 fingunt,
654 2412 809 2472 ridiculum
829 2423 883 2471 est.
919 2409 1086 2470 Aeneam
1100 2427 1174 2472 vere
1191 2431 1240 2470 re·
1328 2401 1346 2430 ‘

68 2495 125 2567 gn·
139 2489 204 2552 Da·
221 2489 358 2573 intellige
377 2490 491 2572 gloriae
510 2489 649 2550 eoelestis
667 2487 946 2562 manifestationem,
957 2487 1053 2564 'quarn
1064 2506 1089 2546 ·a
1106 2485 1242 2546 resume-

71 2569 176 2629 ctione
196 2567 362 2646 auspicatus
383 2578 427 2628 est
448 2567 597 2642 Christus,
625 2575 655 2626 et
680 2563 799 2647 plenius
819 2563 927 2628 deinde
946 2561 1090 2652 Spiritum
1108 2571 1248 2650 sapetrmp

71 2643 222 2705 mittendo
243 2657 275 2704 et
293 2643 429 2704 mirificas
451 2643 568 2704 edendo
587 2643 707 2704 virtutes
727 2639 870 2701 exhibuit:
890 2658 958 2702 narn
977 2659 1009 2698 sn
1028 2635 1086 2698 illis
1102 2635 1240 2726 prunutris

72 2721 250 2802 gustandam
275 2718 333 2780 suis
358 2719 498 2799 praebuit
521 2718 657 2780 eoelestis
681 2717 758 2779 vitae
782 2716 959 2792 novitatem,
990 2732 1080 2795 quum
1103 2721 1183 2774 'veras
1209 2719 1241 2772 et

73 2798 164 2860 certis
185 2797 394 2878 experimentis
412 2797 508 2878 ipsum
526 2797 563 2856 ad
582 2794 679 2860 Patris
697 2793 845 2858 dexteram
862 2794 966 2858 cetere
986 2801 1193 2873 agnoscerent.
1212 2821 1218 2834 ·
1234 2824 1248 2840 ν·

159 3045 265 3130 (143.)
312 3044 484 3114 ΜΑΤΤΗ.
510 3045 610 3113 XVll.
662 3045 694 3113 1.
726 3042 768 3111 Et
806 3034 882 3129 post
901 3041 984 3110 'dies
1017 3033 1092 3112 sere
1110 3031 1248 3141 as‘sumil,

71 3151 166 3217 Iesus
194 3149 326 3225 Petrum
347 3146 565 3214 ‘et'lacobu'm
596 3160 629 3214 et
655 3137 808 3216 loannem
836 3147 965 3213 fratrem
994 3145 1079 3225 eius,
1105 3155 1137 3212 et
1163 3125 1239 3212 sub!

72 3254 167 3320 ducit
193 3251 270 3319 illos
297 3255 332 3320 in
359 3263 501 3319 montem
522 3249 681 3318 excelsum
702 3274 864 3318 seorsum:
903 3251 934 3316 2.
961 3251 1008 3316 Ac
1034 3247 1249 3320 transforma:

73 3368 127 3422 tus
156 3366 204 3422 eat
232 3374 341 3421 coram
367 3355 446 3436 illie,
473 3350 506 3419 et
530 3344 696 3441 splenduit
721 3355 820 3422 lacios
847 3357 916 3422 eius
942 3357 1025 3421 sicut
1045 3348 1240 3419 solisestiss

72 3469 184 3525 menta
212 3470 318 3524 autern
345 3455 433 3524 illius
460 3456 545 3524 laeta
574 3465 648 3524 siant
676 3459 827 3540 eandida,
852 3459 944 3525 'sicut
966 3455 1087 3524 lumen.
1141 3453 1172 3519 3.
1197 3451 1242 3517 Et

75 3583 156 3628 ecce
190 3563 252 3627 viai
287 3570 361 3627 sunt
395 3558 461 3626 illis
488 3561 600 3629 Moses
628 3572 661 3627 ct
687 3563 776 3630 Elias
809 3585 880 3629 cnm
913 3558 973 3628 ill'o
1005 3557 1240 3644 colloquentes
1329 3581 1332 3597 ·

73 3667 105 3732 d.
129 3663 351 3756 Respondeas
377 3676 482 3730 autem
503 3667 617 3734 Petrus
638 3665 717 3731 dixit
737 3667 827 3746 lesu,
857 3665 1014 3744 Domine,
1041 3661 1164 3728 bonum
1187 3646 1241 3724 'eat

72 3790 137 3838 noe
164 3770 218 3835 bio
236 3789 323 3836 esse:
348 3754 459 3850 alvis,
481 3771 633 3836 faciainus
653 3769 707 3835 hic
726 3773 787 3838 tria
808 3767 1032 3846 tabernacula,
1050 3762 1110 3830 tibi
1132 3782 1241 3862 unum,

75 3883 109 3940 et
130 3873 220 3940 Mosi
241 3893 357 3949 unum,
385 3882 418 3939 et
437 3871 530 3940 Eliae
552 3895 659 3940 unum.
693 3875 732 3939 .5.
760 3872 879 3939 Adbuc
900 3891 941 3940 eo
963 3859 1140 3956 loquente,
1161 3868 1251 3930 ecee'

73 3974 182 4045 nubes
199 3965 314 4044 lucida
333 3973 539 4044 obumbravit
559 3975 651 4045 illos:
679 3987 712 4048 ct
733 3998 809 4044 ecoe
830 3998 893 4042 vox
914 3997 933 4041 e
953 3971 1058 4050 nube,
1086 3989 1170 4057 quae
1193 3968 1242 4034 di·
1360 4051 1363 4063 Ι

75 4077 188 4159 eebat,
215 4081 279 4146 Hie
305 4091 354 4148 est
373 4079 478 4146 Filius
504 4097 595 4144 meus
621 4077 773 4159 dilectus,
800 4082 834 4144 in
861 4097 927 4165 quo
948 4075 1025 4142 mibi
1046 4071 1134 4140 hene
1156 4093 1242 4140 oom-

75 4182 233 4270 plaoitum
256 4194 317 4264 est,
344 4186 448 4272 ipsum
471 4181 590 4248 erudite.
632 4185 662 4248 6.
687 4183 730 4250 Et
746 4182 814 4248 boc
836 4180 962 4259 audito,
989 4176 1139 4265 discipuli
1165 4199 1242 4264 pro·
1360 4218 1367 4233 s

76 4287 228 4354 eidenmt
249 4289 284 4355 in
304 4287 419 4354 faeiem
439 4307 538 4364 suam,
559 4307 597 4352 ao
616 4289 721 4354 territi
741 4296 815 4374 sunt
835 4284 1052 4352 vehomenter.
1096 4285 1124 4348 7.
1146 4281 1241 4348 Τιωο

75 4389 240 4460 accedeus
259 4392 348 4459 lesus
370 4396 475 4483 tetigit
499 4391 592 4473 illos,
618 4401 652 4459 et
677 4389 774 4471 dixit,
798 4389 939 4476 surgite,
969 4396 1071 4536 ⁰2:¹⁰
1096 4379 1263 4452 timeatis*
1379 4355 1381 4364 ¹

657 4589 660 4596 ,
702 4554 722 4590 l
