2766 4840
473 203 609 255 casnm
626 203 816 257 ramerum.
1055 197 1060 227 ¹
1164 205 1225 270 273

65 355 110 406 tae
127 343 267 406 electioni
285 344 423 426 assignat,
442 341 525 424 quod
545 363 580 404 ex
598 343 743 405 immenso
762 342 876 426 populo
895 347 1053 408 servandae
1072 349 1132 410 sint
1150 351 1223 414 reli-

65 422 154 501 quiae.
193 421 352 484 Facessant
370 419 462 504 igitur
481 419 633 480 hominum
652 421 769 495 merita,
790 421 907 500 quando
921 423 958 483 ad
969 443 1082 484 merum
1093 427 1152 487 Dei
1168 427 1222 488 be-

64 498 237 578 neplacitum
257 519 446 572 revocamur,
465 517 504 557 ne
525 496 643 558 aliunde
663 500 792 579 pendeat
811 498 889 558 iuter
907 498 962 560 bos
982 512 1012 561 et
1030 501 1098 562 illos
1118 503 1221 566 discri-

63 595 137 650 nsen,
156 574 212 634 nisi
233 574 301 654 quia
320 573 415 636 salros
435 594 497 634 esse
518 585 641 655 oportet
660 573 710 654 qui
732 573 818 635 electi
837 587 914 636 sont.
952 575 1045 652 Quod
1065 591 1098 638 ut
1116 580 1222 642 clarius

63 663 91 712 et
114 651 274 732 expressius
298 651 488 712 commendet
506 650 862 732 Marcus,‘pleonasmon
888 651 984 727 addit,
1015 654 1056 716 sic
1086 655 1116 717 lo
1141 677 1223 734 oens,

57 743 175 804 propter
193 729 304 802 electos,
322 749 394 806 qums
411 727 506 804 etegit,
526 723 698 788 (ιῦὂνουίαυίι
715 725 786 789 dias.
837 727 927 789 Certe
948 743 1067 811 poterat
1085 755 1119 793 su
1154 755 1221 796 cere

59 803 161 942 pprtici
186 806 264 880 ium,
289 803 345 865 nisi
371 805 429 865 boc
455 803 561 864 diserte
587 816 724 866 testatum
749 803 856 884 vellet,
884 826 947 866 non
967 808 1110 870 extraneis
1129 809 1222 874 causis

96 883 162 944 duci
204 903 280 956 eum,
300 893 333 940 ut
353 880 406 942 bos
425 879 524 962 potius
544 902 631 960 quam
650 882 718 942 illos
738 881 841 944 favore
881 897 1069 964 rosequatur:
1088 889 1140 948 sed
1153 888 1221 968 quia

61 957 167 1040 eligere
187 959 232 1018 illi
252 957 378 1039 placuit,
424 978 477 1018 uos
497 968 643 1034 servaret,
663 957 693 1020 in
714 903 928 1039 eorumxsadute
948 982 1086 1027 arcanum
1106 965 1220 1045 gratiae

58 1056 124 1096 suae
156 1035 343 1116 propositum
375 1043 418 1094 sta
442 1033 517 1094 ilire.
573 1035 737 1110 Quaeritur
763 1047 877 1110 tamen,
933 1039 1065 1098 uomodo
1096 1053 1222 1122 propter

60 1111 168 1174 electos
190 1111 320 1172 cladibus
339 1111 461 1170 modum
480 1111 655 1192 imposuerit
672 1114 770 1187 Deus,
795 1133 833 1172 ne
854 1059 984 1176 funditus
1004 1115 1130 1176 Iudaeos
1151 1138 1220 1197 per-

58 1189 155 1265 deret,
175 1209 265 1270 quum
284 1186 369 1246 multi
389 1184 510 1277 reprobi
530 1200 561 1248 et
580 1186 727 1269 desperati
745 1189 852 1250 servati
872 1189 993 1252 inerint.
1035 1191 1154 1254 Salutio
1175 1193 1220 1254 l'a-

56 1265 117 1326 cilis
137 1277 199 1339 est,
224 1264 376 1325 liberatam
397 1263 485 1324 luisse
505 1264 601 1346 gentis
620 1278 749 1345 partem,
774 1278 807 1324 nt
831 1264 900 1327 inde
924 1288 993 1328 suos
1013 1267 1140 1345 electos,
1169 1271 1221 1350 qui

56 1341 191 1422 permixti
205 1354 299 1417 erant,
320 1339 400 1418 quasi
419 1359 518 1400 semen
540 1361 656 1402 excussa
667 1342 750 1423 palea
764 1341 912 1403 educeret.
952 1343 1131 1426 Quanquam
1146 1365 1220 1428 ergo

57 1417 254 1480 communiter
274 1414 409 1507 reprobis
429 1428 460 1475 et
480 1417 581 1478 electis
601 1417 770 1498 temporalis
790 1419 918 1501 contigit
935 1419 1022 1496 salus,
1064 1421 1111 1483 uia
1120 1433 1220 1482 tamen

54 1495 109 1556 illis
130 1495 205 1557 nibil
225 1494 347 1575 proluit,
367 1493 474 1554 merito
494 1493 538 1554 bis
557 1493 628 1556 selis
647 1492 819 1572 ascribitur,
841 1495 927 1558 sicuti
946 1497 1020 1558 mira
1039 1441 1099 1558 bei
1118 1499 1220 1580 provi-

54 1573 153 1634 dentia
174 1573 205 1632 in
226 1591 329 1632 eorum
349 1569 472 1666 gratiam
493 1569 603 1631 directa
623 1571 688 1631 fuit.

128 1657 178 1716 ‘a
220 1649 308 1708 Tunc
331 1669 357 1706 ss
380 1649 445 1724 puis
463 1645 540 1708 vodis
558 1645 677 1708 dixerit.
722 1647 833 1708 Iterum
859 1670 891 1710 re
915 1649 970 1710 etit
995 1649 1074 1730 quod
1101 1651 1138 1712 de
1162 1649 1219 1711 im-

52 1725 225 1806 postoribus
245 1723 370 1784 dixerat:
392 1743 449 1783 nec
469 1723 584 1784 frustra.
623 1724 717 1784 lliaius
738 1725 816 1785 enim
836 1723 873 1784 ab
891 1669 946 1787 dac
960 1727 1124 1788 tentatione
1138 1728 1218 1808 peri-

53 1803 151 1864 culum
167 1801 309 1876 instabat,
328 1821 368 1860 ne
387 1799 486 1860 miseri
503 1799 636 1861 homiues
656 1801 687 1861 in
704 1801 793 1862 rebus
803 1801 920 1864 afflictis
929 1815 960 1863 et
972 1803 1142 1884 desperatis,
1162 1804 1218 1864 ial-

52 1877 108 1940 laei
128 1879 217 1941 titulo
238 1877 367 1957 decepti,
387 1875 480 1938 larvas
513 1899 547 1938 ro
562 1877 682 1941 Christo
723 1886 889 1955 narrarent,
909 1891 939 1939 et
956 1879 1069 1940 diaboli
1090 1881 1217 1962 praesti-

50 1957 113 2038 gias
134 1954 385 2037 amplecterentur
404 1975 460 2034 pro
479 1897 540 2014 dei
559 1952 676 2015 auxilio.
744 1977 789 2014 am
810 1975 899 2035 quum
918 1956 1071 2018 Iudaeiob
1083 1971 1218 2020 contem-

50 2045 132 2113 ptam
154 2032 391 2112 redemptionem
411 2041 470 2090 tam
490 2031 602 2091 duriter
621 2032 765 2111 oppressi,
784 2031 924 2094 violentis
934 2032 1036 2094 saltem
1048 2035 1183 2096 remediis
1200 2056 1217 2096 a

49 2109 178 2189 perfidia
197 2107 367 2171 retrahendi
388 2118 494 2180 essent,
514 2129 605 2167 novas
625 2129 638 2168 s
663 2129 693 2168 ea
709 2119 803 2169 astute
821 2108 879 2168 illis
896 2107 1009 2168 obiecit
1020 2111 1122 2183 Satan,
1142 2131 1218 2190 quae

46 2207 65 2246 a
85 2187 160 2248 Deo
180 2186 298 2266 lougius
318 2185 398 2267 ipsos
417 2182 607 2244 abducerent.
660 2185 687 2242 't
711 2193 791 2243 certe
817 2182 891 2243 nibil
915 2205 961 2242 ma
986 2184 1009 2245 ‘s
1029 2185 1143 2246 exitiale
1162 2198 1218 2260 est,

47 2283 157 2342 quam,
176 2264 244 2322 dum
265 2261 295 2318 in
314 2259 404 2320 rebus
424 2258 550 2318 adversis
571 2257 696 2318 consilio
718 2259 918 2334 destituimur,
936 2203 994 2321 sudi
1010 2261 1138 2322 nominis
1157 2261 1218 2322 Dei

46 2350 207 2420 praetextu
226 2333 386 2396 mendaciis
407 2333 514 2413 decipi,
535 2353 609 2413 quae
630 2345 660 2392 et
679 2334 898 2414 resipiscentiae
917 2335 1033 2396 ianuam
1053 2336 1139 2397 uobis
1160 2337 1216 2398 ob-

44 2426 181 2485 struunt,
202 2424 233 2472 et
251 2407 430 2470 infidelitatis
451 2408 587 2469 tenebras
608 2421 727 2492 augent,
748 2422 778 2470 et
792 2412 911 2470 tandem
923 2411 1129 2491 desperatione
1141 2435 1216 2474 con·

43 2492 134 2552 susos
155 2490 191 2549 ad
210 2487 351 2548 insaniam
393 2484 575 2566 raecipitant.
614 2485 716 2560 Quare
737 2485 768 2544 in
788 2497 871 2546 tanto
912 2487 1023 2548 erieulo
1035 2489 1154 2549 minime
1166 2509 1216 2550 sn·

44 2587 198 2650 pervacua
212 2563 352 2643 repetitio
364 2506 431 2621 duit:
452 2582 488 2622 ae
506 2563 677 2643 praesertim
719 2583 787 2622 uum
828 2508 975 2642 seudbpro
998 2563 1080 2625 betas
1097 2585 1159 2626 non
1172 2566 1216 2626 le-
1298 2609 1305 2628 .

44 2645 136 2706 vibus
150 2640 291 2702 machinis
304 2641 339 2699 ad
353 2637 512 2706 fallendum
527 2639 685 2699 instructos
697 2583 762 2699 dore
776 2660 792 2698 a
814 2651 934 2698 moneat
944 2585 1088 2715 Cdristus,
1107 2662 1216 2722 nempe

43 2720 144 2814 signis
166 2731 196 2778 et
216 2715 362 2798 portentis
383 2735 457 2795 quae
478 2715 716 2796 obstupefaciant
734 2715 862 2776 infirmas
881 2727 1002 2776 mentes.
1040 2718 1216 2797 Nam'quutn

44 2795 199 2860 miraculis
218 2793 332 2856 virtutis
351 2813 420 2852 suae
440 2791 637 2872 praesentiam
652 2803 776 2852 testetur
792 2793 885 2868 Deus,
905 2803 935 2852 et
954 2792 1021 2853 ideo
1041 2791 1137 2876 sigilla
1156 2794 1216 2855 sint
1287 2855 1290 2860 ,

44 2895 139 2938 verae
154 2871 318 2945 doctrinae,
338 2869 412 2929 nibil
431 2869 536 2928 mirum
556 2869 580 2930 si
599 2868 811 3006 impostoribus
829 2869 1024 2930 reverentiam
1044 2869 1214 2931 conciliant.

44 2953 88 3013 Et
110 2951 163 3010 tali
183 2948 327 3008 illusionis
347 2966 458 3030 genere
478 2945 627 3007 ulciscitur
669 2967 718 3006 eus
740 2945 891 3006 hominum
911 2946 1164 3029 ingratitudinem,
1182 2959 1216 3008 ut

43 3025 208 3089 mendacio
230 3025 362 3099 credant,
381 3025 432 3104 qui
450 3023 603 3083 veritatem
623 3036 810 3104 respuerunt,
830 3023 980 3106 magisque
1000 3043 1035 3083 ae
1052 3024 1144 3106 magis
1156 3023 1214 3084 ob-

43 3103 257 3175 tenebrentur,
278 3101 327 3181 qui
348 3100 384 3161 ad
405 3099 534 3161 oblatam
553 3099 648 3160 lucem
669 3100 835 3160 clauserunt
853 3089 965 3160 oculos.
995 3100 1215 3236 (pnanquamet

43 3181 136 3242 simul
156 3199 275 3240 snorum
296 3177 490 3238 constantiam
510 3187 642 3250 exercet,
668 3196 744 3257 qnae
763 3175 832 3236 inde
853 3176 957 3237 clarius
976 3197 1008 3237 re
1024 3177 1121 3261 ulget,
1145 3178 1214 3238 dum

43 3259 139 3318 nullis
166 3253 285 3316 fallaciis
310 3255 514 3315 succumbunt
551 3251 648 3314 Porro
678 3275 767 3334 quum
793 3253 979 3314 antichristos
1005 3265 1036 3315 et
1058 3255 1214 3316 mendaces

42 3333 213 3416 propbetas
231 3331 378 3391 Dominus
396 3329 542 3390 miraculis
561 3341 688 3390 armatos
707 3330 773 3390 sore
793 3330 981 3408 pronuntiet,
1010 3351 1072 3390 uon
1098 3342 1143 3392 est
1161 3353 1215 3390 cur

42 3425 209 3491 tantopere
223 3407 397 3499 superbiant
405 3406 541 3486 Papistae
555 3407 611 3467 boc
624 3407 760 3482 obtentu,
778 3405 824 3464 vel
846 3407 975 3488 ipsorum
995 3407 1133 3469 iactantia
1150 3419 1213 3468 ter-

43 3489 183 3547 ritemur.
226 3483 375 3545 lllrraculis
406 3506 440 3544 su
464 3482 631 3543 erstitiones
656 3505 721 3543 suas
747 3483 937 3543 confirmant:
969 3503 1077 3563 netupe
1127 3482 1216 3544 uibus

41 3561 195 3644 praedixit
214 3561 306 3621 Filius
332 3559 409 3634 Dei,
441 3505 675 3620 bbetacundsm
700 3580 762 3619 esse
787 3558 945 3620 multorum
969 3558 1065 3619 fidem.
1106 3503 1140 3634 d)

43 3650 166 3701 tantum
186 3639 263 3719 apud
305 3631 443 3697 rudentes
461 3635 603 3695 momenti
623 3635 731 3698 babere
750 3657 813 3695 non
833 3636 954 3711 debent,
972 3648 1006 3696 ut
1024 3656 1078 3726 per
1087 3655 1118 3695 se
1129 3634 1212 3694 suili-

42 3716 132 3778 ciant
162 3713 199 3774 ab
224 3659 409 3794 probandum
437 3713 493 3773 boc
519 3713 566 3773 vel
589 3710 661 3773 illud
687 3712 839 3773 doctrinae
864 3733 966 3794 genus.
1006 3712 1038 3771 Sa
1057 3711 1214 3845 excipiant,
1268 3757 1273 3768 .

41 3795 106 3853 hoc
134 3791 224 3850 modo
252 3789 345 3852 everti
371 3811 404 3850 ac
425 3789 455 3848 in
476 3787 599 3848 nibilum
619 3789 715 3871 redigi
734 3789 889 3864 miracula,
915 3787 1020 3868 quibus
1045 3797 1104 3846 tam
1150 3785 1213 3868 egis

42 3889 139 3950 qnam
159 3867 315 3950 Evangelii
340 3867 450 3926 sancita
471 3866 527 3924 luit
545 3866 716 3925 auctoritas:
746 3865 931 3957 respondeo,
955 3873 1064 3924 certam
1084 3861 1213 3944 Spiritus

41 3957 154 4006 notam
178 3940 234 4004 illis
258 3943 433 4023 insculptam
458 3941 562 4016 luisse,
586 3961 660 4020 quae
681 3941 895 4002 dubitationem
916 3952 947 4000 et
965 3938 1083 4000 errandi
1101 3951 1213 4000 metum

42 4019 188 4082 fidelibus
200 4022 346 4081 eximeret
377 4021 482 4098 Neque
502 4018 580 4078 enim
601 4019 716 4097 quoties
736 4019 773 4077 ad
791 4037 860 4077 snos
880 4016 1097 4076 confirmandos
1116 4017 1212 4078 virtu-

42 4111 108 4160 tem
132 4117 212 4158 suam
226 4097 453 4170 exseruitDeus,
474 4095 513 4155 ita
533 4093 656 4155 confuse
676 4103 814 4176 operatus
834 4113 864 4154 es
929 4093 977 4152 uin
997 4111 1066 4152 vera
1087 4105 1212 4155 exstaret
1262 4133 1266 4138 -

40 4173 185 4253 nullique
205 4173 337 4236 fallaciae
357 4172 485 4236 obnoxia
506 4170 664 4230 distinctio.
702 4170 787 4234 Adde
805 4104 888 4248 quod
902 4115 1066 4230 doctrinam
1076 4171 1118 4230 sic
1130 4170 1210 4231 obsi-

41 4262 148 4335 gnant
166 4249 316 4326 miracula,
335 4261 369 4312 ut
386 4251 436 4311 illa
453 4263 575 4330 'quoque
590 4246 715 4307 vicissim
726 4245 903 4326 praeluceat,
924 4259 953 4306 et
964 4246 1211 4308 discutiatomnes

40 4324 186 4403 nebulas,
205 4327 310 4406 quibus
329 4326 475 4408 simplices
493 4335 608 4386 mentes
627 4321 754 4388 oiluscat
766 4321 865 4384 Satan.
895 4323 1034 4402 Denique
1052 4323 1078 4384 si
1097 4323 1134 4388 ab
1154 4325 1212 4385 im-

70 4429 173 4474 catrini
184 4441 268 4476 com.
282 4427 307 4472 iu
320 4429 400 4476 timu.
415 4427 459 4476 liv.
475 4425 528 4477 vot.
540 4425 575 4476 ll.
780 4433 786 4447 ¹
974 4406 1011 4465 18

1143 3579 1213 3618 nare
1292 3563 1298 3572 ⁴
