2768 4834
1237 143 1263 194 N

189 257 250 332 {bh
647 259 800 324 seculo
821 258 874 319 VI.
968 285 979 294 ·

190 415 302 484 Eadem
331 411 449 474 ratione
470 409 636 491 hypatibus
658 424 803 474 vocantur
827 431 928 471 omnes
955 409 1049 471 inania
1074 407 1342 492 gloriae'cupidi.

191 493 267 554 Nam
287 512 375 571 quum
396 489 567 572 hypocritae
588 489 719 571 profanis
738 489 931 569 scriptoribus
951 486 1022 548 dicti
1035 486 1145 545 fuerint
1156 485 1344 562 histriones,

192 569 243 650 qui
264 567 295 626 in
313 587 400 627 scena
420 577 451 626 et
469 565 543 626 ludis
563 567 643 626 fictas
663 584 803 646 personas
823 564 962 646 agebant,
982 563 1134 643 Scriptura
1146 561 1203 622 hoc
1216 567 1341 622 nomen

187 645 229 704 ‘'ad
250 644 384 705 homines
404 641 534 720 duplices
553 643 643 705 corde
664 655 694 702 et
712 641 860 734 simqlatos
879 639 1037 700 transtulit
1077 638 1259 716 Quanquam
1282 661 1340 698 va-

191 722 254 785 riae
274 731 342 780 sunt
359 718 577 800 hypocritarum
597 719 720 799 species,
741 720 858 800 quidam
878 717 956 777 enim
977 713 1105 795 quamvis
1126 713 1253 793 pessime
1274 715 1341 774 sibi

194 797 305 859 conscii
328 795 401 870 sint,
430 805 529 856 tamen
554 793 741 876 impudenter
764 814 821 875 pro
847 795 934 855 bonis
951 793 1023 861 ,viris
1043 811 1144 851 coram
1164 791 1279 850 mundo
1302 813 1340 851 se

193 873 357 944 venditant,
378 882 408 929 et
425 871 495 936 vitia
514 893 582 946 sua,
602 891 725 954 qnorum
747 871 824 930 intus
844 881 912 930 sunt
931 867 1069 940 convicti,
1089 878 1191 948 tegere
1212 887 1338 926 conan-

163 968 170 986 ‘
193 961 251 1009 tur.
293 947 355 1007 atii
374 945 431 1007 sihi
449 959 508 1007 tam
528 969 629 1008 secure
649 947 819 1028 indulgent,
848 958 882 1006 ut
902 946 988 1005 etiam
1009 943 1171 1024 perfectam
1191 943 1339 1004 iustitiam

194 1025 251 1086 sibi
276 1043 414 1104 arrogare
441 1025 567 1085 audeant
592 1045 690 1085 coram
714 1025 792 1084 Deo.
850 1023 910 1082 atii
936 1043 997 1081 nou
1023 1020 1097 1080 recti
1122 1019 1256 1091 studio„
1276 1041 1339 1080 nec

189 1100 310 1183 gloriae
321 1099 380 1159 Dei
399 1119 482 1160 causa
513 1101 564 1161 sed
584 1111 707 1175 tantum,
727 1112 759 1160 ut
778 1100 883 1160 famam
903 1098 960 1158 sihi
980 1110 1009 1157 et
1030 1095 1202 1176 opinionem
1221 1097 1338 1156 sancti-

194 1176 264 1238 tatis
288 1175 454 1255 acquirant,
485 1145 683 1237 benefaciunt.
726 1177 812 1236 Hanc
835 1187 1012 1256 postremam
1038 1172 1167 1252 speciem
1197 1171 1338 1234 Christus

182 1240 276 1313 lnunc
300 1251 448 1332 designat,
477 1264 508 1312 et
531 1253 595 1312 iure
620 1265 708 1314 vocat
733 1253 918 1334 hypocritas,
937 1249 999 1330 tqui
1019 1250 1087 1308 dum
1108 1260 1220 1308 rectum
1241 1248 1338 1308 finem

132 1356 137 1362 ·
196 1349 258 1390 non
278 1327 390 1387 hahent
408 1327 464 1388 sibi
485 1326 668 1420 propositum
688 1330 720 1390 in
740 1329 826 1389 honis
846 1328 1001 1408 operibus,
1027 1325 1151 1385 alienam
1170 1345 1336 1404 personam

200 1405 338 1480 induunt,
357 1415 391 1460 ut
409 1417 501 1464 sancti
521 1405 668 1485 probique
687 1405 746 1466 Dei
766 1405 893 1465 cultores
912 1413 1081 1496 appareant

239 1527 240 1535 κ
275 1486 303 1546 3.
346 1479 467 1541 Niceten
484 1485 606 1542 antara
631 1496 690 1542 naa.
738 1481 803 1542 Hac
826 1481 1002 1560 loquutione
1027 1475 1181 1559 intelligit,
1220 1475 1335 1537 debere

157 1621 161 1630 ,
198 1578 254 1619 noa
280 1555 370 1617 unico
394 1559 561 1618 Deo'teste
585 1569 743 1619 contentos
768 1555 853 1630 esse,
879 1570 966 1635 atque
990 1556 1030 1614 ita
1055 1554 1186 1614 intentos
1212 1553 1244 1612 in
1269 1554 1334 1636 eius

199 1633 393 1714 obsequium,
421 1645 454 1692 ut
472 1633 552 1694 nulla
570 1635 699 1694 vanitate
718 1633 964 1694 circumferamur.
1003 1632 1100 1710 Saepe
1120 1630 1198 1689 enim
1218 1628 1266 1704 frt,
1290 1642 1335 1704 ,ut

199 1730 261 1769 non
280 1719 340 1768 tam
359 1707 427 1767 Deo
446 1709 611 1769 sacrificent
630 1710 763 1769 homines
783 1709 944 1790 quam‘sibi
963 1708 1040 1788 ipsis.
1083 1707 1153 1766 Non
1172 1705 1236 1765 vult
1256 1726 1335 1787 ergo

200 1783 336 1847 Christus
362 1783 490 1863 obliquis
511 1806 551 1846 co
575 1785 745 1846 itationihns
771 1807 825 1846 nos
851 1785 986 1859 distrahi,
1016 1783 1067 1844 sed
1091 1794 1171 1858 recta
1195 1783 1225 1840 in
1251 1783 1333 1842 hunc

199 1881 322 1941 scopum
340 1860 474 1934 tendere,
492 1873 529 1920 ut
543 1805 641 1921 licum
660 1883 733 1942 pura
753 1863 934 1922 conscientia
954 1860 1092 1920 colamus.

275 1943 305 2001 4.
341 1935 532 2014 Elemmrna
553 1952 605 1998 tun
627 1942 659 1998 in
681 1939 802 2000 occulto.
846 1939 972 1999 Videmr
995 1937 1067 1996 haec
1093 1933 1238 1995 sententia
1264 1957 1333 1995 curn

199 2011 298 2073 multis
326 2011 497 2094 Scripturae
524 2012 597 2074 locis
622 2036 771 2099 pugnare,
808 2014 859 2075 ubi
886 2013 1020 2074 iubemur
1046 2013 1151 2071 fratres
1176 2009 1333 2073 aedificare

199 2087 289 2150 honis
307 2088 456 2169 exemplis.
501 2087 561 2150 Sed
580 2091 604 2150 si
624 2103 757 2151 tenemus
778 2089 889 2152 Christi
908 2090 1079 2162 consilium,
1102 2087 1192 2148 rerba
1213 2088 1333 2170 longius

195 2164 317 2226 meere
339 2185 394 2225 nos
420 2177 549 2256 oportet.
593 2169 681 2228 lubet
703 2189 771 2228 suos
796 2166 955 2247 discipulos
980 2185 1054 2246 pure
1075 2178 1105 2224 et
1125 2164 1230 2244 procul
1249 2167 1333 2225 omni

198 2239 362 2314 ambitione
381 2239 467 2304 bonna
487 2243 627 2322 operibus
646 2245 716 2306 dare
731 2264 871 2324 operam:
891 2255 924 2302 ut
942 2243 1001 2304 hoc
1021 2243 1080 2316 hat,
1100 2240 1202 2305 occulos
1222 2241 1257 2301 ab
1274 2243 1333 2302 ho-

198 2317 312 2376 minum
330 2315 437 2378 intuitu
451 2317 518 2397 ,vult
537 2340 598 2382 esse
618 2341 751 2394 aversos,
780 2340 839 2410 quo
859 2319 927 2380 satis
945 2317 1075 2387 habeant
1092 2339 1142 2376 sua
1162 2317 1259 2376 officia
1280 2319 1333 2378 uni

200 2389 270 2453 Deo
294 2393 431 2473 probare
476 2397 558 2456 llaec
582 2416 653 2456 vero
678 2395 844 2477 simplicitas
869 2395 988 2454 minime
1014 2394 1136 2473 impedit
1154 2393 1333 2456 ,aedificandi

202 2489 302 2528 curam
321 2490 355 2530 ac
374 2471 509 2531 studium.
538 2473 579 2532 Et
597 2485 678 2534 certe
697 2473 786 2554 paulo
806 2483 874 2532 ante
894 2493 956 2531 non
977 2470 1106 2550 praecise
1127 2469 1218 2530 vetuit
1237 2470 1333 2530 bene-

199 2545 299 2606 facere
318 2565 418 2606 coram
437 2547 615 2622 bominibus,
632 2548 684 2608 sed
704 2549 932 2610 ostentationem
953 2546 1108 2606 damnavit.
1145 2545 1237 2606 Pinea·
1253 2561 1331 2622 tures,

201 2625 253 2716 qui
279 2621 355 2682 videt
376 2626 408 2682 in
431 2625 550 2684 eccum.
606 2624 710 2685 Tacite
733 2625 906 2716 perstringit
928 2623 1093 2696 stultitiam,
1125 2642 1200 2701 quae.
1224 2625 1332 2716 passim

197 2710 280 2776 puter
297 2699 432 2775 homines
450 2719 482 2760 re
527 2712 566 2780 at,
586 2701 665 2780 quod
684 2701 740 2760 siba
759 2701 897 2762 videntur
916 2720 1036 2780 operam
1056 2698 1167 2771 lusisse,
1187 2700 1242 2758 nisi
1262 2721 1332 2781 spe-

200 2787 278 2835 ctata
296 2775 388 2834 fuerit
406 2797 423 2834 a
442 2797 490 2834 mu
504 2776 539 2839 tis
558 2776 683 2837 testibus
701 2798 803 2838 eorum
822 2777 920 2837 virtus.
950 2777 1046 2835 Deum
1067 2795 1138 2856 ergo
1152 2796 1331 2858 nonmagna

199 2850 267 2911 lucc
287 2849 348 2909 indi
372 2871 421 2910 ere
440 2852 521 2926 dicit,
540 2864 606 2910 uta
630 2865 733 2914 noscat
752 2851 921 2914 benefacta:
942 2849 1009 2932 quia
1030 2851 1072 2911 illi
1094 2852 1250 2932 conspicua
1263 2866 1332 2913 sunt

201 2945 277 3006 quae
295 2871 427 3006 tendhris
445 2926 557 3008 sepulta
576 2873 720 2989 ridentur.
758 2931 835 2990 Non*
848 2940 892 3013 est
910 2929 1015 3012 igitur,
1043 2951 1096 2988 cur
1115 2939 1248 3008 putemus
1268 2951 1332 2990 esse

199 3001 330 3082 perdita,
360 3022 435 3082 quac
458 3015 648 3084 conspectum
670 3005 819 3066 hominum
839 3004 869 3063 fu
895 3005 957 3066 'unt
977 3017 1006 3064 et
1023 3004 1194 3064 testimonio
1215 3021 1330 3066 carent:

200 3076 268 3212 quia
291 3077 373 3138 Deus
392 3078 537 3140 theatrum
556 3102 639 3142 suum
658 3082 748 3142 habet
767 3083 798 3142 in
818 3023 952 3156 latebris,
984 3088 1016 3140 et
1034 3081 1213 3160 aptissimum
1234 3103 1331 3142 reme-

221 3152 280 3212 ium
299 3154 388 3214 affert
406 3155 536 3216 curando
556 3157 725 3219 ambitionis
744 3156 867 3232 morbo,
896 3159 964 3217 dum
984 3177 1038 3217 nos
1059 3157 1095 3215 ad
1114 3158 1173 3216 Dei
1193 3159 1330 3218 intuitum

197 3240 329 3304 revocat,
348 3230 398 3311 qui
417 3252 504 3292 vanas
524 3253 626 3294 omnes
645 3234 754 3318 glorias
774 3247 948 3295 evanescere
967 3233 1038 3293 facit
1058 3252 1092 3292 ex
1111 3233 1331 3296 animisnostris

197 3309 367 3384 etprhraus
384 3306 472 3368 delet.
511 3307 648 3372 Secundo
668 3313 819 3386 membro,
849 3311 930 3390 quod
949 3309 1081 3390 proxime
1100 3331 1131 3370 se
1153 3311 1247 3382 uitur,
1277 3313 1329 3372 ad-

199 3391 303 3441 monet
323 3381 467 3458 Christus,
486 3383 516 3446 in
557 3389 705 3450 uaerenda
725 3388 871 3448 bonorum
893 3407 1016 3466 operum
1034 3333 1170 3447 mercede
1184 3387 1331 3466 patienter

197 3461 423 3548 exspectandum
448 3481 509 3522 esse
533 3409 665 3524 iiltimnm
693 3463 913 3524 resurrectionis
934 3463 1021 3523 diem.
1060 3463 1150 3523 Pater
1169 3476 1251 3538 tuus,
1283 3466 1329 3523 in-

196 3545 279 3670 quit,
308 3535 413 3596 reddet
435 3537 491 3598 tihi
515 3539 620 3620 palam.
665 3539 815 3616 Quando?
848 3557 955 3621 nempe
981 3561 1070 3620 quum
1090 3551 1190 3600 exorta
1211 3541 1328 3600 ultimae

220 3611 257 3671 iei
277 3632 393 3690 aurora,
413 3634 488 3696 quae
508 3637 586 3677 nnnc
607 3617 776 3678 abscondita
796 3616 913 3680 suntin
933 3615 1064 3678 tenebris
1084 3615 1237 3700 patefient.
1277 3609 1294 3648 ‘

195 3793 203 3809 ,
518 3769 531 3800 0

236 3867 320 3948 (53.)
350 3867 596 3936 Maurum.
639 3873 668 3937 5.
688 3869 731 3936 Et
752 3892 848 3956 quum
871 3877 1021 3950 oraveris,
1046 3893 1112 3938 nou
1136 3873 1199 3936 cris
1221 3895 1327 3959 quom-

196 3965 370 4035 admodum
397 3970 603 4056 hypocritae:
632 3993 705 4036 nam
732 3970 780 4035 illi
806 3970 913 4037 colent
939 3975 972 4036 in
996 3971 1221 4039 conciliabulis
1242 3985 1273 4038 et
1293 3978 1325 4038 in

195 4067 321 4151 angulis
346 4069 525 4155 platearum
547 4083 666 4136 stantes
686 4091 797 4147 orare,
830 4093 896 4157 quo
918 4077 1086 4158 conspicui
1108 4077 1172 4136 sint
1193 4074 1326 4136 homini·¹

194 4161 271 4256 busa
294 4190 386 4241 amen
407 4169 481 4241 dico
503 4171 609 4250 vobis,
629 4173 718 4260 quod
741 4172 861 4238 habeut
880 4174 1063 4238 mercedem
1085 4195 1183 4238 sunm.
1225 4175 1254 4238 6.
1275 4175 1324 4236 'l'n

100 4339 108 4350 .
193 4287 273 4334 vero
295 4291 391 4356 quum
414 4293 504 4351 oras,
525 4277 656 4339 introito
679 4277 711 4338 in
732 4272 887 4340 conclave
909 4284 1012 4350 tuum,
1035 4287 1065 4338 et
1088 4274 1220 4347 occluso
1244 4279 1323 4338 ostio

48 4379 69 4433 κ’
190 4375 247 4435 tuo
269 4391 326 4436 ora
348 4384 470 4457 patrem
491 4385 594 4452 tuum,
622 4375 676 4459 qui
698 4386 746 4440 cst
767 4378 799 4440 in
822 4373 967 4442 occulto:
993 4387 1023 4441 et
1045 4373 1141 4438 Pater
1163 4385 1250 4451 tuus,
1269 4382 1322 4462 qui
