2814 4846
317 247 323 253 ·
441 226 546 302 (tta.
566 221 673 286 Mulier
691 221 863 303 peccatrix)
949 295 952 300 Δ
1030 253 1031 256 “
1212 227 1252 294 aa

83 375 176 465 pillis
208 377 325 463 capitis
357 379 408 443 sul
441 381 579 473 estersil.
637 377 881 446 suffimentum
899 378 991 444 'milti
1021 399 1088 446 non
1121 375 1255 444 dedisti:
1316 359 1344 386 ⁹

83 481 168 544 lrnec
203 491 310 545 autern
341 503 379 545 er
406 503 472 568 quo
499 484 641 572 intravit,
672 501 740 547 non
771 483 906 547 cessarit
938 479 1121 548 deosculari
1152 481 1255 568 pedes

83 603 185 648 meos.
227 583 281 648 46.
320 583 409 650 Oleo
439 569 534 669 caput
559 607 664 652 meum
694 606 762 652 nou
789 585 919 655 unxisti:
952 585 1034 649 haec
1064 594 1171 648 autem
1197 604 1256 650 nu·

81 695 207 772 guerno
242 689 332 752 unxit
362 687 464 773 perles
491 709 591 754 meos.
637 691 688 754 47.
716 691 854 776 Propter
880 687 968 777 qood
996 688 1071 755 dico
1098 685 1173 767 tibi,
1204 708 1256 752 re·
1287 746 1294 751 .

83 796 254 854 mittuntur
279 803 412 876 peccata
440 794 508 856 eius
535 777 650 870 multa,
683 795 834 880 quoniam
866 790 977 858 dilexit
1010 790 1159 856 multum:
1202 791 1256 854 cui

85 902 194 958 autem
230 895 337 958 minus
363 896 548 972 remittitur,
581 898 686 962 minos
714 895 826 983 diligit.
881 897 934 962 48.
960 897 1051 962 Dixit
1080 901 1186 960 autem
1209 889 1256 972 ad

84 995 189 1074 illam,
216 995 438 1101 Reqnittontur
459 997 518 1062 tibi
540 1009 680 1084 peccota.
722 999 774 1064 49.
801 1001 844 1065 Et
864 1008 1056 1086 coeperunt,
1083 998 1138 1083 qui
1161 991 1255 1060 simul

87 1095 342 1179 accumbebant,
371 1100 480 1166 dicere
508 1104 590 1166 intra
613 1124 670 1180 se,
696 1102 782 1188 Quis
810 1114 859 1168 est
885 1103 951 1182 bic,
979 1105 1035 1190 qui
1064 1102 1159 1166 etiam
1180 1109 1256 1186 pec-

85 1213 156 1266 cata
178 1205 332 1269 remittit?
370 1204 421 1271 hil.
448 1204 538 1270 Dixit
564 1216 669 1272 autem
699 1206 741 1272 ad
767 1204 952 1286 mulierem,
986 1204 1086 1272 Fides
1112 1213 1167 1269 tua
1193 1199 1256 1268 sal-

82 1327 156 1370 vam
176 1315 212 1370 te
234 1305 320 1384 lecit,
343 1306 429 1373 vade
450 1311 485 1373 ln
506 1329 595 1394 pace.
816 1316 819 1327 ⁴

160 1491 210 1584 36.
250 1517 388 1596 Rognlm
404 1535 500 1582 omem
517 1521 600 1582 illum
613 1520 698 1659 quid.
717 1543 760 1582 erc
777 1519 869 1582 Pdrw.
909 1477 992 1582 llaec
1011 1519 1135 1581 historia
1156 1521 1256 1596 docet,

83 1614 173 1732 quam
192 1600 305 1658 morosi
325 1599 385 1658 sint
403 1610 434 1658 et
453 1599 609 1679 concipien

632 1600 670 1674 is,
695 1599 755 1660 imo
782 1599 932 1680 captandis
957 1597 1176 1660 ostensionibus
1202 1597 1255 1658 ad·
1291 1609 1294 1620 '

104 1673 173 1747 icti,
200 1673 367 1753 quicunque
394 1675 504 1736 Christi
531 1671 661 1736 cilicium
687 1697 749 1736 oon
777 1689 958 1738 noverunt:
976 1675 1087 1736 Invitat
1106 1674 1255 1736 Christum

82 1748 273 1808 Pharisaeus:
294 1751 373 1810 unde
394 1751 569 1834 colligimus,
589 1773 686 1844 neque
707 1773 741 1814 er
760 1753 874 1814 infestis
893 1764 928 1813 ac
948 1750 1085 1813 violentis
1102 1749 1256 1810 doctrinae

82 1826 145 1886 eius
171 1826 323 1902 hostibus,
348 1848 446 1906 neque
471 1850 505 1888 ex
529 1830 662 1910 superbus
688 1829 945 1912 contemptoribus
960 1848 1055 1888 unum
1075 1827 1180 1902 tuisse,
1204 1826 1257 1886 sed

82 1903 214 1981 quamvis
234 1917 400 1964 mansuetus
422 1917 508 1981 esset,
527 1907 625 1966 statim
646 1905 811 1967 ollenditur
830 1907 882 1968 ubi
902 1906 1073 1980 mulierem,
1098 1925 1174 1984 quae
1195 1903 1257 1964 eius
1308 1961 1317 1972 ,

82 2001 101 2038 o
125 1980 230 2039 inione
250 1981 376 2040 arcenda
396 1994 494 2042 erata
515 2003 676 2043 convresm
702 1995 732 2043 et
756 1983 928 2064 colloquio,
956 1983 1024 2043 beni
1048 2002 1085 2042 ne
1106 1979 1220 2040 admitti
1240 2001 1258 2041 a

83 2057 109 2116 C
133 2057 207 2145 risto
224 2057 322 2146 uidet:
342 2056 470 2150 ideoque
489 2029 671 2150 Prophetam
692 2081 753 2120 esse
769 2073 875 2151 negat,
896 2060 963 2140 quia
976 2003 1173 2149 Mediatorem
1193 2077 1257 2147 non

81 2144 236 2214 agnoscit,
262 2153 342 2192 curus
363 2154 516 2214 proprium
536 2148 574 2196 stt
593 2157 712 2211 munus,
732 2156 860 2220 ,miseros
887 2147 1060 2217 peccatores
1081 2157 1111 2194 1n
1131 2146 1256 2216 gratiam

81 2231 149 2269 curn
159 2209 231 2268 Deo
251 2211 403 2281 reducere.
444 2212 511 2270 lloc
531 2213 649 2290 quidem
671 2213 727 2271 iarn
747 2212 858 2291 aliquid
879 2223 951 2286 erat,
972 2209 1122 2272 Christum
1141 2209 1258 2292 dignari

82 2285 257 2365 Prophetae
278 2286 408 2347 honore:
427 2277 528 2346 veirrm
549 2287 634 2347 simul
655 2289 807 2367 inquirere
828 2290 973 2370 oportuit,
993 2306 1132 2366 quorsum
1155 2289 1257 2346 missus

83 2375 175 2436 esset,
196 2361 267 2440 quid
288 2361 424 2437 allerret,
444 2363 514 2442 quid
534 2364 660 2442 deniqne
681 2365 844 2424 iniunctum
864 2365 907 2423 iili
929 2374 1005 2423 esset
1025 2385 1040 2422 a
1062 2363 1168 2438 Patre,
1188 2362 1257 2442 quia

82 2437 335 2500 reconciliationis
350 2441 483 2522 gratiam,
504 2442 584 2519 qnod
606 2440 764 2520 praecipue
779 2441 809 2500 in
823 2441 943 2502 Christo
955 2439 1115 2498 tenendum
1128 2451 1183 2514 est,
1202 2459 1257 2498 ne-

82 2515 185 2598 glexit,
205 2535 269 2574 non
289 2517 401 2594 putavit
420 2517 686 2596 esseProphetam.
723 2518 764 2576 Et
783 2528 863 2577 certe
879 2515 936 2575 nisi
952 2515 1063 2577 Christi
1077 2515 1172 2596 gratia
1186 2515 1258 2574 haec

82 2591 191 2651 mulier
209 2589 328 2652 abolitis
348 2593 475 2674 peccatis
495 2614 601 2653 novam
622 2593 761 2653 iustitiam
781 2593 887 2672 adepta
908 2604 994 2666 esset,
1016 2591 1099 2650 reiici
1114 2590 1257 2670 oportuit.

82 2670 119 2728 In
140 2689 180 2729 eo
200 2679 315 2728 tantum
335 2682 412 2730 errat
431 2669 548 2743 Simon,
568 2670 635 2748 quia
656 2690 718 2730 non
738 2681 894 2760 reputans,
913 2667 1027 2728 venisse
1050 2666 1199 2727 Christum
1220 2667 1256 2727 ad

82 2745 261 2807 servandum
280 2747 361 2824 quod
381 2746 520 2826 perierat,
539 2746 806 2818 temereconiicrt,
826 2747 932 2882 dignos
954 2743 989 2804 ah
1012 2743 1142 2824 indignis
1161 2743 1257 2833 ipsum

82 2843 145 2882 non
177 2821 356 2882 discernere.
399 2822 498 2882 Porro
524 2844 562 2883 ne
589 2821 647 2882 tale
672 2822 760 2882 nohis
785 2822 852 2884 lasti
875 2824 933 2880 inm
959 2821 1102 2899 obrepat,
1135 2841 1257 2880 seramus

84 2899 200 2978 primo,
222 2895 372 2958 Christum
392 2899 504 2958 miseris
525 2921 559 2960 ae
580 2899 702 2980 perditis
721 2898 892 2960 hominibus
912 2899 1011 2957 datum
1032 2917 1094 2956 esse
1115 2895 1257 2958 liberato-

84 2996 165 3050 rem,
193 2974 244 3054 qui
264 2996 280 3034 a
300 2987 396 3034 morte
417 2996 469 3035 eos
488 2976 520 3036 in
540 2977 628 3037 vitam
649 2975 790 3036 restituat.
832 2973 951 3035 Deinde
974 2995 1006 3033 se
1033 2973 1165 3064 quisquis
1190 2993 1257 3033 esa·
1280 2983 1292 3037 κ’
1335 3037 1343 3054 ,

82 3053 179 3112 minet
199 3071 232 3111 ac
249 3071 329 3111 suam
344 3051 447 3112 vitam:
468 3053 507 3111 ita
529 3053 580 3112 liet
598 3065 632 3111 ut
650 3073 712 3112 non
731 3053 881 3127 miremur,
900 3049 1139 3110 alios'nobrscum
1155 3050 1215 3111 reci
1237 3049 1259 3125 i,

85 3129 153 3207 quia
178 3149 269 3188 nemo
294 3147 325 3186 se
351 3127 415 3188 aliis
439 3127 591 3208 praeferre
618 3129 746 3190 audebit.
785 3130 856 3190 Sola
883 3127 962 3190 enim
988 3127 1152 3208 hypocrisis
1171 3127 1202 3186 in
1226 3137 1258 3188 at

87 3226 208 3266 secrrros
229 3204 372 3280 homines,
392 3215 425 3264 ut
444 3205 516 3265 alios
537 3227 640 3266 omnes
661 3205 833 3286 despiciant.
1180 3277 1182 3283 y

161 3287 212 3347 37.
250 3279 367 3340 Mulier
389 3303 465 3361 qens
487 3296 550 3343 emt
568 3285 736 3358 peccate-lx.
773 3283 823 3342 stc
847 3278 1031 3342 adverbum
1056 3279 1257 3356 habetur„ut

84 3358 237 3419 transtuli:
256 3359 381 3418 Erasmo
401 3357 513 3438 placuit
529 3371 645 3438 tempus
662 3357 745 3418 verbi
761 3357 1116 3440 plusquampraeteritum,
1135 3379 1174 3418 ne
1193 3357 1257 3438 quis

84 3446 220 3514 putaret,
245 3456 310 3496 eam
333 3446 404 3495 tunc
431 3435 526 3496 adhuc
546 3435 634 3495 luisse
654 3435 859 3516 peccatricem.
898 3433 960 3494 Sed
980 3455 996 3493 a
1017 3433 1149 3526 genuino
1169 3455 1257 3496 sensu
1361 3465 1364 3477 ⁴

84 3511 226 3573 discessit.
265 3510 371 3570 Voluit
390 3511 468 3570 enim
487 3525 593 3572 notare
613 3512 723 3586 Lucas,
748 3511 841 3591 qualis
862 3523 940 3572 esset
958 3511 1087 3572 mulieris
1110 3509 1256 3583 conditio,
1292 3533 1297 3548 =

84 3600 116 3648 et
136 3588 208 3670 quid
228 3589 265 3650 de
286 3608 319 3647 ea
341 3608 442 3647 ornnes
462 3590 614 3648 sentirent.
652 3589 784 3648 Tametsi
803 3589 883 3649 enirn
902 3585 998 3648 subita
1019 3587 1080 3648 eius
1098 3584 1255 3650 conversio
1283 3595 1288 3605 ⁴

85 3685 185 3726 coram
197 3666 267 3725 Deo
287 3663 372 3724 aliam
391 3665 570 3738 reddiderat,
590 3685 676 3746 quam
693 3665 773 3745 prius
789 3664 900 3738 luisset,
919 3664 1053 3724 nondum
1065 3675 1165 3724 tamen
1177 3659 1256 3742 apud

87 3742 222 3802 homines
248 3741 420 3802 exstinctum
446 3753 509 3800 erat
528 3741 688 3821 superioris
708 3741 785 3802 vitae
806 3742 943 3802 dedecus.
982 3741 1056 3799 Erat
1076 3759 1151 3820 ergo
1172 3757 1255 3797 corn·

87 3818 169 3877 muni
185 3818 296 3878 iudicio
313 3817 471 3896 peccatrix,
491 3817 548 3877 hoc
566 3829 619 3893 est,
637 3818 796 3878 sceleratae
817 3830 848 3878 et
866 3817 1028 3898 probrosae
1048 3816 1136 3874 vitae.
1167 3812 1256 3872 Unde

108 3913 244 3976 erperam
264 3893 356 3955 inlert
374 3893 490 3967 Simon,
510 3894 616 3974 spiritu
635 3895 822 3981 discretionis
841 3893 960 3955 destitui
981 3889 1147 3967 Christum,
1166 3908 1255 3970 quem

86 3916 160 4032 latet
178 3971 300 4030 infamia
320 3970 409 4051 vulgo
429 3981 510 4030 nota.

162 4055 212 4113 46-
256 4047 447 4124 Βεῳοηᾶω
469 4045 556 4106 lesus
582 4061 633 4108 etc.
683 4047 752 4108 Hoc
781 4067 924 4127 responso
953 4047 1136 4106 demonstrat
1166 4041 1255 4104 Chri-

85 4136 163 4198 stus,
189 4135 376 4214 quantopere
396 4124 538 4184 erraverit
557 4123 671 4185 Simon.
710 4124 844 4184 'saritam
869 4123 947 4182 enirn
974 4133 1004 4182 et
1029 4121 1173 4184 occultam
1194 4121 1256 4180 eius

87 4193 304 4338 cokitatronem
323 4201 355 4260 in
374 4201 503 4262 medium
522 4202 689 4281 proferens,
708 4201 817 4293 aliquid
835 4199 995 4278 Prophetis
1015 4195 1256 4260 excellentinsse
1316 4245 1324 4262 ,

86 4278 123 4338 ha
147 4293 199 4338 ere
220 4278 339 4358 probat.
376 4279 481 4355 Neque
501 4277 581 4337 oraim
601 4277 662 4338 eius
683 4277 780 4338 scrhrs
798 4277 971 4356 respondet,
990 4277 1041 4337 sed
1055 4275 1135 4356 qnod
1147 4275 1196 4334 ille
1208 4274 1254 4332 in-

88 4367 134 4444 tus
144 4373 334 4440 suppressum
344 4353 467 4416 tenebat
476 4353 594 4415 refellit.
633 4353 739 4436 Neque
758 4353 790 4415 id
808 4363 923 4414 tantum
938 4352 1069 4438 Simonis
1084 4373 1185 4428 causa,
1203 4349 1255 4412 sed
