2764 4846
196 216 218 278 8
370 207 522 276 semo
543 207 584 272 11.
622 207 758 288 loannts
778 189 969 270 Barrmran
989 220 1151 270 maranes

276 367 323 430 lb
361 361 410 424 Na
431 364 548 435 timus,
578 357 741 422 loedoria.
778 358 949 422 Notandum
975 371 1035 432 est,
1063 357 1123 421 Dei
1143 357 1270 444 gloriam
1292 359 1345 420 ita

201 431 419 502 formidabilem
439 459 502 500 esse
520 437 646 512 Sanctis,
665 449 699 498 ut
717 455 781 498 non
799 457 919 518 prorsus
938 435 1152 498 absorbeantur
1171 458 1186 497 a
1207 457 1346 516 pavore,

201 517 254 578 sed
273 527 386 579 tantuna
405 525 438 576 ut
456 513 537 574 inani
557 513 662 574 fiducia
683 512 790 574 deiecti
812 512 961 574 humiliter
984 535 1052 575 eum
1071 514 1239 594 suspiciant.
1283 513 1344 572 Si-

200 593 262 654 mul
288 612 361 674 ergo
387 609 420 651 ac
446 590 540 651 carnis
564 589 732 670 superbiam
757 589 917 668 prostravit
939 589 1022 650 Deus
1045 590 1077 650 in
1101 588 1344 664 suislidelibus,

200 679 339 752 porrecta
357 687 445 726 manu
465 685 516 726 eos
536 666 654 726 excitat:
675 687 740 726 cum
759 665 895 746 reprobis
915 659 1000 726 aliler
1016 666 1087 750 agit.
1116 665 1192 726 Nam
1213 666 1342 745 quoties

202 744 308 805 adDei
321 741 452 812 tribunal
472 741 636 817 trahuntur,
656 761 707 802 eos
726 757 806 802 mera
828 741 928 802 obruit
947 741 1124 823 desperatio,
1144 755 1233 822 atquc
1255 743 1340 802 hanc

199 821 283 882 Deus
306 819 410 879 iustam
433 817 600 880 mercedem
624 839 657 879 re
680 818 763 878 endit
783 819 866 880 vanis
891 839 996 880 comm,
1015 818 1145 894 solatiis',
1173 817 1282 898 quibus
1304 839 1340 879 se

201 897 239 957 ad
262 895 404 1032 peccandi
428 895 573 956 lasciviam
603 839 760 955 inebriant.
812 893 914 1030 (quare
943 894 1016 956 haec
1046 893 1134 956 nobis
1163 894 1337 956 consolatio

89 1027 93 1042 ,
201 993 268 1054 amp
282 971 403 1032 ectanda
424 982 477 1046 est,
498 991 553 1050 qua
566 970 734 1032 Zachariam
743 971 830 1054 Ange
843 991 875 1030 us
894 969 1038 1046 sublevat,
1057 991 1119 1032 uon
1139 991 1202 1032 esse
1221 971 1335 1031 timen-

202 1049 286 1123 dum,
304 1046 356 1107 ubi
375 1046 462 1108 nobis
482 1047 627 1129 propitius
649 1059 694 1108 cst
709 1047 799 1108 Deus.
837 1045 962 1110 blultum
983 1049 1112 1109 enimse
1132 1045 1247 1122 fallunt,
1269 1047 1335 1126 qui,

201 1135 235 1186 ut
252 1145 327 1208 pace
346 1123 489 1199 struantur,
507 1144 540 1186 se
559 1120 745 1184 abscondunt
763 1122 955 1202 aDei,lacie,
975 1143 1063 1203 quum
1084 1121 1171 1184 nobis
1186 1145 1241 1204 pax
1253 1123 1336 1204 apud

202 1221 270 1262 eum
290 1200 456 1280 quaerenda
475 1200 522 1260 ait.
533 1198 704 1258 danudon
721 1215 762 1260 est
776 1204 907 1276 macuto
925 1214 985 1260 nco.
1009 1198 1169 1280 Perperam
1184 1211 1214 1260 et
1226 1212 1335 1260 contra

202 1277 296 1338 officii
315 1275 360 1336 sui
378 1277 525 1336 rationem
544 1275 648 1336 secisse
668 1275 762 1340 videri
782 1276 876 1356 possit
894 1277 1063 1351 Zacharias,
1082 1275 1105 1334 si
1127 1275 1334 1336 sanctuarium

93 1367 97 1374 ⁴
202 1351 365 1436 ingressus,
388 1352 479 1412 totius
498 1351 603 1433 populi
620 1349 760 1427 homine,
788 1372 845 1433 pro
865 1351 1048 1433 impetranda
1067 1351 1173 1414 sobole
1192 1363 1243 1412 tan
1266 1373 1334 1410 uam

201 1429 293 1490 homo
313 1429 442 1510 privatus
462 1427 604 1489 oraverit:
637 1426 767 1488 debebat
791 1428 869 1490 enim
894 1429 1033 1490 sacerdos
1054 1449 1136 1488 susce
1160 1439 1187 1488 ta
1211 1373 1335 1508 publica

200 1525 339 1588 persona,
359 1515 408 1566 tan
451 1523 497 1565 am
515 1503 560 1566 sui
581 1501 701 1578 oblitus,
716 1525 775 1595 pro
796 1505 943 1566 communi
953 1505 1104 1566 Ecclesiae
1115 1449 1208 1564 salute
1249 1524 1334 1564 reces

200 1581 371 1673 concipere.
435 1579 443 1639 i
464 1580 601 1654 dicamus,
621 1579 694 1639 nihil
715 1601 746 1639 rn
766 1601 803 1640 eo
824 1580 913 1642 foisse
933 1579 1061 1656 absurdi,
1101 1581 1160 1642 uod
1176 1526 1333 1640 Zacharias

201 1679 361 1739 praecipua
389 1657 493 1717 orandi
522 1667 606 1737 parte
636 1655 790 1715 defunctus
817 1657 948 1716 secundo
981 1657 1050 1720 loco
1076 1603 1112 1718 ule
1138 1677 1169 1717 se
1195 1657 1357 1737 privatim.

203 1733 394 1816 cogitaverit,
423 1751 486 1794 non
506 1733 606 1824 inepta
627 1733 685 1792 erit
702 1731 820 1792 solutio.
861 1733 987 1793 Sed'vix
1005 1731 1162 1815 probabile
1182 1743 1241 1808 est,
1273 1735 1331 1792 Za-

202 1809 331 1872 chariam
351 1819 421 1870 tuuc
441 1828 497 1889 pro
518 1809 580 1870 filio
600 1808 786 1890 impetrando
807 1828 915 1883 orasse,
935 1809 973 1872 de
992 1831 1052 1889 quo
1064 1810 1271 1891 desperaverat
1290 1807 1332 1869 ob

201 1897 373 1966 provectam
391 1884 489 1948 uxoris
508 1897 648 1961 aetatem,
667 1905 722 1945 nec
741 1905 812 1945 sane
831 1907 865 1945 en
884 1885 982 1946 verbis
1001 1885 1110 1979 Anqeli
1130 1885 1247 1946 elicitur
1265 1893 1333 1946 ce'r-

200 1971 263 2021 tum
284 1960 405 2042 aliquod
423 1961 565 2042 temporis
583 1970 773 2021 momentum.
818 1959 920 2036 Quare
944 1961 1117 2043 simpliciter
1139 1962 1334 2042 interpretor,

205 2038 369 2100 exauditum
388 2037 507 2100 undem
523 2037 731 2112 lbisserotum,
771 2037 831 2097 uod
850 2037 907 2097 lam
927 2059 944 2098 a
963 2038 1056 2100 multo
1075 2050 1210 2120 tempore
1231 2058 1333 2098 coram

203 2111 274 2174 Deo
296 2113 450 2176 effuderat.
488 2113 586 2174 Porro
599 2057 808 2194 suscipiendae
828 2112 919 2194 prolis
939 2115 1125 2192 desiderium,
1144 2115 1234 2176 modo
1255 2113 1335 2179 absit

194 2209 352 2265 ‘excessum
394 2190 452 2249 ium
473 2201 504 2251 ct
522 2201 653 2252 sanctum
673 2209 736 2250 esse
756 2188 824 2251 colli
848 2210 899 2250 ere
918 2189 989 2252 licet
1008 2212 1041 2252 ex
1063 2191 1230 2272 Scriptura,
1255 2209 1334 2270 quae

204 2263 284 2328 inter
302 2265 362 2330 Dei
372 2211 605 2328 henedictiones
625 2265 700 2338 hanc
725 2285 786 2326 non
807 2209 911 2330 ultimo
931 2265 1001 2329 loco
1020 2279 1161 2330 mamerat
1203 2265 1336 2328 Vocula

202 2363 306 2402 aomos
324 2345 385 2404 rito
401 2341 552 2402 Ioannem.
591 2342 709 2403 Nomen
727 2341 877 2423 Baptistae
897 2343 1066 2427 impositum
1086 2343 1173 2405 luisse
1198 2344 1333 2405 existimo

198 2417 244 2484 etl
260 2420 319 2480 vim
341 2416 432 2480 ollicii
453 2419 514 2480 eius
534 2417 802 2480 commendandam.
841 2437 955 2501 pamm,
974 2441 1029 2501 pro
1046 2441 1105 2502 quo
1122 2421 1231 2486 Graeci
1240 2421 1333 2481 loan-

204 2519 273 2563 nem
293 2501 409 2576 dicunt,
437 2500 581 2564 Hebraeis
606 2512 694 2562 sonat
716 2499 841 2566 Domini
854 2505 992 2580 mma.
1032 2503 1094 2564 Sed
1112 2501 1197 2564 multi
1215 2502 1257 2562 sic
1276 2523 1332 2563 vo-

109 2619 125 2632 ·-
202 2589 300 2652 satum
325 2578 413 2639 luisse
436 2589 542 2658 putant
565 2577 655 2638 filium
676 2577 848 2652 Zachariae,
883 2580 964 2658 quasi
982 2578 1052 2640 Deo
1077 2579 1224 2642 dilectum.
1263 2579 1331 2662 Ego

204 2667 302 2720 tutent
322 2675 385 2718 uon
404 2655 538 2737 gratiam,
557 2676 614 2735 qua
623 2653 763 2790 privatim
774 2653 910 2736 dignatus
922 2655 1055 2720 estillum
1067 2655 1160 2730 Deus,
1180 2676 1333 2716 commen-

204 2731 300 2794 datam
320 2730 408 2791 luisse
429 2730 571 2806 existimo,
589 2751 621 2792 sc
661 2751 748 2821 quana
767 2729 829 2790 eius
848 2730 959 2813 legatio
979 2730 1099 2798 allatura
1113 2731 1333 2797 eratomnibus.

204 2807 273 2868 Vim
293 2818 391 2868 autern
411 2815 441 2866 et
459 2806 722 2886 pondusnotnrnis
745 2817 859 2886 tempus
884 2807 1055 2898 amplificat,
1084 2809 1152 2892 quia
1176 2820 1334 2890 antequam

206 2893 340 2948 nascatur
358 2882 470 2968 gratiae
486 2903 557 2946 suae
576 2881 743 2971 symbolum
761 2880 804 2946 illi
823 2882 905 2946 Deus
925 2885 1072 2966 resculpit·

248 3112 310 3194 (3.)
335 3111 438 3182 LUC.
458 3113 480 3179 l.
521 3113 573 3179 lb
604 3112 646 3179 Et
678 3116 739 3183 erit
765 3113 914 3202 gaudium
942 3113 1002 3182 tibi
1031 3125 1063 3181 et
1089 3114 1272 3194 exsultatio,
1302 3126 1337 3182 et

206 3213 297 3280 multi
317 3236 423 3300 super·
437 3217 505 3280 eiua
526 3217 691 3280 nativitato
712 3213 908 3301 gaudebunt.
945 3217 999 3284 15.
1019 3215 1090 3282 Erit
1104 3220 1188 3284 euim
1203 3212 1345 3301 magnus

83 3357 124 3385 ,ι
207 3335 314 3380 coram
336 3313 495 3396 Domino,
526 3325 559 3382 et
578 3317 686 3382 riuum
707 3319 905 3402 siceramque
925 3336 993 3383 non
1020 3313 1126 3383 bibet:
1160 3328 1191 3382 et
1212 3317 1338 3408 Spiritu
1374 3397 1375 3404 ἵ

203 3413 319 3482 'sancto
340 3413 521 3504 replebitur
548 3417 611 3484 iam
636 3415 714 3483 inde
745 3413 788 3482 ab
808 3426 902 3484 utero
923 3419 1030 3482 matris
1051 3438 1139 3484 suae,
1181 3419 1230 3484 to.
1249 3416 1339 3486 Mul-

207 3526 323 3604 toaque
348 3515 489 3582 filiorum
516 3515 616 3582 lsrael
647 3526 816 3582 convertet
847 3516 889 3582 ad
916 3520 1088 3586 Dominum
1112 3515 1218 3584 Deum
1249 3518 1339 3604 ipso-

191 3638 286 3699 rum.
329 3615 379 3682 17.
405 3616 447 3684 Et
467 3621 537 3706 ipse
563 3616 738 3703 praecedet
767 3623 841 3684 ante
868 3615 960 3682 illum
978 3641 1051 3692 oum
1074 3617 1195 3704 Spiritu
1222 3629 1255 3682 et
1274 3621 1339 3682 rin

209 3727 277 3784 tute
298 3715 407 3796 Eliae,
441 3727 476 3781 ut
503 3727 669 3782 convertat
696 3716 796 3783 corda
817 3729 941 3804 patrum
971 3718 1013 3784 ad
1034 3715 1136 3796 filios,
1168 3729 1200 3786 ot
1220 3717 1338 3786 inobe-

211 3819 338 3884 dientes
360 3815 402 3883 ad
428 3817 631 3905 prudentiam
658 3819 831 3896 iustorum,
855 3828 891 3884 ut
918 3829 1009 3903 paret
1034 3819 1178 3888 Domino
1205 3817 1336 3906 plebem

208 3919 393 4008 perlectam.

184 4065 196 4082 ο
286 4107 333 4165 tt.
372 4097 440 4157 Erit
464 4095 516 4156 tibi
534 4077 683 4174 gaudum.
733 4097 882 4160 Gaudium
909 4051 1000 4160 naaius
1031 4099 1166 4184 designat
1194 4101 1339 4238 Anqelus,

211 4197 297 4268 quam
323 4175 403 4310 qpod
429 4173 582 4268 pei-cipere
609 4175 762 4238 Zacharias
787 4186 906 4256 poterat
931 4183 966 4234 ex
989 4197 1066 4268 nqva
1091 4175 1211 4238 sobole:
1260 4177 1336 4268 ,lium

209 4275 289 4318 erum
308 4250 351 4311 ilr
371 4250 436 4332 lqre
455 4250 615 4336 significat,
634 4251 760 4342 'qualem
785 4271 823 4310 nc
848 4263 952 4332 optare
979 4253 1096 4343 quidem
1122 4275 1206 4316 ausus
1226 4253 1337 4319 luisset.

208 4331 279 4396 Mox
298 4328 387 4393 etiam
405 4327 481 4392 ultra
501 4327 701 4416 progredior,
719 4349 782 4392 oon
802 4327 868 4392 iore
889 4327 1080 4394 domesticum
1098 4330 1177 4396 istud
1187 4331 1338 4418 gaudium,
