2766 4834
411 265 476 345 (Β
502 261 635 346 Praetu
655 266 830 348 Aeritius)

57 413 132 474 adhuc
149 425 227 476 esset
244 415 363 492 Israel,
393 417 480 485 eduxi
499 437 565 480 enm
585 437 601 478 e
621 417 727 480 misera
744 417 797 492 illa
815 417 972 493 seruitute,
996 417 1028 480 in
1070 440 1104 492 ¹a
1124 421 1176 484 de-

55 513 144 550 mersus
163 505 238 551 erat.
280 491 372 554 Prius
398 495 500 556 similis
524 494 620 556 luerat
642 505 777 572 mortno,
812 505 843 556 et
865 494 1052 576 Aegyptusi
1068 495 1087 558 li
1115 510 1178 560 erat

55 571 126 626 instar
143 569 296 649 sepulcri:
320 583 497 652 egoautem
510 571 588 647 inde,
629 571 690 630 nasi
711 591 745 630 ex
763 583 849 632 utero
865 572 1012 644 eductum,
1032 569 1063 632 in
1084 571 1178 635 lucem

54 645 112 702 iitie
128 647 257 724 protuli.
303 645 414 707 Merito
436 660 531 708 antem
551 648 592 708 sic
609 593 744 726 ioquiiir
761 647 907 708 Dominus
956 647 1023 728 quia
1042 647 1180 710 liberatio

51 723 87 780 illa
104 723 251 800 quaedam
282 721 341 782 suit
361 724 466 804 populi
492 723 633 784 nativitas.
674 725 759 783 Tunc
780 723 858 784 enim
878 745 973 804 paam
994 725 1089 786 laetae
1109 738 1177 785 sunt

51 799 203 876 adoptionis
225 799 371 876 tabulae,
403 822 491 880 quum
511 799 593 882 Lege
612 801 798 882 promulgata
818 813 952 882 receptus
973 801 1067 862 estin
1088 823 1179 882 pecu-

52 873 103 932 lium
118 875 187 950 Dei,
209 897 246 936 re
273 876 553 954 numsacerdotale‚
574 888 604 937 et
620 889 739 960 gentem
751 890 878 944 sanctam
884 901 900 956 ρ.
915 899 1004 958 quum
1024 877 1060 938 ab
1082 879 1178 938 omui-

51 951 89 1010 bus
105 973 144 1031 po
168 953 230 1012 ulis
248 898 316 1014 inii
334 975 365 1014 se
405 966 516 1036 egatus,
536 976 624 1034 quum
637 953 776 1034 denique,
792 967 827 1020 ¹ut
842 955 873 1014 in
892 953 990 1014 medio
1012 955 1074 1016 eius
1095 955 1178 1023 liabi-

51 1041 121 1102 taret,
185 974 405 1104 ominussibi
425 1029 644 1090 tabernaculum
670 1029 769 1090 erexit
814 1029 943 1092 Perinde
965 1031 1057 1112 igitur
1080 1031 1179 1092 valent

50 1102 203 1240 Prophetae
226 1107 327 1168 verba
347 1106 407 1168 acsi
429 1106 558 1182 dixisset,
582 1106 723 1188 populum
744 1128 778 1169 eis
796 1107 946 1189 Aegypto·
960 1125 1023 1168 non
1041 1129 1124 1178 sectis
1143 1129 1178 1169 ac

50 1201 89 1258 pio
102 1184 181 1249 undo
203 1185 319 1245 mortis
339 1185 460 1266 gurgite
481 1196 612 1264 ereptum
629 1205 706 1243 esse.
744 1183 807 1243 lam
832 1185 996 1264 redemptio
1016 1205 1070 1264 per
1090 1182 1178 1260 Chri-

50 1269 106 1316 stum
131 1259 224 1319 allata
249 1258 334 1341 quid,
354 1259 434 1320 aliud
455 1281 540 1350 quam
565 1252 739 1320 resuirectio
761 1280 776 1318 a
797 1271 908 1334 morte,
938 1271 968 1320 et
986 1281 1081 1336 novae
1099 1259 1189 1322 ritae*

50 1331 147 1394 initium
167 1337 253 1398 fuit?
297 1337 399 1417 Prope
427 1358 502 1398 enim
529 1335 576 1396 liix
600 1334 699 1394 salutis
727 1345 796 1396 tunc
817 1333 955 1401 exstincta
981 1347 1058 1410 erat,
1090 1358 1178 1416 quum

50 1409 113 1470 ltcus
136 1411 323 1476 in-Christi
349 1434 478 1506 persona
501 1412 664 1474 Ecclesiam
695 1410 751 1472 sibi
777 1411 875 1474 denuo
900 1411 1025 1494 gemiti,
1048 1423 1118 1472 tunc
1140 1433 1180 1473 ex

51 1489 170 1570 Aegypto
193 1491 320 1570 prodiit
338 1489 471 1554 tectesii
492 1490 523 1548 in
542 1505 596 1550 suo
617 1510 650 1550 ca
673 1487 729 1562 ite,
757 1487 842 1549 sicuti
861 1499 956 1548 totum
980 1487 1050 1547 inde
1071 1509 1178 1568 corpus
1245 1523 1256 1540 ι

51 1577 102 1622 inte
121 1565 270 1627 eductum
292 1567 398 1648 fuerat.
437 1566 520 1626 Facit
539 1577 634 1626 autem
652 1511 882 1646 liaecanalogia,
902 1586 940 1624 ne
960 1563 1052 1624 videri
1074 1563 1181 1625 debeat

51 1639 203 1717 abundum,
226 1645 316 1724 quod
333 1655 450 1723 partein
461 1643 587 1722 aliquam
603 1641 746 1722 pueritiae
765 1662 834 1701 suae
847 1639 984 1714 Christus¹
999 1641 1029 1700 in
1039 1641 1179 1722 Aegypto

53 1727 130 1778 trime
154 1721 192 1780 it:
233 1721 310 1800 quin
338 1720 439 1810 potins
465 1741 502 1780 eo
526 1719 668 1780 illustrior
692 1719 749 1779 luit
766 1717 825 1778 Dei
845 1718 938 1800 gratia
965 1729 995 1778 et
1013 1714 1119 1790 virtus,
1149 1730 1180 1777 et

53 1795 143 1854 admira
168 1797 211 1856 ile
234 1797 397 1858 consilium
418 1796 508 1878 magis
529 1795 650 1888 enituit²
676 1795 755 1875 quod
776 1796 823 1854 lux
843 1815 859 1854 e
880 1793 1009 1856 tenebris
1029 1805 1059 1854 et
1079 1815 1112 1855 ex
1132 1794 1179 1852 iii-

53 1869 107 1930 leris
124 1875 184 1933 vita
207 1874 346 1934 emersit.
386 1874 490 1932 Posset
510 1873 588 1932 enim
608 1872 718 1952 alioqui
738 1871 785 1932 liic
808 1870 907 1932 obstre
932 1893 980 1931 ere
996 1870 1091 1946 carnis
1110 1888 1179 1930 sen-

55 1947 246 2014 itascilicet
268 1971 302 2010 ex
321 1951 367 2010 Ae
431 1961 463 2010 to
483 1961 620 2024 voraturus
641 1962 683 2010 est
701 1950 898 2028 Redemptor:
910 1893 1083 2008 PMatthaeus
1104 1967 1178 2028 ergo

55 2043 102 2082 non
131 2048 194 2088 esse
224 2048 342 2087 novum
368 2047 403 2086 ve
442 2025 569 2085 insolens
595 2025 750 2098 admouet,
782 2025 861 2105 quod
881 2024 962 2084 Deus
982 2024 1088 2084 Filium
1110 2023 1179 2082 inde

56 2099 99 2158 sibi
113 2117 219 2180 vocet,
255 2125 289 2164 ac
310 2103 411 2184 potius
430 2103 487 2163 hoc
514 2103 550 2163 ad
571 2101 638 2162 fidei
659 2113 776 2162 nostrae
797 2101 1050 2161 confirmationem
1069 2099 1180 2170 valere,

57 2179 120 2263 qnod
137 2181 231 2242 sicuti
256 2179 343 2254 olim,
383 2179 423 2240 ita
448 2200 525 2238 nunc
552 2177 588 2238 de
615 2177 733 2262 integro
754 2191 888 2238 nascatur
908 2197 941 2236 ex
961 2179 1098 2260 Aegypto
1114 2177 1178 2238 'Dei

56 2253 180 2318 ltdesia.
236 2259 308 2318 Hoc
336 2257 428 2332 modo
458 2267 503 2316 est
530 2255 690 2328 diversum,
724 2257 804 2333 quod
838 2254 909 2314 olim
940 2265 1020 2314 totos
1052 2252 1180 2334 populus

59 2331 168 2414 Aegypti
190 2333 349 2417 ergastulo
374 2331 500 2392 inclusus
520 2331 622 2391 inerit:
656 2331 686 2390 in
706 2331 832 2390 secunda
859 2341 955 2388 autem
974 2329 1179 2406 redemptione

57 2407 135 2468 solum
152 2411 313 2473 Ecclesiae
335 2421 423 2490 eaput
444 2407 577 2470 Christus
598 2407 659 2467 illic
680 2405 813 2482 latuerit,
839 2404 890 2466 sed
912 2406 961 2484 qui
983 2405 1112 2467 omnium
1132 2425 1179 2463 sa·
1211 2465 1214 2480 ,

59 2479 132 2545 lutcin
151 2501 183 2550 et
203 2488 299 2548 vitam
319 2488 351 2546 in
371 2507 404 2546 se
423 2485 563 2546 inclusam
605 2482 725 2544 estabat.

118 2571 162 2630 tit
206 2565 291 2626 Tm
314 2561 453 2622 Herodes
475 2559 525 2620 ubi·
547 2503 626 2620 viiii.
664 2557 811 2638 Loquitur
837 2555 1000 2616 Matthaeus
1032 2564 1065 2615 e'ii
1094 2575 1181 2614 seusu

61 2643 83 2692 tl
98 2642 243 2730 opinione
263 2639 411 2714 Herodis,
430 2637 479 2719 qui
500 2639 654 2718 deceptum
674 2656 705 2696 se
725 2657 741 2695 a
760 2633 852 2726 magis
872 2629 1010 2722 putabat,
1038 2631 1104 2709 quia
1116 2631 1182 2720 ‘ni-i-

62 2711 130 2774 nisan
148 2739 213 2778 esse
235 2717 402 2778 noluissent
420 2716 526 2796 impiae
547 2712 734 2774 crudelitatis.
760 2711 862 2772 Potius
880 2729 943 2787 ipse
963 2719 1063 2786 captus
1084 2706 1182 2764 surim

62 2807 102 2848 ³1¹²
118 2795 233 2870 astutia,
254 2793 306 2874 qui
326 2791 440 2874 perfide
459 2789 654 2864 simulaverat,
667 2788 730 2862 sibi
749 2807 869 2868 quoque
889 2805 950 2846 esse
966 2783 1105 2844 inanimo
1120 2783 1181 2842 Re-

62 2881 114 2998 qtm
132 2892 245 2932 nosram
265 2869 378 2930 colere.
416 2868 513 2928 Porro
537 2867 623 2927 huius
648 2865 786 2926 historiae
812 2861 891 2923 nulla
917 2863 950 2922 fit
969 2860 1081 2920 mentio
1102 2858 1181 2938 apud

78 2947 223 3026 oscphum:
244 2945 326 3008 solus
339 2943 508 3005 Macrobius
521 2941 598 3004 libro
611 2941 843 3002 saturnaliorum
858 2947 886 3004 2.
907 2939 989 2998 iocos
1010 2948 1040 2996 et
1060 2935 1182 2996 dicteria

63 3019 169 3112 Augusti
190 3023 327 3102 reserens
348 3021 436 3096 dicit,
468 3021 571 3096 Quum
590 3020 732 3093 audisset,
755 3019 832 3079 iussu
853 3015 995 3105 llerqdis,
1013 3033 1128 3149 pueros
1151 3012 1182 3070 iii

66 3091 134 3160 Sitia
152 3101 231 3161 infra
251 3099 397 3160 bimatum
417 3099 540 3171 occisos,
560 3107 590 3156 et
608 3097 639 3155 in
660 3093 745 3156 turba
762 3092 848 3154 simul
869 3113 996 3151 occisum

66 3161 153 3253 hlium,
178 3177 318 3251 Mallem,
334 3167 456 3264 ¹inquit,
483 3172 611 3238 Herodis
637 3193 744 3252 porcus
771 3191 831 3232 esse
857 3189 943 3249 quant
968 3166 1051 3226 silius.
1075 3164 1183 3257 'Atqui
1283 3235 1285 3242 y

66 3249 136 3312 nobis
155 3253 275 3315 abunde
296 3250 408 3312 suflicit
427 3250 510 3310 unius
530 3249 671 3308 Matthaei
697 3248 864 3308 auctoritas.
902 3241 971 3304 Non
993 3242 1097 3302 debuit
1116 3262 1182 3320 qni-

69 3323 119 3387 lcm
137 3330 249 3391 lacinus
269 3342 330 3389 tam
350 3326 543 3388 memorabile
564 3325 659 3385 omitti
679 3346 695 3384 a
716 3324 857 3403 losepho:
878 3321 983 3380 mirum
1004 3331 1100 3378 tamen
1120 3337 1183 3376 non

69 3415 102 3485 {⁵1
115 3409 148 3469 de
168 3405 335 3468 infantibus
357 3404 367 3462 i
390 3401 454 3464 sum
472 3416 586 3477 tacere,
618 3401 668 3493 qui
689 3400 792 3462 leviter
811 3410 923 3458 tantuin
944 3408 974 3456 et
993 3395 1118 3454 obscure
1138 3404 1183 3453 at-

68 3479 140 3558 ifflglt
155 3505 219 3544 non
240 3484 338 3542 minus
360 3425 534 3540 detestabile
553 3479 690 3540 saevitiae
702 3473 874 3556 exemplum,
894 3474 974 3552 quod
995 3473 1099 3531 eodem
1120 3470 1183 3529 lere

69 3559 112 3610 lem
132 3579 184 3618 ore
208 3557 363 3620 sustulerit
387 3577 488 3617 ornnes
508 3556 638 3630 ludices,
667 3575 740 3634 quos
760 3551 925 3612 Sanhedrin
951 3545 1113 3621 vocabant,
1145 3563 1184 3602 ne

69 3577 130 3760 qsid
140 3655 261 3714 prorsus
280 3633 429 3694 residuum
449 3643 581 3702 maneret
605 3653 639 3692 ex
657 3632 748 3710 stirpe
768 3627 897 3689 Davidis.
936 3629 1003 3707 Ego
1029 3643 1100 3713 vcro
1121 3640 1184 3678 non

84 3703 165 3785 abito,
186 3711 259 3790 quin
279 3709 388 3770 eodeni
407 3721 486 3770 metu
506 3708 644 3788 impulsus
656 3707 745 3768 luerit
761 3705 797 3764 ad
805 3704 905 3764 'utrum
928 3723 964 3762 ue
976 3699 1184 3784 i·aedisgenus.

68 3775 105 3842 Dc
122 3799 254 3866 tempore
273 3799 375 3846 tamen
395 3785 563 3868 ambigitur.
601 3786 785 3864 Numquam
806 3781 883 3842 dicat
935 3777 1183 3863 attliaeus,ocei-
1212 3783 1217 3802 ¹

69 3875 104 3918 tos
121 3861 205 3924 luisse
226 3863 355 3924 bimulos
376 3875 406 3922 et
425 3863 553 3924 minores
573 3861 730 3920 secundum
742 3871 867 3938 tempus,
887 3855 966 3936 quod
980 3858 1183 3938 exquisierata

71 3939 160 4020 magis,
190 3939 335 4020 colligere
356 3937 425 4017 inde
446 3939 529 4012 licet,
558 3935 707 3998 Christum
727 3957 790 3996 cam
811 3943 935 3994 aetatem
956 3944 1025 3989 tuuc
1045 3937 1185 4013 attigisse,

70 4012 219 4076 telsaltem
245 4037 308 4076 non
336 4016 440 4094 procul
467 4015 592 4076 abluisse
618 4035 635 4072 a
662 4012 781 4071 bimatu.
824 4011 891 4068 lloc
918 4007 1033 4097 quidam
1059 4000 1186 4088 longius,

72 4085 161 4152 tunde
184 4093 321 4164 trahunt,
361 4113 420 4169 quo
445 4103 579 4172 tempore
604 4100 750 4150 venerunt
775 4087 869 4168 magi,
909 4105 969 4144 eius
998 4083 1057 4137 lere
1083 4089 1185 4138 aetatis

1026 3091 1099 3149 uisse
1121 3088 1183 3148 eius
1268 3151 1273 3158 ,

74 4159 142 4228 luisse
157 4166 318 4228 Christum.
343 4167 410 4249 Ego
430 4189 501 4230 vero
522 4166 644 4226 alterum
664 4188 697 4224 ex
717 4165 810 4240 altero
832 4182 910 4242 nego
922 4155 1035 4216 consui.
1063 4155 1185 4228 Quanto
1290 4220 1292 4232 ἱ

72 4259 163 4316 priore
187 4257 258 4304 tunc
285 4256 440 4323 correptus
475 4243 564 4304 luerit
590 4243 740 4314 llcrodcs,
780 4260 868 4320 quum
899 4254 999 4323 riimor
1028 4231 1057 4289 in
1083 4229 1186 4308 vulgus

73 4337 166 4394 s{tarsus
191 4333 268 4382 esset
294 4321 332 4401 ilc¹
357 4343 437 4380 novo
461 4323 545 4402 Rege
571 4331 658 4390 irato,
690 4317 778 4397 paulo
809 4326 877 4372 aiite
907 4309 1037 4370 viiliiiiiis.
1085 4307 1184 4393 Quiim

73 4401 127 4456 tunc
144 4395 316 4480 impedierit
335 4409 440 4472 metus,
458 4419 497 4458 nc
517 4397 699 4476 proditorem
711 4391 877 4473 quempiam
889 4385 1050 4448 clniirnluiii
1062 4385 1184 4442 submit-

95 4495 274 4548 enisam.
291 4498 571 4547 arumnensis.
970 4469 989 4526 ⁶
