2768 4834
110 286 114 298 ·
203 284 261 348 tot
397 314 460 325 ,χ
652 269 811 333 sueno
833 269 886 332 tu.

282 435 310 496 8.
348 429 439 490 Novit
456 417 636 502 enin‘pmer?
649 437 747 486 muer.
788 425 855 485 Hoc
875 443 967 482 uuum
985 421 1145 482 reme'dium
1167 421 1353 504 purgandae

206 505 427 581 attollendae,
447 525 521 585 quae
541 503 590 564 hic
610 505 777 576 damnatur,
796 499 998 581 superstitioni
1017 499 1139 558 suflicit:
1160 499 1239 558 uude
1262 500 1354 558 euim
1378 527 1379 530 ¹

188 585 280 644 baec
300 582 439 656 stultitia,
455 592 498 642 -ut
514 579 638 640 multum
657 579 802 660 prolicere
822 588 929 658 putent
948 576 1098 649 homiues,
1118 573 1169 634 nbi
1189 597 1243 635 suo
1264 575 1352 634 mul-

206 657 333 738 tiloquio
362 658 473 718 Deum'
491 657 632 738 fatigant,
665 655 719 714 uisi
751 653 818 733 quia
846 653 969 714 similem
1002 652 1198 734 imaginantur
1226 651 1353 711 homini

200 735 335 808 mortali,
354 734 405 813 qui
424 734 524 794 doceri
544 744 576 793 et
591 733 710 810 pnoueri
730 733 804 810 opus
824 728 951 819 habeat?
991 729 1131 808 Quisquis
1151 740 1249 819 autern
1272 749 1352 807 per-

207 833 306 872 suasus
327 822 386 886 est,
405 810 504 870 Deum
523 830 585 870 nou
605 809 695 868 modo
716 827 815 867 curam
835 817 929 866 nostri
948 805 1074 879 habere,
1102 806 1154 877 sed
1174 817 1264 864 etiarn
1285 825 1350 863 no-

206 900 279 949 stras
299 885 487 958 necessitates
506 885 617 946 babere
637 883 785 964 cognitus,
819 893 849 943 et
873 893 941 942 vota
972 893 1071 940 nostra
1093 901 1234 960 curasque
1256 894 1351 940 ante-

197 967 340 1040 ,verterm
361 961 539 1043 “priusquam
559 963 724 1022 admonitus
744 959 847 1033 suerit,
866 957 916 1018 ille
937 958 1045 1018 omisso
1065 956 1253 1037 multiloquio
1273 957 1351 1018 satis

208 1038 331 1100 babebit
370 1059 546 1108 recesxsuas,
558 1039 731 1112 extendere,
751 1047 894 1115 quatenus
914 1036 951 1095 ad
970 1035 1058 1093 fidem
1079 1035 1270 1094 exercendam
1295 1057 1350 1096 ex-

206 1115 320 1196 pediti:
383 1135 449 1174 eum
467 1135 541 1175 vero
560 1114 708 1174 rhetorice
733 1111 871 1193 aggredi,
902 1123 935 1169 ut
952 1110 1110 1172 verborum
1135 1111 1220 1190 copia
1241 1113 1352 1173 flecta-

207 1199 273 1268 tur,
300 1189 457 1252 absurdum
476 1211 539 1250 esse
558 1202 700 1272 agnoscet
719 1209 752 1248 ac
771 1187 934 1248 ridiculum.
972 1189 1082 1248 Verum
1101 1187 1125 1246 si
1146 1188 1238 1261 Deus,
1258 1203 1349 1251 unte-

207 1287 295 1347 quam
314 1279 461 1347 petamus,
502 1267 553 1327 uid
572 1265 658 1342 nobis
680 1271 753 1346 opus
773 1265 812 1325 sit
830 1265 927 1338 novit,
952 1263 1068 1323 videtur
1088 1264 1167 1324 nulla
1188 1285 1251 1325 esse
1271 1287 1348 1346 pre-

207 1340 299 1404 tutudi¹
319 1342 438 1402 utilitas.
514 1363 560 1403 am
590 1342 614 1403 si
643 1353 750 1422 sponte
772 1341 818 1414 ,ad
844 1360 898 1401 nos
930 1339 1071 1401 iuvandos
1096 1361 1260 1421 propensus
1289 1357 1348 1420 est,

208 1439 348 1499 quorsum
368 1418 473 1479 attinet
490 1439 593 1500 preces
613 1430 728 1480 nostras
747 1417 824 1478 inter
847 1436 956 1491 onere,¹
969 1437 1044 1496 quae
1056 1429 1251 1498 spontaneum
1267 1441 1346 1499 pro·
1378 1453 1379 1460 κ

100 1530 102 1540 v
206 1495 354 1570 videntiae
375 1495 436 1556 eius
456 1517 570 1556 cursum
591 1492 784 1574 abrumpant?
824 1437 941 1552 bolotio
962 1492 1054 1552 sacilis
1070 1505 1114 1554 est
1133 1495 1164 1552 in
1184 1495 1249 1573 ipso
1270 1517 1346 1576 pre-

208 1571 295 1632 candi
315 1571 387 1632 fine:
408 1572 505 1650 neque
526 1571 604 1631 euim
624 1582 711 1631 orant
730 1568 847 1642 fideles,
866 1581 899 1628 ut
917 1569 1214 1634 Deumadmoueant
1233 1573 1270 1632 de
1293 1595 1345 1634 re-

158 1688 168 1706 (
208 1648 263 1707 bus
282 1647 453 1729 incognitis,
472 1666 538 1707 eum
559 1648 596 1707 ad
616 1647 746 1706 officium
764 1646 922 1706 hortentur
941 1646 987 1706 vel
999 1658 1158 1706 cessantem
1167 1646 1346 1726 sollicitent,

207 1723 260 1784 sed
280 1724 379 1813 potius
397 1735 430 1782 ut
449 1742 480 1783 se
501 1722 580 1802 ipsos
601 1743 689 1802 exper
711 1721 837 1781 eiaciant
857 1721 893 1781 ad
908 1722 1005 1800 ipsum
1015 1723 1226 1801 quaerendum,
1244 1728 1344 1786 medi-

206 1798 304 1859 tandis
324 1799 385 1859 eius
404 1797 645 1877 promissionibus
665 1743 753 1858 fliam
763 1817 842 1857 suam
858 1811 1022 1872 exerceant,
1042 1820 1123 1859 curas
1143 1821 1208 1860 suas
1229 1823 1344 1863 exone-

129 1915 134 1925 ,
207 1875 302 1935 raudo
321 1875 351 1933 in
372 1875 433 1934 eius
452 1875 548 1934 sinum
567 1895 598 1935 se
617 1874 785 1936 sublevent:
820 1875 948 1954 denique
968 1887 1000 1934 ut
1019 1887 1178 1949 testentur,
1201 1889 1262 1937 tarn
1283 1880 1343 1952 sibi

228 1971 294 2009 uam
314 1949 376 2010 aliis
395 1951 432 2010 ab
452 1972 491 2011 eo
515 1972 576 2012 uno
602 1970 719 2030 sperare
744 1961 774 2010 et
794 1963 931 2029 expetere
952 1951 1090 2031 quicquid
1115 1963 1159 2010 est
1178 1952 1343 2015 bonorum.

207 1969 249 2086 bt
268 2025 346 2106 ipse,
376 2027 458 2106 quod
484 2027 613 2110 gratuito
634 2039 664 2088 et
683 2026 814 2101 noudum
834 2038 953 2108 rogatus
974 2029 1059 2089 nobis
1079 2029 1178 2110 largiri
1199 2030 1344 2107 decrevit,

120 2131 126 2156 ι
208 2101 284 2164 votis
303 2114 401 2174 tamen
421 2105 528 2178 nostris
538 2104 684 2184 promittit
701 2124 733 2162 se
752 2103 895 2162 daturum.
936 2104 1037 2179 Quare
1056 2117 1212 2185 utrumque
1232 2117 1342 2168 teuen-

210 2178 280 2238 tum
300 2190 360 2254 est,
379 2193 448 2240 vota
468 2192 568 2240 nostra
588 2179 625 2240 ab
646 2200 682 2241 eo
703 2191 810 2259 sponte
831 2181 1008 2259 praeveniri,
1027 2193 1057 2242 et
1076 2192 1174 2241 tanteu
1195 2204 1342 2264 nos-pre-

208 2253 290 2314 cibus
313 2253 471 2336 impetrare
496 2257 576 2336 quod
599 2256 732 2338 petimus.
779 2256 841 2317 Cur
867 2267 963 2316 antem
988 2259 1133 2330 interdum
1159 2258 1189 2316 in
1216 2259 1341 2342 longum

104 2403 109 2410 .
206 2341 322 2422 tempus
341 2351 396 2392 nos
416 2331 550 2408 diflerat,
582 2333 730 2394 interdum
756 2332 843 2393 etiarn
869 2333 946 2396 votis
966 2336 1073 2400 uostris
1094 2355 1155 2395 nou
1175 2335 1342 2420 indulgeat,

207 2405 279 2468 atitn
298 2407 354 2469 erit
373 2408 490 2470 dicendi
509 2410 599 2493 lopus.

249 2615 334 2696 (54.)
374 2616 544 2684 ΜΑΤΤΗ.
566 2618 621 2682 Vt.
662 2619 692 2682 9.
713 2619 785 2683 Vos
806 2638 883 2704 ergo
905 2621 952 2682 sio
973 2627 1077 2697 orate,
1103 2618 1200 2684 Pater
1220 2631 1342 2700 noster,

207 2719 265 2803 qui
289 2737 327 2811 ps
354 2717 389 2782 iu
417 2717 531 2794 coelis,
573 2717 800 2795 Sanctificetur
831 2727 949 2784 nomen
986 2731 1083 2785 tuum.
1135 2721 1184 2782 10.
1219 2721 1341 2787 Veniat

117 2895 129 2906 -
204 2837 339 2901 regnum
360 2827 457 2882 tuum.
499 2817 572 2898 Figat
594 2815 744 2882 voluntas
764 2829 833 2896 tua,
867 2829 903 2884 ut
924 2823 957 2884 in
979 2817 1094 2897 coelo,
1118 2822 1164 2885 sic
1186 2823 1284 2886 etiarn
1308 2826 1341 2888 iu

205 2925 300 2980 terra.
352 2915 401 2980 11.
436 2916 556 2980 Panem
587 2926 732 2982 nostruin
763 2917 983 3005 quotidianum
1016 2920 1059 2984 da
1094 2919 1190 2986 uobis
1230 2920 1339 2986 hodie.

207 3012 257 3077 12.
285 3013 328 3077 Et
354 3016 479 3080 inmitte
504 3011 602 3090 nobis¹
623 3015 732 3081 debita
753 3028 876 3095 nostra,
907 3021 989 3083 sicut
1010 3032 1041 3084 et
1063 3041 1123 3087 nos
1149 3023 1340 3088 remittimus

206 3110 558 3182 debitoribus‘nostris
601 3115 651 3184 13.
676 3117 718 3182 Et
746 3139 789 3190 ne
817 3141 878 3184 uos
903 3119 1037 3184 inducas
1063 3125 1340 3201 intentationem,

182 3211 265 3278 'sed
285 3211 389 3279 libera
411 3236 472 3282 uos
490 3232 516 3280 tu
536 3213 633 3281 malo.
675 3217 764 3304 Quia
784 3229 872 3284 tuum
895 3231 943 3286 est
963 3242 1110 3306 reguum,
1131 3231 1163 3286 et
1183 3228 1339 3306 potentia,

206 3321 240 3380 et
259 3312 365 3422 gloria
382 3317 416 3382 iu
436 3313 580 3396 saecula,
601 3319 713 3386 Amen.

288 3462 389 3534 LUC.
407 3467 460 3534 Xl.
502 3467 530 3534 1.
552 3467 685 3532 Factum
709 3481 764 3546 est,
787 3491 884 3556 quum
906 3481 1013 3536 oraret
1032 3471 1172 3558 quodem
1195 3476 1229 3559 iu
1254 3472 1336 3550 loco,

152 3610 156 3618 2
205 3575 242 3632 ut
264 3571 408 3648 cessavit,
428 3568 509 3648 dixit
526 3568 655 3655 quidam
679 3589 719 3634 ex
740 3569 907 3657 discipulis
929 3573 998 3636 eius
1021 3571 1062 3636 ad
1082 3595 1162 3650 erim,
1183 3571 1336 3648 Domine,

204 3665 287 3734 doce
308 3688 369 3734 uos
389 3689 500 3745 orare,
526 3670 609 3734 sicut
629 3681 662 3735 et
684 3671 824 3738 loannes
847 3671 958 3737 docuit
979 3671 1155 3760 discipulos
1171 3687 1264 3740 suos.
1308 3677 1336 3738 2.

201 3769 246 3834 Et
267 3771 312 3835 ait
331 3768 406 3844 illis,
428 3767 537 3853 Quum
559 3771 665 3846 orutis,
687 3769 793 3849 dicite,
814 3771 910 3836 Pater
929 3763 1049 3849 sostei,
1069 3776 1124 3859 qni
1147 3776 1239 3838 usin
1261 3795 1336 3838 coe·
1378 3843 1379 3850 ,

175 3868 251 3950 lis,
272 3867 497 3936 Sanctificetur
514 3890 632 3935 nomeu
651 3881 748 3939 tuum.
780 3869 951 3946 ,Adveniat
971 3893 1103 3959 regnum
1126 3883 1224 3937 tunm.
1262 3874 1335 3938 Fiat

202 3968 352 4037 voluutas
377 3980 445 4048 tua,
479 3969 747 4054 quemadmodum
769 3973 802 4036 iu
831 3971 942 4048 coelo,
976 3975 1034 4038 sici
1056 3977 1149 4039 etiam
1177 3977 1209 4038 iu
1239 3986 1332 4040 terra.

201 4069 232 4132 3.
257 4071 542 4136 Panemuostrum
565 4070 793 4155 {quotidianum
821 4071 862 4136 da
891 4069 986 4136 nobit
1009 4073 1117 4141 hodie·
1160 4076 1189 4141 t.
1220 4076 1260 4139 Et
1285 4097 1333 4138 re·

200 4168 290 4233 mitte
321 4167 417 4234 nubis
451 4181 583 4255 peccata
615 4182 740 4250 nostra,
781 4171 938 4259 siquidem
975 4183 1007 4237 et
1043 4177 1106 4258 ipsi
1143 4179 1331 4239 remittimus

201 4270 289 4332 omni
311 4266 443 4335 debenti
463 4266 570 4337 uobis,
610 4271 652 4338 Et
672 4294 714 4340 ue
736 4293 797 4340 uos
817 4271 951 4342 inducas
973 4275 1007 4340 iu
1029 4277 1251 4355 tentationem,
1272 4273 1329 4340 sed

199 4363 303 4435 libera
322 4388 383 4464 uos
404 4391 422 4435 a
443 4369 539 4474 malo.
1123 4371 1126 4376 Δ
