<?xml version="1.0" encoding="UTF-8"?>
<!DOCTYPE html PUBLIC "-//W3C//DTD XHTML 1.0 Transitional//EN"
    "http://www.w3.org/TR/xhtml1/DTD/xhtml1-transitional.dtd">
<html xmlns="http://www.w3.org/1999/xhtml" xml:lang="en" lang="en">
 <head>
  <title>
</title>
<meta http-equiv="Content-Type" content="text/html;charset=utf-8" />
  <meta name='ocr-system' content='tesseract 3.04.00' />
  <meta name='ocr-capabilities' content='ocr_page ocr_carea ocr_par ocr_line ocrx_word'/>
</head>
<body>
  <div class='ocr_page' id='page_1' title='image "./innovumtestamen00calvgoog_0517.png"; bbox 0 0 2778 4838; ppageno 0'>
   <div class='ocr_carea' id='block_1_1' title="bbox 61 1929 588 2002">
    <p class='ocr_par' dir='ltr' id='par_1_1' title="bbox 61 1929 588 2002">
     <span class='ocr_line' id='line_1_1' title="bbox 61 1929 588 2002; baseline -0.011 -10"><span class='ocrx_word' id='word_1_1' title='bbox 61 1941 70 1958; x_wconf 93' lang='lat'><strong><em>‘</em></strong></span> <span class='ocrx_word' id='word_1_2' title='bbox 178 1951 262 1992; x_wconf 89' lang='lat' dir='ltr'><strong>suum</strong></span> <span class='ocrx_word' id='word_1_3' title='bbox 280 1949 336 1990; x_wconf 92' lang='lat' dir='ltr'><strong>nos</strong></span> <span class='ocrx_word' id='word_1_4' title='bbox 355 1929 482 1990; x_wconf 83' lang='lat' dir='ltr'><strong>invitans</strong></span> <span class='ocrx_word' id='word_1_5' title='bbox 501 1929 588 2002; x_wconf 87' lang='lat' dir='ltr'><strong>viam,</strong></span> 
     </span>
    </p>
   </div>
   <div class='ocr_carea' id='block_1_2' title="bbox 174 219 1052 320">
    <p class='ocr_par' dir='ltr' id='par_1_2' title="bbox 174 219 1052 320">
     <span class='ocr_line' id='line_1_2' title="bbox 174 219 1052 320; baseline -0.005 -11"><span class='ocrx_word' id='word_1_6' title='bbox 174 255 234 320; x_wconf 80' lang='lat'><strong>13⁰</strong></span> <span class='ocrx_word' id='word_1_7' title='bbox 456 243 573 308; x_wconf 74' lang='lat' dir='ltr'><strong>Stlss&#39;l&#39;.</strong></span> <span class='ocrx_word' id='word_1_8' title='bbox 592 245 658 306; x_wconf 81' lang='lat' dir='ltr'><strong>ttV.</strong></span> <span class='ocrx_word' id='word_1_9' title='bbox 696 257 787 304; x_wconf 79' lang='lat' dir='ltr'><strong>iesus</strong></span> <span class='ocrx_word' id='word_1_10' title='bbox 809 219 851 302; x_wconf 79' lang='lat' dir='ltr'><strong>nr</strong></span> <span class='ocrx_word' id='word_1_11' title='bbox 870 249 1052 305; x_wconf 70' lang='lat' dir='ltr'><strong>nucleum</strong></span> 
     </span>
    </p>
   </div>
   <div class='ocr_carea' id='block_1_3' title="bbox 104 395 1381 4463">
    <p class='ocr_par' dir='ltr' id='par_1_3' title="bbox 104 395 1381 4463">
     <span class='ocr_line' id='line_1_3' title="bbox 175 395 1344 486; baseline -0.007 -20"><span class='ocrx_word' id='word_1_12' title='bbox 175 398 429 486; x_wconf 69' lang='lat' dir='ltr'><strong>speculationibus</strong></span> <span class='ocrx_word' id='word_1_13' title='bbox 447 419 509 478; x_wconf 83' lang='lat' dir='ltr'><strong>nqn</strong></span> <span class='ocrx_word' id='word_1_14' title='bbox 521 395 677 459; x_wconf 86' lang='lat' dir='ltr'><strong>dedamus?</strong></span> <span class='ocrx_word' id='word_1_15' title='bbox 696 395 758 456; x_wconf 87' lang='lat' dir='ltr'><strong>Sed</strong></span> <span class='ocrx_word' id='word_1_16' title='bbox 770 395 932 476; x_wconf 80' lang='lat' dir='ltr'><strong>quaeritur,</strong></span> <span class='ocrx_word' id='word_1_17' title='bbox 951 414 1094 475; x_wconf 90' lang='lat' dir='ltr'><strong>quaenam</strong></span> <span class='ocrx_word' id='word_1_18' title='bbox 1107 395 1283 456; x_wconf 73' lang='lat' dir='ltr'>certaminis</span> <span class='ocrx_word' id='word_1_19' title='bbox 1294 413 1344 458; x_wconf 90' lang='lat' dir='ltr'><strong>oe·</strong></span> 
     </span>
     <span class='ocr_line' id='line_1_4' title="bbox 178 471 1345 557; baseline -0.007 -15"><span class='ocrx_word' id='word_1_20' title='bbox 178 479 259 542; x_wconf 88' lang='lat' dir='ltr'><strong>casio</strong></span> <span class='ocrx_word' id='word_1_21' title='bbox 279 477 370 538; x_wconf 84' lang='lat' dir='ltr'><strong>luerit</strong></span> <span class='ocrx_word' id='word_1_22' title='bbox 388 475 547 557; x_wconf 79' lang='lat' dir='ltr'><strong>discipulis.</strong></span> <span class='ocrx_word' id='word_1_23' title='bbox 584 474 780 556; x_wconf 79' lang='lat' dir='ltr'><strong>Respondeo,</strong></span> <span class='ocrx_word' id='word_1_24' title='bbox 798 485 833 534; x_wconf 92' lang='lat' dir='ltr'><strong>ut</strong></span> <span class='ocrx_word' id='word_1_25' title='bbox 852 471 981 533; x_wconf 78' lang='lat' dir='ltr'><strong>libenter</strong></span> <span class='ocrx_word' id='word_1_26' title='bbox 1001 493 1070 534; x_wconf 87' lang='lat' dir='ltr'><strong>caro</strong></span> <span class='ocrx_word' id='word_1_27' title='bbox 1091 474 1205 534; x_wconf 78' lang='lat' dir='ltr'><strong>excutit</strong></span> <span class='ocrx_word' id='word_1_28' title='bbox 1225 491 1345 534; x_wconf 88' lang='lat' dir='ltr'><strong>omnem</strong></span> 
     </span>
     <span class='ocr_line' id='line_1_5' title="bbox 176 548 1345 630; baseline -0.006 -12"><span class='ocrx_word' id='word_1_29' title='bbox 176 557 354 628; x_wconf 80' lang='lat' dir='ltr'><strong>molestiam,</strong></span> <span class='ocrx_word' id='word_1_30' title='bbox 373 554 478 614; x_wconf 89' lang='lat' dir='ltr'><strong>omissa</strong></span> <span class='ocrx_word' id='word_1_31' title='bbox 491 551 626 611; x_wconf 77' lang='lat' dir='ltr'><strong>tristitiae</strong></span> <span class='ocrx_word' id='word_1_32' title='bbox 639 549 771 624; x_wconf 86' lang='lat' dir='ltr'><strong>materia,</strong></span> <span class='ocrx_word' id='word_1_33' title='bbox 789 550 869 630; x_wconf 86' lang='lat' dir='ltr'><strong>quod</strong></span> <span class='ocrx_word' id='word_1_34' title='bbox 880 550 918 609; x_wconf 89' lang='lat' dir='ltr'><strong>de</strong></span> <span class='ocrx_word' id='word_1_35' title='bbox 929 550 1147 611; x_wconf 87' lang='lat' dir='ltr'><strong>resurrectione</strong></span> <span class='ocrx_word' id='word_1_36' title='bbox 1160 548 1274 609; x_wconf 89' lang='lat' dir='ltr'><strong>dietum</strong></span> <span class='ocrx_word' id='word_1_37' title='bbox 1285 563 1345 611; x_wconf 87' lang='lat' dir='ltr'><strong>erat</strong></span> 
     </span>
     <span class='ocr_line' id='line_1_6' title="bbox 176 626 1344 712; baseline -0.004 -20"><span class='ocrx_word' id='word_1_38' title='bbox 176 633 351 712; x_wconf 72' lang='lat' dir='ltr'><strong>arripuisse:</strong></span> <span class='ocrx_word' id='word_1_39' title='bbox 370 631 449 690; x_wconf 89' lang='lat' dir='ltr'><strong>unde</strong></span> <span class='ocrx_word' id='word_1_40' title='bbox 470 630 549 688; x_wconf 91' lang='lat' dir='ltr'><strong>inter</strong></span> <span class='ocrx_word' id='word_1_41' title='bbox 567 648 686 688; x_wconf 86' lang='lat' dir='ltr'><strong>securos</strong></span> <span class='ocrx_word' id='word_1_42' title='bbox 705 638 771 686; x_wconf 86' lang='lat' dir='ltr'><strong>orta</strong></span> <span class='ocrx_word' id='word_1_43' title='bbox 791 638 835 686; x_wconf 90' lang='lat' dir='ltr'><strong>est</strong></span> <span class='ocrx_word' id='word_1_44' title='bbox 852 626 1022 706; x_wconf 87' lang='lat' dir='ltr'><strong>disputatio.</strong></span> <span class='ocrx_word' id='word_1_45' title='bbox 1060 628 1101 686; x_wconf 86' lang='lat' dir='ltr'><strong>Et</strong></span> <span class='ocrx_word' id='word_1_46' title='bbox 1121 627 1191 706; x_wconf 90' lang='lat' dir='ltr'><strong>qnia</strong></span> <span class='ocrx_word' id='word_1_47' title='bbox 1213 627 1344 706; x_wconf 85' lang='lat' dir='ltr'><strong>priorem</strong></span> 
     </span>
     <span class='ocr_line' id='line_1_7' title="bbox 180 701 1344 795; baseline -0.006 -24"><span class='ocrx_word' id='word_1_48' title='bbox 180 709 334 771; x_wconf 70' lang='lat' dir='ltr'><strong>domninae</strong></span> <span class='ocrx_word' id='word_1_49' title='bbox 354 719 478 787; x_wconf 86' lang='lat' dir='ltr'><strong>partem,</strong></span> <span class='ocrx_word' id='word_1_50' title='bbox 498 725 572 795; x_wconf 89' lang='lat' dir='ltr'><strong>qnae</strong></span> <span class='ocrx_word' id='word_1_51' title='bbox 592 702 717 764; x_wconf 82' lang='lat' dir='ltr'><strong>insuavis</strong></span> <span class='ocrx_word' id='word_1_52' title='bbox 738 715 782 764; x_wconf 91' lang='lat' dir='ltr'><strong>est</strong></span> <span class='ocrx_word' id='word_1_53' title='bbox 795 703 887 776; x_wconf 88' lang='lat' dir='ltr'><strong>cami,</strong></span> <span class='ocrx_word' id='word_1_54' title='bbox 904 701 1069 786; x_wconf 74' lang='lat' dir='ltr'><strong>refugiunt,</strong></span> <span class='ocrx_word' id='word_1_55' title='bbox 1088 703 1172 763; x_wconf 90' lang='lat' dir='ltr'><strong>Deus</strong></span> <span class='ocrx_word' id='word_1_56' title='bbox 1192 702 1226 761; x_wconf 92' lang='lat' dir='ltr'><strong>in</strong></span> <span class='ocrx_word' id='word_1_57' title='bbox 1246 725 1344 764; x_wconf 86' lang='lat' dir='ltr'><strong>resur-</strong></span> 
     </span>
     <span class='ocr_line' id='line_1_8' title="bbox 179 779 1341 866; baseline -0.005 -20"><span class='ocrx_word' id='word_1_58' title='bbox 179 785 316 846; x_wconf 86' lang='lat' dir='ltr'><strong>rectione</strong></span> <span class='ocrx_word' id='word_1_59' title='bbox 336 803 388 845; x_wconf 86' lang='lat' dir='ltr'><strong>cos</strong></span> <span class='ocrx_word' id='word_1_60' title='bbox 407 781 578 844; x_wconf 85' lang='lat' dir='ltr'><strong>hallucinari</strong></span> <span class='ocrx_word' id='word_1_61' title='bbox 597 781 724 866; x_wconf 78' lang='lat' dir='ltr'><strong>patitur,</strong></span> <span class='ocrx_word' id='word_1_62' title='bbox 741 793 775 839; x_wconf 90' lang='lat' dir='ltr'><strong>ut</strong></span> <span class='ocrx_word' id='word_1_63' title='bbox 793 781 943 840; x_wconf 77' lang='lat' dir='ltr'><strong>somnient</strong></span> <span class='ocrx_word' id='word_1_64' title='bbox 963 779 1043 858; x_wconf 92' lang='lat' dir='ltr'><strong>quod</strong></span> <span class='ocrx_word' id='word_1_65' title='bbox 1067 779 1190 840; x_wconf 90' lang='lat' dir='ltr'><strong>mininie</strong></span> <span class='ocrx_word' id='word_1_66' title='bbox 1212 780 1341 840; x_wconf 81' lang='lat' dir='ltr'><strong>futurum</strong></span> 
     </span>
     <span class='ocr_line' id='line_1_9' title="bbox 104 855 1344 938; baseline -0.004 -16"><span class='ocrx_word' id='word_1_67' title='bbox 104 909 109 928; x_wconf 83' lang='lat'><strong>.</strong></span> <span class='ocrx_word' id='word_1_68' title='bbox 179 874 255 935; x_wconf 86' lang='lat' dir='ltr'><strong>erat,</strong></span> <span class='ocrx_word' id='word_1_69' title='bbox 275 860 424 922; x_wconf 86' lang='lat' dir='ltr'><strong>Christum</strong></span> <span class='ocrx_word' id='word_1_70' title='bbox 438 859 493 918; x_wconf 90' lang='lat' dir='ltr'><strong>sibi</strong></span> <span class='ocrx_word' id='word_1_71' title='bbox 506 858 584 917; x_wconf 93' lang='lat' dir='ltr'><strong>nuda</strong></span> <span class='ocrx_word' id='word_1_72' title='bbox 602 855 826 938; x_wconf 91' lang='lat' dir='ltr'><strong>praedicatione</strong></span> <span class='ocrx_word' id='word_1_73' title='bbox 844 877 968 938; x_wconf 84' lang='lat' dir='ltr'><strong>regnum</strong></span> <span class='ocrx_word' id='word_1_74' title='bbox 989 855 1153 938; x_wconf 73' lang='lat' dir='ltr'><strong>acquirere,</strong></span> <span class='ocrx_word' id='word_1_75' title='bbox 1174 867 1206 915; x_wconf 87' lang='lat' dir='ltr'><strong>et</strong></span> <span class='ocrx_word' id='word_1_76' title='bbox 1227 857 1344 936; x_wconf 87' lang='lat' dir='ltr'><strong>quidem</strong></span> 
     </span>
     <span class='ocr_line' id='line_1_10' title="bbox 178 933 1342 1014; baseline -0.004 -15"><span class='ocrx_word' id='word_1_77' title='bbox 178 951 345 1011; x_wconf 87' lang='lat' dir='ltr'><strong>terrenum,</strong></span> <span class='ocrx_word' id='word_1_78' title='bbox 376 947 410 994; x_wconf 91' lang='lat' dir='ltr'><strong>nt</strong></span> <span class='ocrx_word' id='word_1_79' title='bbox 433 957 500 994; x_wconf 85' lang='lat' dir='ltr'><strong>mox</strong></span> <span class='ocrx_word' id='word_1_80' title='bbox 525 934 562 997; x_wconf 89' lang='lat' dir='ltr'><strong>ad</strong></span> <span class='ocrx_word' id='word_1_81' title='bbox 582 933 696 994; x_wconf 86' lang='lat' dir='ltr'><strong>beatam</strong></span> <span class='ocrx_word' id='word_1_82' title='bbox 722 933 903 1013; x_wconf 85' lang='lat' dir='ltr'><strong>opulentiam</strong></span> <span class='ocrx_word' id='word_1_83' title='bbox 924 937 1099 1014; x_wconf 82' lang='lat' dir='ltr'><strong>emergeret.</strong></span> <span class='ocrx_word' id='word_1_84' title='bbox 1138 934 1176 991; x_wconf 93' lang='lat' dir='ltr'><strong>In</strong></span> <span class='ocrx_word' id='word_1_85' title='bbox 1197 933 1254 994; x_wconf 91' lang='lat' dir='ltr'><strong>bac</strong></span> <span class='ocrx_word' id='word_1_86' title='bbox 1274 955 1342 994; x_wconf 81' lang='lat' dir='ltr'><strong>reio</strong></span> 
     </span>
     <span class='ocr_line' id='line_1_11' title="bbox 179 1009 1343 1145; baseline -0.003 -73"><span class='ocrx_word' id='word_1_87' title='bbox 179 1015 353 1093; x_wconf 84' lang='lat' dir='ltr'><strong>quaestione</strong></span> <span class='ocrx_word' id='word_1_88' title='bbox 372 1013 479 1092; x_wconf 78' lang='lat' dir='ltr'><strong>duplet</strong></span> <span class='ocrx_word' id='word_1_89' title='bbox 498 1009 555 1070; x_wconf 84' lang='lat' dir='ltr'><strong>luit</strong></span> <span class='ocrx_word' id='word_1_90' title='bbox 572 1009 688 1070; x_wconf 88' lang='lat' dir='ltr'><strong>vitium:</strong></span> <span class='ocrx_word' id='word_1_91' title='bbox 711 1021 903 1090; x_wconf 81' lang='lat' dir='ltr'><strong>praepostere</strong></span> <span class='ocrx_word' id='word_1_92' title='bbox 924 1009 1001 1070; x_wconf 90' lang='lat' dir='ltr'><strong>enim</strong></span> <span class='ocrx_word' id='word_1_93' title='bbox 1020 1009 1180 1145; x_wconf 82' lang='lat' dir='ltr'><strong>Apostoli,</strong></span> <span class='ocrx_word' id='word_1_94' title='bbox 1201 1010 1272 1070; x_wconf 90' lang='lat' dir='ltr'><strong>duni</strong></span> <span class='ocrx_word' id='word_1_95' title='bbox 1293 1011 1343 1071; x_wconf 90' lang='lat' dir='ltr'><strong>ab·</strong></span> 
     </span>
     <span class='ocr_line' id='line_1_12' title="bbox 178 1085 1344 1167; baseline -0.003 -16"><span class='ocrx_word' id='word_1_96' title='bbox 178 1093 256 1151; x_wconf 87' lang='lat' dir='ltr'><strong>iecta</strong></span> <span class='ocrx_word' id='word_1_97' title='bbox 275 1087 408 1164; x_wconf 85' lang='lat' dir='ltr'><strong>militiae,</strong></span> <span class='ocrx_word' id='word_1_98' title='bbox 427 1090 464 1148; x_wconf 93' lang='lat' dir='ltr'><strong>ad</strong></span> <span class='ocrx_word' id='word_1_99' title='bbox 484 1109 570 1167; x_wconf 90' lang='lat' dir='ltr'><strong>quam</strong></span> <span class='ocrx_word' id='word_1_100' title='bbox 591 1086 688 1150; x_wconf 77' lang='lat' dir='ltr'><strong>iocati</strong></span> <span class='ocrx_word' id='word_1_101' title='bbox 707 1099 802 1161; x_wconf 81' lang='lat' dir='ltr'><strong>erant,</strong></span> <span class='ocrx_word' id='word_1_102' title='bbox 822 1106 890 1146; x_wconf 88' lang='lat' dir='ltr'><strong>cura</strong></span> <span class='ocrx_word' id='word_1_103' title='bbox 910 1085 994 1166; x_wconf 88' lang='lat' dir='ltr'><strong>quasi</strong></span> <span class='ocrx_word' id='word_1_104' title='bbox 1010 1085 1050 1144; x_wconf 91' lang='lat' dir='ltr'><strong>mi</strong></span> <span class='ocrx_word' id='word_1_105' title='bbox 1063 1087 1118 1147; x_wconf 79' lang='lat' dir='ltr'><strong>ites</strong></span> <span class='ocrx_word' id='word_1_106' title='bbox 1129 1086 1248 1147; x_wconf 88' lang='lat' dir='ltr'><strong>emeriti</strong></span> <span class='ocrx_word' id='word_1_107' title='bbox 1282 1087 1344 1147; x_wconf 91' lang='lat' dir='ltr'><strong>uie-</strong></span> 
     </span>
     <span class='ocr_line' id='line_1_13' title="bbox 177 1161 1345 1242; baseline -0.004 -15"><span class='ocrx_word' id='word_1_108' title='bbox 177 1179 239 1227; x_wconf 87' lang='lat' dir='ltr'><strong>tem</strong></span> <span class='ocrx_word' id='word_1_109' title='bbox 260 1178 290 1227; x_wconf 91' lang='lat' dir='ltr'><strong>et</strong></span> <span class='ocrx_word' id='word_1_110' title='bbox 307 1166 344 1226; x_wconf 86' lang='lat' dir='ltr'><strong>sti</strong></span> <span class='ocrx_word' id='word_1_111' title='bbox 366 1163 453 1226; x_wconf 86' lang='lat' dir='ltr'><strong>endia</strong></span> <span class='ocrx_word' id='word_1_112' title='bbox 478 1186 543 1224; x_wconf 91' lang='lat' dir='ltr'><strong>cuni</strong></span> <span class='ocrx_word' id='word_1_113' title='bbox 562 1162 725 1225; x_wconf 87' lang='lat' dir='ltr'><strong>honorario</strong></span> <span class='ocrx_word' id='word_1_114' title='bbox 748 1163 805 1222; x_wconf 85' lang='lat' dir='ltr'><strong>sibi</strong></span> <span class='ocrx_word' id='word_1_115' title='bbox 829 1172 899 1222; x_wconf 92' lang='lat' dir='ltr'><strong>ante</strong></span> <span class='ocrx_word' id='word_1_116' title='bbox 925 1175 1041 1241; x_wconf 89' lang='lat' dir='ltr'><strong>tempus</strong></span> <span class='ocrx_word' id='word_1_117' title='bbox 1067 1161 1228 1242; x_wconf 86' lang='lat' dir='ltr'><strong>postulant.</strong></span> <span class='ocrx_word' id='word_1_118' title='bbox 1295 1185 1345 1222; x_wconf 86' lang='lat' dir='ltr'><strong>er-</strong></span> 
     </span>
     <span class='ocr_line' id='line_1_14' title="bbox 179 1187 1345 1325; baseline -0.003 -23"><span class='ocrx_word' id='word_1_119' title='bbox 179 1265 280 1325; x_wconf 87' lang='lat' dir='ltr'><strong>peram</strong></span> <span class='ocrx_word' id='word_1_120' title='bbox 303 1253 332 1302; x_wconf 93' lang='lat' dir='ltr'><strong>et</strong></span> <span class='ocrx_word' id='word_1_121' title='bbox 346 1187 410 1302; x_wconf 77' lang='lat' dir='ltr'><strong>iioc</strong></span> <span class='ocrx_word' id='word_1_122' title='bbox 429 1241 577 1316; x_wconf 87' lang='lat' dir='ltr'><strong>secundo,</strong></span> <span class='ocrx_word' id='word_1_123' title='bbox 603 1241 699 1320; x_wconf 90' lang='lat' dir='ltr'><strong>quod,</strong></span> <span class='ocrx_word' id='word_1_124' title='bbox 724 1261 812 1319; x_wconf 87' lang='lat' dir='ltr'><strong>quoni</strong></span> <span class='ocrx_word' id='word_1_125' title='bbox 833 1239 965 1298; x_wconf 82' lang='lat' dir='ltr'><strong>certatim</strong></span> <span class='ocrx_word' id='word_1_126' title='bbox 986 1259 1047 1298; x_wconf 90' lang='lat' dir='ltr'><strong>uno</strong></span> <span class='ocrx_word' id='word_1_127' title='bbox 1068 1259 1213 1300; x_wconf 85' lang='lat' dir='ltr'><strong>consensu</strong></span> <span class='ocrx_word' id='word_1_128' title='bbox 1233 1237 1345 1298; x_wconf 89' lang='lat' dir='ltr'><strong>intenti</strong></span> 
     </span>
     <span class='ocr_line' id='line_1_15' title="bbox 181 1314 1345 1395; baseline -0.003 -15"><span class='ocrx_word' id='word_1_129' title='bbox 181 1340 245 1380; x_wconf 87' lang='lat' dir='ltr'><strong>esse</strong></span> <span class='ocrx_word' id='word_1_130' title='bbox 265 1318 396 1379; x_wconf 90' lang='lat' dir='ltr'><strong>debeant</strong></span> <span class='ocrx_word' id='word_1_131' title='bbox 415 1317 452 1378; x_wconf 93' lang='lat' dir='ltr'><strong>ad</strong></span> <span class='ocrx_word' id='word_1_132' title='bbox 471 1339 502 1378; x_wconf 90' lang='lat' dir='ltr'><strong>sc</strong></span> <span class='ocrx_word' id='word_1_133' title='bbox 522 1329 624 1377; x_wconf 90' lang='lat' dir='ltr'><strong>mutuo</strong></span> <span class='ocrx_word' id='word_1_134' title='bbox 644 1317 801 1390; x_wconf 85' lang='lat' dir='ltr'><strong>iuvandos,</strong></span> <span class='ocrx_word' id='word_1_135' title='bbox 827 1335 884 1376; x_wconf 90' lang='lat' dir='ltr'><strong>nec</strong></span> <span class='ocrx_word' id='word_1_136' title='bbox 903 1314 1042 1376; x_wconf 79' lang='lat' dir='ltr'><strong>fratribus</strong></span> <span class='ocrx_word' id='word_1_137' title='bbox 1061 1314 1158 1376; x_wconf 89' lang='lat' dir='ltr'><strong>minus</strong></span> <span class='ocrx_word' id='word_1_138' title='bbox 1177 1337 1266 1395; x_wconf 91' lang='lat' dir='ltr'><strong>quani</strong></span> <span class='ocrx_word' id='word_1_139' title='bbox 1285 1315 1345 1376; x_wconf 87' lang='lat' dir='ltr'><strong>sibi</strong></span> 
     </span>
     <span class='ocr_line' id='line_1_16' title="bbox 204 1391 1345 1477; baseline -0.002 -21"><span class='ocrx_word' id='word_1_140' title='bbox 204 1397 307 1456; x_wconf 88' lang='lat' dir='ltr'><strong>almam</strong></span> <span class='ocrx_word' id='word_1_141' title='bbox 328 1408 486 1477; x_wconf 87' lang='lat' dir='ltr'><strong>appetere,</strong></span> <span class='ocrx_word' id='word_1_142' title='bbox 510 1395 639 1476; x_wconf 84' lang='lat' dir='ltr'><strong>maligna</strong></span> <span class='ocrx_word' id='word_1_143' title='bbox 658 1392 820 1472; x_wconf 78' lang='lat' dir='ltr'><strong>ambitione</strong></span> <span class='ocrx_word' id='word_1_144' title='bbox 841 1391 890 1452; x_wconf 89' lang='lat' dir='ltr'><strong>alii</strong></span> <span class='ocrx_word' id='word_1_145' title='bbox 912 1391 985 1452; x_wconf 87' lang='lat' dir='ltr'><strong>alios</strong></span> <span class='ocrx_word' id='word_1_146' title='bbox 1005 1403 1195 1471; x_wconf 85' lang='lat' dir='ltr'><strong>praevertere</strong></span> <span class='ocrx_word' id='word_1_147' title='bbox 1214 1392 1345 1454; x_wconf 85' lang='lat' dir='ltr'><strong>student.</strong></span> 
     </span>
     <span class='ocr_line' id='line_1_17' title="bbox 181 1419 1345 1552; baseline -0.003 -20"><span class='ocrx_word' id='word_1_148' title='bbox 181 1419 284 1549; x_wconf 64' lang='lat' dir='ltr'><strong>Quare</strong></span> <span class='ocrx_word' id='word_1_149' title='bbox 305 1485 338 1532; x_wconf 91' lang='lat' dir='ltr'><strong>nt</strong></span> <span class='ocrx_word' id='word_1_150' title='bbox 352 1473 502 1552; x_wconf 85' lang='lat' dir='ltr'><strong>probetur</strong></span> <span class='ocrx_word' id='word_1_151' title='bbox 523 1492 622 1531; x_wconf 88' lang='lat' dir='ltr'><strong>cursus</strong></span> <span class='ocrx_word' id='word_1_152' title='bbox 642 1481 744 1530; x_wconf 88' lang='lat' dir='ltr'><strong>noster</strong></span> <span class='ocrx_word' id='word_1_153' title='bbox 763 1468 913 1542; x_wconf 89' lang='lat' dir='ltr'><strong>Domino,</strong></span> <span class='ocrx_word' id='word_1_154' title='bbox 933 1469 1075 1530; x_wconf 86' lang='lat' dir='ltr'><strong>discamus</strong></span> <span class='ocrx_word' id='word_1_155' title='bbox 1094 1469 1248 1548; x_wconf 79' lang='lat' dir='ltr'><strong>patienter</strong></span> <span class='ocrx_word' id='word_1_156' title='bbox 1268 1470 1345 1528; x_wconf 83' lang='lat' dir='ltr'><strong>serre</strong></span> 
     </span>
     <span class='ocr_line' id='line_1_18' title="bbox 179 1546 1345 1630; baseline -0.005 -20"><span class='ocrx_word' id='word_1_157' title='bbox 179 1549 349 1630; x_wconf 89' lang='lat' dir='ltr'><strong>impositum</strong></span> <span class='ocrx_word' id='word_1_158' title='bbox 369 1547 455 1608; x_wconf 89' lang='lat' dir='ltr'><strong>nobis</strong></span> <span class='ocrx_word' id='word_1_159' title='bbox 476 1547 569 1626; x_wconf 81' lang='lat' dir='ltr'><strong>crucis</strong></span> <span class='ocrx_word' id='word_1_160' title='bbox 590 1567 679 1621; x_wconf 87' lang='lat' dir='ltr'><strong>onus,</strong></span> <span class='ocrx_word' id='word_1_161' title='bbox 709 1547 807 1606; x_wconf 89' lang='lat' dir='ltr'><strong>donec</strong></span> <span class='ocrx_word' id='word_1_162' title='bbox 831 1557 977 1605; x_wconf 89' lang='lat' dir='ltr'><strong>maturum</strong></span> <span class='ocrx_word' id='word_1_163' title='bbox 1002 1546 1193 1626; x_wconf 88' lang='lat' dir='ltr'><strong>recipiendae</strong></span> <span class='ocrx_word' id='word_1_164' title='bbox 1214 1565 1345 1606; x_wconf 87' lang='lat' dir='ltr'><strong>coronae</strong></span> 
     </span>
     <span class='ocr_line' id='line_1_19' title="bbox 178 1620 1345 1706; baseline -0.004 -19"><span class='ocrx_word' id='word_1_165' title='bbox 178 1639 296 1706; x_wconf 87' lang='lat' dir='ltr'><strong>teinpus</strong></span> <span class='ocrx_word' id='word_1_166' title='bbox 307 1626 457 1685; x_wconf 82' lang='lat' dir='ltr'><strong>adveniat:</strong></span> <span class='ocrx_word' id='word_1_167' title='bbox 470 1624 585 1698; x_wconf 80' lang='lat' dir='ltr'><strong>,deinde</strong></span> <span class='ocrx_word' id='word_1_168' title='bbox 600 1622 845 1704; x_wconf 84' lang='lat' dir='ltr'><strong>quemadmodum</strong></span> <span class='ocrx_word' id='word_1_169' title='bbox 857 1620 964 1682; x_wconf 88' lang='lat' dir='ltr'><strong>Paulus</strong></span> <span class='ocrx_word' id='word_1_170' title='bbox 978 1622 1121 1694; x_wconf 86' lang='lat' dir='ltr'><strong>bortatur,</strong></span> <span class='ocrx_word' id='word_1_171' title='bbox 1142 1621 1194 1682; x_wconf 90' lang='lat' dir='ltr'><strong>alii</strong></span> <span class='ocrx_word' id='word_1_172' title='bbox 1215 1621 1288 1682; x_wconf 88' lang='lat' dir='ltr'><strong>alios</strong></span> <span class='ocrx_word' id='word_1_173' title='bbox 1301 1622 1345 1682; x_wconf 76' lang='lat' dir='ltr'><strong>ui-</strong></span> 
     </span>
     <span class='ocr_line' id='line_1_20' title="bbox 178 1697 1345 1781; baseline -0.004 -18"><span class='ocrx_word' id='word_1_174' title='bbox 178 1704 275 1764; x_wconf 88' lang='lat' dir='ltr'><strong>cissim</strong></span> <span class='ocrx_word' id='word_1_175' title='bbox 294 1703 411 1762; x_wconf 87' lang='lat' dir='ltr'><strong>bonore</strong></span> <span class='ocrx_word' id='word_1_176' title='bbox 431 1701 603 1781; x_wconf 77' lang='lat' dir='ltr'><strong>praevenire</strong></span> <span class='ocrx_word' id='word_1_177' title='bbox 623 1701 725 1778; x_wconf 78' lang='lat' dir='ltr'><strong>(Rom.</strong></span> <span class='ocrx_word' id='word_1_178' title='bbox 744 1707 794 1771; x_wconf 75' lang='lat'><strong>12,</strong></span> <span class='ocrx_word' id='word_1_179' title='bbox 812 1699 884 1774; x_wconf 82' lang='lat'><strong>1⁰·)·</strong></span> <span class='ocrx_word' id='word_1_180' title='bbox 924 1697 1021 1758; x_wconf 84' lang='lat' dir='ltr'><strong>Priori</strong></span> <span class='ocrx_word' id='word_1_181' title='bbox 1040 1699 1114 1759; x_wconf 84' lang='lat' dir='ltr'><strong>vitio</strong></span> <span class='ocrx_word' id='word_1_182' title='bbox 1134 1697 1236 1760; x_wconf 76' lang='lat' dir='ltr'><strong>affinis</strong></span> <span class='ocrx_word' id='word_1_183' title='bbox 1256 1698 1345 1758; x_wconf 92' lang='lat' dir='ltr'><strong>bodie</strong></span> 
     </span>
     <span class='ocr_line' id='line_1_21' title="bbox 179 1775 1346 1856; baseline -0.004 -17"><span class='ocrx_word' id='word_1_184' title='bbox 179 1792 226 1840; x_wconf 86' lang='lat' dir='ltr'><strong>est</strong></span> <span class='ocrx_word' id='word_1_185' title='bbox 243 1798 318 1839; x_wconf 83' lang='lat' dir='ltr'><strong>vana</strong></span> <span class='ocrx_word' id='word_1_186' title='bbox 338 1797 441 1838; x_wconf 87' lang='lat' dir='ltr'><strong>eorum</strong></span> <span class='ocrx_word' id='word_1_187' title='bbox 462 1777 623 1848; x_wconf 85' lang='lat' dir='ltr'><strong>curiositas,</strong></span> <span class='ocrx_word' id='word_1_188' title='bbox 643 1776 693 1854; x_wconf 91' lang='lat' dir='ltr'><strong>qui</strong></span> <span class='ocrx_word' id='word_1_189' title='bbox 712 1775 818 1835; x_wconf 88' lang='lat' dir='ltr'><strong>relicto</strong></span> <span class='ocrx_word' id='word_1_190' title='bbox 838 1775 1002 1837; x_wconf 85' lang='lat' dir='ltr'><strong>vocationis</strong></span> <span class='ocrx_word' id='word_1_191' title='bbox 1019 1796 1088 1836; x_wconf 89' lang='lat' dir='ltr'><strong>suae</strong></span> <span class='ocrx_word' id='word_1_192' title='bbox 1101 1775 1240 1856; x_wconf 84' lang='lat' dir='ltr'><strong>legitimo</strong></span> <span class='ocrx_word' id='word_1_193' title='bbox 1261 1797 1346 1836; x_wconf 83' lang='lat' dir='ltr'><strong>cursu</strong></span> 
     </span>
     <span class='ocr_line' id='line_1_22' title="bbox 178 1851 1381 1944; baseline -0.004 -27"><span class='ocrx_word' id='word_1_194' title='bbox 178 1875 266 1935; x_wconf 84' lang='lat' dir='ltr'><strong>supra</strong></span> <span class='ocrx_word' id='word_1_195' title='bbox 286 1854 387 1914; x_wconf 88' lang='lat' dir='ltr'><strong>coelos</strong></span> <span class='ocrx_word' id='word_1_196' title='bbox 406 1853 574 1934; x_wconf 87' lang='lat' dir='ltr'><strong>importune</strong></span> <span class='ocrx_word' id='word_1_197' title='bbox 594 1851 708 1912; x_wconf 87' lang='lat' dir='ltr'><strong>saltant.</strong></span> <span class='ocrx_word' id='word_1_198' title='bbox 747 1851 894 1912; x_wconf 89' lang='lat' dir='ltr'><strong>Dominus</strong></span> <span class='ocrx_word' id='word_1_199' title='bbox 920 1851 951 1910; x_wconf 92' lang='lat' dir='ltr'><strong>in</strong></span> <span class='ocrx_word' id='word_1_200' title='bbox 970 1851 1135 1933; x_wconf 82' lang='lat' dir='ltr'><strong>Evangelio</strong></span> <span class='ocrx_word' id='word_1_201' title='bbox 1158 1853 1197 1912; x_wconf 92' lang='lat' dir='ltr'><strong>ad</strong></span> <span class='ocrx_word' id='word_1_202' title='bbox 1218 1873 1343 1944; x_wconf 76' lang='lat' dir='ltr'><strong>regnum</strong></span> <span class='ocrx_word' id='word_1_203' title='bbox 1379 1875 1381 1890; x_wconf 70' lang='lat'><strong>⁴</strong></span> 
     </span>
     <span class='ocr_line' id='line_1_23' title="bbox 629 1927 1343 2008; baseline 0.001 -21"><span class='ocrx_word' id='word_1_204' title='bbox 629 1949 664 1987; x_wconf 94' lang='lat' dir='ltr'><strong>ua</strong></span> <span class='ocrx_word' id='word_1_205' title='bbox 684 1927 753 1989; x_wconf 88' lang='lat' dir='ltr'><strong>illuc</strong></span> <span class='ocrx_word' id='word_1_206' title='bbox 772 1927 955 2008; x_wconf 86' lang='lat' dir='ltr'><strong>pervenitur,</strong></span> <span class='ocrx_word' id='word_1_207' title='bbox 976 1929 1113 1989; x_wconf 80' lang='lat' dir='ltr'><strong>ostendit</strong></span> <span class='ocrx_word' id='word_1_208' title='bbox 1138 1929 1273 1990; x_wconf 87' lang='lat' dir='ltr'><strong>Volatici</strong></span> <span class='ocrx_word' id='word_1_209' title='bbox 1289 1930 1343 1988; x_wconf 88' lang='lat' dir='ltr'><strong>lio-</strong></span> 
     </span>
     <span class='ocr_line' id='line_1_24' title="bbox 155 1947 1343 2086; baseline 0.003 -24"><span class='ocrx_word' id='word_1_210' title='bbox 155 2044 160 2062; x_wconf 87' lang='lat'><strong>.</strong></span> <span class='ocrx_word' id='word_1_211' title='bbox 177 2007 272 2067; x_wconf 88' lang='lat' dir='ltr'><strong>mines</strong></span> <span class='ocrx_word' id='word_1_212' title='bbox 293 2007 329 2066; x_wconf 89' lang='lat' dir='ltr'><strong>de</strong></span> <span class='ocrx_word' id='word_1_213' title='bbox 349 2006 417 2082; x_wconf 85' lang='lat' dir='ltr'><strong>lide,</strong></span> <span class='ocrx_word' id='word_1_214' title='bbox 437 2005 588 2086; x_wconf 91' lang='lat' dir='ltr'><strong>patientia,</strong></span> <span class='ocrx_word' id='word_1_215' title='bbox 607 1947 666 2065; x_wconf 68' lang='lat' dir='ltr'><strong>ici</strong></span> <span class='ocrx_word' id='word_1_216' title='bbox 684 2004 875 2064; x_wconf 79' lang='lat' dir='ltr'><strong>invocatione</strong></span> <span class='ocrx_word' id='word_1_217' title='bbox 896 2016 927 2064; x_wconf 90' lang='lat' dir='ltr'><strong>et</strong></span> <span class='ocrx_word' id='word_1_218' title='bbox 946 2004 1009 2064; x_wconf 87' lang='lat' dir='ltr'><strong>aliis</strong></span> <span class='ocrx_word' id='word_1_219' title='bbox 1029 2005 1174 2066; x_wconf 83' lang='lat' dir='ltr'><strong>exercitiis</strong></span> <span class='ocrx_word' id='word_1_220' title='bbox 1196 2007 1273 2066; x_wconf 90' lang='lat' dir='ltr'><strong>nibil</strong></span> <span class='ocrx_word' id='word_1_221' title='bbox 1292 2026 1343 2065; x_wconf 88' lang='lat' dir='ltr'><strong>co-</strong></span> 
     </span>
     <span class='ocr_line' id='line_1_25' title="bbox 178 2080 1344 2174; baseline 0 -32"><span class='ocrx_word' id='word_1_222' title='bbox 178 2083 317 2166; x_wconf 78' lang='lat' dir='ltr'><strong>gitantes,</strong></span> <span class='ocrx_word' id='word_1_223' title='bbox 358 2083 407 2143; x_wconf 90' lang='lat' dir='ltr'><strong>uid</strong></span> <span class='ocrx_word' id='word_1_224' title='bbox 427 2083 457 2142; x_wconf 89' lang='lat' dir='ltr'><strong>in</strong></span> <span class='ocrx_word' id='word_1_225' title='bbox 478 2081 564 2141; x_wconf 87' lang='lat' dir='ltr'><strong>coelo</strong></span> <span class='ocrx_word' id='word_1_226' title='bbox 585 2093 704 2164; x_wconf 78' lang='lat' dir='ltr'><strong>geratur</strong></span> <span class='ocrx_word' id='word_1_227' title='bbox 720 2081 883 2174; x_wconf 89' lang='lat' dir='ltr'><strong>disputant:</strong></span> <span class='ocrx_word' id='word_1_228' title='bbox 904 2080 961 2141; x_wconf 89' lang='lat' dir='ltr'><strong>hoc</strong></span> <span class='ocrx_word' id='word_1_229' title='bbox 980 2103 1053 2142; x_wconf 85' lang='lat' dir='ltr'><strong>vero</strong></span> <span class='ocrx_word' id='word_1_230' title='bbox 1073 2082 1202 2162; x_wconf 88' lang='lat' dir='ltr'><strong>perinde</strong></span> <span class='ocrx_word' id='word_1_231' title='bbox 1224 2095 1269 2143; x_wconf 86' lang='lat' dir='ltr'><strong>est</strong></span> <span class='ocrx_word' id='word_1_232' title='bbox 1287 2082 1344 2142; x_wconf 77' lang='lat' dir='ltr'><strong>acsi</strong></span> 
     </span>
     <span class='ocr_line' id='line_1_26' title="bbox 200 2103 1381 2240; baseline -0.001 -21"><span class='ocrx_word' id='word_1_233' title='bbox 200 2160 243 2220; x_wconf 88' lang='lat' dir='ltr'><strong>uis</strong></span> <span class='ocrx_word' id='word_1_234' title='bbox 262 2160 319 2219; x_wconf 90' lang='lat' dir='ltr'><strong>iter</strong></span> <span class='ocrx_word' id='word_1_235' title='bbox 338 2103 475 2232; x_wconf 76' lang='lat' dir='ltr'><strong>iactor-ns,</strong></span> <span class='ocrx_word' id='word_1_236' title='bbox 495 2159 531 2218; x_wconf 92' lang='lat' dir='ltr'><strong>de</strong></span> <span class='ocrx_word' id='word_1_237' title='bbox 552 2158 671 2240; x_wconf 86' lang='lat' dir='ltr'><strong>hospitii</strong></span> <span class='ocrx_word' id='word_1_238' title='bbox 690 2157 747 2218; x_wconf 87' lang='lat' dir='ltr'><strong>situ</strong></span> <span class='ocrx_word' id='word_1_239' title='bbox 766 2179 797 2217; x_wconf 95' lang='lat' dir='ltr'><strong>in</strong></span> <span class='ocrx_word' id='word_1_240' title='bbox 819 2158 928 2229; x_wconf 88' lang='lat' dir='ltr'><strong>uirens,</strong></span> <span class='ocrx_word' id='word_1_241' title='bbox 969 2160 1052 2219; x_wconf 88' lang='lat' dir='ltr'><strong>edem</strong></span> <span class='ocrx_word' id='word_1_242' title='bbox 1072 2179 1135 2220; x_wconf 90' lang='lat' dir='ltr'><strong>non</strong></span> <span class='ocrx_word' id='word_1_243' title='bbox 1157 2171 1344 2238; x_wconf 78' lang='lat' dir='ltr'><strong>promoveat</strong></span> <span class='ocrx_word' id='word_1_244' title='bbox 1380 2221 1381 2224; x_wconf 60' lang='grc'>,</span> 
     </span>
     <span class='ocr_line' id='line_1_27' title="bbox 176 2179 1345 2316; baseline -0.003 -20"><span class='ocrx_word' id='word_1_245' title='bbox 176 2181 253 2296; x_wconf 61' lang='lat' dir='ltr'><strong>ilani</strong></span> <span class='ocrx_word' id='word_1_246' title='bbox 266 2257 353 2316; x_wconf 92' lang='lat' dir='ltr'><strong>qumn</strong></span> <span class='ocrx_word' id='word_1_247' title='bbox 363 2235 509 2296; x_wconf 83' lang='lat' dir='ltr'><strong>Dominus</strong></span> <span class='ocrx_word' id='word_1_248' title='bbox 520 2237 551 2294; x_wconf 92' lang='lat' dir='ltr'><strong>in</strong></span> <span class='ocrx_word' id='word_1_249' title='bbox 569 2247 649 2296; x_wconf 81' lang='lat' dir='ltr'><strong>terra</strong></span> <span class='ocrx_word' id='word_1_250' title='bbox 669 2256 724 2296; x_wconf 91' lang='lat' dir='ltr'><strong>nos</strong></span> <span class='ocrx_word' id='word_1_251' title='bbox 744 2233 810 2294; x_wconf 89' lang='lat' dir='ltr'><strong>amb</strong></span> <span class='ocrx_word' id='word_1_252' title='bbox 822 2233 893 2294; x_wconf 49' lang='lat' dir='ltr'><strong>‘lare</strong></span> <span class='ocrx_word' id='word_1_253' title='bbox 912 2179 1030 2309; x_wconf 63' lang='lat' dir='ltr'><strong>iubeat,</strong></span> <span class='ocrx_word' id='word_1_254' title='bbox 1049 2236 1205 2314; x_wconf 90' lang='lat' dir='ltr'><strong>quomodo</strong></span> <span class='ocrx_word' id='word_1_255' title='bbox 1221 2238 1345 2296; x_wconf 87' lang='lat' dir='ltr'><strong>sedeant</strong></span> 
     </span>
     <span class='ocr_line' id='line_1_28' title="bbox 177 2311 1343 2393; baseline -0.003 -18"><span class='ocrx_word' id='word_1_256' title='bbox 177 2313 210 2375; x_wconf 87' lang='lat' dir='ltr'><strong>in</strong></span> <span class='ocrx_word' id='word_1_257' title='bbox 231 2313 321 2377; x_wconf 82' lang='lat' dir='ltr'><strong>coelis</strong></span> <span class='ocrx_word' id='word_1_258' title='bbox 340 2311 464 2387; x_wconf 89' lang='lat' dir='ltr'><strong>mortui,</strong></span> <span class='ocrx_word' id='word_1_259' title='bbox 485 2311 615 2393; x_wconf 88' lang='lat' dir='ltr'><strong>quisquis</strong></span> <span class='ocrx_word' id='word_1_260' title='bbox 635 2313 749 2372; x_wconf 87' lang='lat' dir='ltr'><strong>curiose</strong></span> <span class='ocrx_word' id='word_1_261' title='bbox 770 2311 913 2393; x_wconf 83' lang='lat' dir='ltr'><strong>disputat,</strong></span> <span class='ocrx_word' id='word_1_262' title='bbox 938 2332 970 2372; x_wconf 92' lang='lat' dir='ltr'><strong>se</strong></span> <span class='ocrx_word' id='word_1_263' title='bbox 989 2311 1026 2372; x_wconf 91' lang='lat' dir='ltr'><strong>ab</strong></span> <span class='ocrx_word' id='word_1_264' title='bbox 1046 2329 1167 2374; x_wconf 89' lang='lat' dir='ltr'><strong>accessu</strong></span> <span class='ocrx_word' id='word_1_265' title='bbox 1187 2312 1343 2374; x_wconf 89' lang='lat' dir='ltr'><strong>coelorum</strong></span> 
     </span>
     <span class='ocr_line' id='line_1_29' title="bbox 179 2401 453 2459; baseline -0.018 -7"><span class='ocrx_word' id='word_1_266' title='bbox 179 2401 321 2452; x_wconf 82' lang='lat' dir='ltr'><strong>moratur.</strong></span> <span class='ocrx_word' id='word_1_267' title='bbox 447 2443 453 2459; x_wconf 70' lang='grc'>,</span> 
     </span>
     <span class='ocr_line' id='line_1_30' title="bbox 255 2462 1342 2544; baseline -0.005 -15"><span class='ocrx_word' id='word_1_268' title='bbox 255 2473 282 2530; x_wconf 79' lang='grc'><strong>2.</strong></span> <span class='ocrx_word' id='word_1_269' title='bbox 302 2465 484 2526; x_wconf 79' lang='lat' dir='ltr'><strong>Arcessitum</strong></span> <span class='ocrx_word' id='word_1_270' title='bbox 497 2463 628 2542; x_wconf 75' lang='lat' dir='ltr'><strong>puellari</strong></span> <span class='ocrx_word' id='word_1_271' title='bbox 638 2463 695 2523; x_wconf 81' lang='lat' dir='ltr'><strong>les.</strong></span> <span class='ocrx_word' id='word_1_272' title='bbox 707 2466 805 2524; x_wconf 76' lang='lat' dir='ltr'><strong>statuit</strong></span> <span class='ocrx_word' id='word_1_273' title='bbox 823 2467 855 2525; x_wconf 84' lang='lat' dir='ltr'><strong>iii</strong></span> <span class='ocrx_word' id='word_1_274' title='bbox 873 2462 947 2524; x_wconf 78' lang='lat' dir='ltr'><strong>med.</strong></span> <span class='ocrx_word' id='word_1_275' title='bbox 987 2464 1107 2528; x_wconf 89' lang='lat' dir='ltr'><strong>Summa</strong></span> <span class='ocrx_word' id='word_1_276' title='bbox 1127 2477 1188 2526; x_wconf 87' lang='lat' dir='ltr'><strong>est:</strong></span> <span class='ocrx_word' id='word_1_277' title='bbox 1209 2464 1263 2544; x_wconf 88' lang='lat' dir='ltr'><strong>qui</strong></span> <span class='ocrx_word' id='word_1_278' title='bbox 1281 2483 1342 2524; x_wconf 88' lang='lat' dir='ltr'><strong>ma-</strong></span> 
     </span>
     <span class='ocr_line' id='line_1_31' title="bbox 178 2541 1345 2625; baseline 0 -24"><span class='ocrx_word' id='word_1_279' title='bbox 178 2543 364 2625; x_wconf 84' lang='lat' dir='ltr'><strong>gnitudinem</strong></span> <span class='ocrx_word' id='word_1_280' title='bbox 378 2555 532 2623; x_wconf 86' lang='lat' dir='ltr'><strong>appetunt,</strong></span> <span class='ocrx_word' id='word_1_281' title='bbox 552 2563 607 2622; x_wconf 92' lang='lat' dir='ltr'><strong>qua</strong></span> <span class='ocrx_word' id='word_1_282' title='bbox 622 2542 771 2602; x_wconf 88' lang='lat' dir='ltr'><strong>emineant</strong></span> <span class='ocrx_word' id='word_1_283' title='bbox 782 2545 869 2622; x_wconf 80' lang='lat' dir='ltr'><strong>supi-&#39;a</strong></span> <span class='ocrx_word' id='word_1_284' title='bbox 888 2541 1004 2614; x_wconf 81' lang='lat' dir='ltr'><strong>fratres,</strong></span> <span class='ocrx_word' id='word_1_285' title='bbox 1023 2542 1098 2602; x_wconf 88' lang='lat' dir='ltr'><strong>adeo</strong></span> <span class='ocrx_word' id='word_1_286' title='bbox 1118 2563 1183 2602; x_wconf 91' lang='lat' dir='ltr'><strong>non</strong></span> <span class='ocrx_word' id='word_1_287' title='bbox 1204 2543 1273 2603; x_wconf 83' lang='lat' dir='ltr'><strong>fore</strong></span> <span class='ocrx_word' id='word_1_288' title='bbox 1286 2543 1345 2602; x_wconf 87' lang='lat' dir='ltr'><strong>eius</strong></span> 
     </span>
     <span class='ocr_line' id='line_1_32' title="bbox 178 2618 1345 2700; baseline -0.001 -20"><span class='ocrx_word' id='word_1_289' title='bbox 178 2631 344 2700; x_wconf 88' lang='lat' dir='ltr'><strong>compotes,</strong></span> <span class='ocrx_word' id='word_1_290' title='bbox 350 2631 383 2678; x_wconf 91' lang='lat' dir='ltr'><strong>ut</strong></span> <span class='ocrx_word' id='word_1_291' title='bbox 394 2639 432 2680; x_wconf 90' lang='lat' dir='ltr'><strong>ne</strong></span> <span class='ocrx_word' id='word_1_292' title='bbox 444 2631 573 2679; x_wconf 77' lang='lat' dir='ltr'><strong>extremo</strong></span> <span class='ocrx_word' id='word_1_293' title='bbox 603 2618 815 2700; x_wconf 83' lang='lat' dir='ltr'><strong>uidemangulo</strong></span> <span class='ocrx_word' id='word_1_294' title='bbox 827 2619 948 2678; x_wconf 86' lang='lat' dir='ltr'><strong>haerere</strong></span> <span class='ocrx_word' id='word_1_295' title='bbox 960 2630 1077 2698; x_wconf 86' lang='lat' dir='ltr'><strong>queant.</strong></span> <span class='ocrx_word' id='word_1_296' title='bbox 1090 2620 1117 2679; x_wconf 84' lang='grc' dir='ltr'><strong>Δ</strong></span> <span class='ocrx_word' id='word_1_297' title='bbox 1129 2619 1286 2680; x_wconf 81' lang='lat' dir='ltr'><strong>contrario</strong></span> <span class='ocrx_word' id='word_1_298' title='bbox 1295 2641 1345 2678; x_wconf 91' lang='lat' dir='ltr'><strong>an-</strong></span> 
     </span>
     <span class='ocr_line' id='line_1_33' title="bbox 177 2639 1344 2790; baseline -0.002 -34"><span class='ocrx_word' id='word_1_299' title='bbox 177 2707 239 2756; x_wconf 88' lang='lat' dir='ltr'><strong>tem</strong></span> <span class='ocrx_word' id='word_1_300' title='bbox 254 2696 456 2769; x_wconf 84' lang='lat' dir='ltr'><strong>ratiocinatur,</strong></span> <span class='ocrx_word' id='word_1_301' title='bbox 469 2695 535 2790; x_wconf 88' lang='lat' dir='ltr'><strong>quia</strong></span> <span class='ocrx_word' id='word_1_302' title='bbox 550 2639 611 2754; x_wconf 76' lang='lat' dir='ltr'><strong>scia</strong></span> <span class='ocrx_word' id='word_1_303' title='bbox 622 2715 677 2754; x_wconf 90' lang='lat' dir='ltr'><strong>nos</strong></span> <span class='ocrx_word' id='word_1_304' title='bbox 689 2694 833 2754; x_wconf 86' lang='lat' dir='ltr'><strong>humilitas</strong></span> <span class='ocrx_word' id='word_1_305' title='bbox 846 2695 974 2755; x_wconf 76' lang='lat' dir='ltr'><strong>extollat.</strong></span> <span class='ocrx_word' id='word_1_306' title='bbox 995 2695 1074 2770; x_wconf 90' lang='lat' dir='ltr'><strong>Quia</strong></span> <span class='ocrx_word' id='word_1_307' title='bbox 1084 2715 1158 2755; x_wconf 86' lang='lat' dir='ltr'><strong>vero</strong></span> <span class='ocrx_word' id='word_1_308' title='bbox 1172 2696 1269 2778; x_wconf 83' lang='lat' dir='ltr'><strong>magis</strong></span> <span class='ocrx_word' id='word_1_309' title='bbox 1281 2695 1344 2754; x_wconf 82' lang='lat' dir='ltr'><strong>alb-</strong></span> 
     </span>
     <span class='ocr_line' id='line_1_34' title="bbox 123 2769 1343 2853; baseline -0.002 -21"><span class='ocrx_word' id='word_1_310' title='bbox 123 2819 128 2842; x_wconf 79' lang='lat'><strong>,</strong></span> <span class='ocrx_word' id='word_1_311' title='bbox 177 2771 400 2832; x_wconf 88' lang='lat' dir='ltr'><strong>cinntobiectae</strong></span> <span class='ocrx_word' id='word_1_312' title='bbox 408 2771 628 2850; x_wconf 85' lang='lat' dir='ltr'><strong>oculisspecies,</strong></span> <span class='ocrx_word' id='word_1_313' title='bbox 639 2782 742 2850; x_wconf 81' lang='lat' dir='ltr'><strong>typum</strong></span> <span class='ocrx_word' id='word_1_314' title='bbox 748 2769 1055 2851; x_wconf 86' lang='lat' dir='ltr'><strong>humilitatisinpueio</strong></span> <span class='ocrx_word' id='word_1_315' title='bbox 1066 2772 1343 2853; x_wconf 80' lang='lat' dir='ltr'><strong>inlantcproponit.</strong></span> 
     </span>
     <span class='ocr_line' id='line_1_35' title="bbox 176 2847 1344 2938; baseline 0.001 -31"><span class='ocrx_word' id='word_1_316' title='bbox 176 2848 253 2907; x_wconf 87' lang='lat' dir='ltr'><strong>Nam</strong></span> <span class='ocrx_word' id='word_1_317' title='bbox 274 2847 355 2938; x_wconf 89' lang='lat' dir='ltr'><strong>quod</strong></span> <span class='ocrx_word' id='word_1_318' title='bbox 374 2847 457 2906; x_wconf 87' lang='lat' dir='ltr'><strong>iubet</strong></span> <span class='ocrx_word' id='word_1_319' title='bbox 475 2867 543 2907; x_wconf 87' lang='lat' dir='ltr'><strong>suos</strong></span> <span class='ocrx_word' id='word_1_320' title='bbox 563 2847 643 2907; x_wconf 82' lang='lat' dir='ltr'><strong>ellici</strong></span> <span class='ocrx_word' id='word_1_321' title='bbox 662 2867 756 2925; x_wconf 89' lang='lat' dir='ltr'><strong>puero</strong></span> <span class='ocrx_word' id='word_1_322' title='bbox 773 2847 893 2920; x_wconf 79' lang='lat' dir='ltr'><strong>similes,</strong></span> <span class='ocrx_word' id='word_1_323' title='bbox 914 2869 975 2908; x_wconf 93' lang='lat' dir='ltr'><strong>non</strong></span> <span class='ocrx_word' id='word_1_324' title='bbox 996 2849 1033 2909; x_wconf 88' lang='lat' dir='ltr'><strong>ad</strong></span> <span class='ocrx_word' id='word_1_325' title='bbox 1053 2849 1153 2908; x_wconf 85' lang='lat' dir='ltr'><strong>omnia</strong></span> <span class='ocrx_word' id='word_1_326' title='bbox 1174 2849 1344 2929; x_wconf 86' lang='lat' dir='ltr'><strong>promiscue</strong></span> 
     </span>
     <span class='ocr_line' id='line_1_36' title="bbox 180 2923 1344 3004; baseline 0 -20"><span class='ocrx_word' id='word_1_327' title='bbox 180 2923 354 2984; x_wconf 74' lang='lat' dir='ltr'><strong>extenditur.</strong></span> <span class='ocrx_word' id='word_1_328' title='bbox 394 2923 523 2996; x_wconf 85' lang='lat' dir='ltr'><strong>Scimus,</strong></span> <span class='ocrx_word' id='word_1_329' title='bbox 551 2923 581 2982; x_wconf 93' lang='lat' dir='ltr'><strong>in</strong></span> <span class='ocrx_word' id='word_1_330' title='bbox 609 2923 707 3002; x_wconf 86' lang='lat' dir='ltr'><strong>pueris</strong></span> <span class='ocrx_word' id='word_1_331' title='bbox 726 2923 817 2984; x_wconf 85' lang='lat' dir='ltr'><strong>multa</strong></span> <span class='ocrx_word' id='word_1_332' title='bbox 838 2945 900 2984; x_wconf 89' lang='lat' dir='ltr'><strong>csse</strong></span> <span class='ocrx_word' id='word_1_333' title='bbox 920 2924 1039 2988; x_wconf 80' lang='lat' dir='ltr'><strong>vitiosa:</strong></span> <span class='ocrx_word' id='word_1_334' title='bbox 1070 2945 1161 3004; x_wconf 87' lang='lat' dir='ltr'><strong>quare</strong></span> <span class='ocrx_word' id='word_1_335' title='bbox 1183 2938 1215 2985; x_wconf 93' lang='lat' dir='ltr'><strong>et</strong></span> <span class='ocrx_word' id='word_1_336' title='bbox 1235 2926 1344 2986; x_wconf 86' lang='lat' dir='ltr'><strong>Paulus</strong></span> 
     </span>
     <span class='ocr_line' id='line_1_37' title="bbox 179 2999 1344 3080; baseline 0.001 -21"><span class='ocrx_word' id='word_1_337' title='bbox 179 3020 243 3060; x_wconf 94' lang='lat' dir='ltr'><strong>non</strong></span> <span class='ocrx_word' id='word_1_338' title='bbox 261 3019 360 3073; x_wconf 89' lang='lat' dir='ltr'><strong>sensu,</strong></span> <span class='ocrx_word' id='word_1_339' title='bbox 379 2999 430 3058; x_wconf 89' lang='lat' dir='ltr'><strong>sed</strong></span> <span class='ocrx_word' id='word_1_340' title='bbox 450 2999 558 3058; x_wconf 85' lang='lat' dir='ltr'><strong>malitia</strong></span> <span class='ocrx_word' id='word_1_341' title='bbox 579 3019 687 3078; x_wconf 84' lang='lat' dir='ltr'><strong>pueros</strong></span> <span class='ocrx_word' id='word_1_342' title='bbox 708 3020 769 3060; x_wconf 87' lang='lat' dir='ltr'><strong>esse</strong></span> <span class='ocrx_word' id='word_1_343' title='bbox 789 3001 861 3076; x_wconf 84' lang='lat' dir='ltr'><strong>vult,</strong></span> <span class='ocrx_word' id='word_1_344' title='bbox 883 3022 957 3080; x_wconf 88' lang='lat' dir='ltr'><strong>quos</strong></span> <span class='ocrx_word' id='word_1_345' title='bbox 978 3000 1047 3061; x_wconf 87' lang='lat' dir='ltr'><strong>alibi</strong></span> <span class='ocrx_word' id='word_1_346' title='bbox 1067 3003 1104 3061; x_wconf 90' lang='lat' dir='ltr'><strong>ad</strong></span> <span class='ocrx_word' id='word_1_347' title='bbox 1124 3014 1255 3062; x_wconf 86' lang='lat' dir='ltr'><strong>aetatem</strong></span> <span class='ocrx_word' id='word_1_348' title='bbox 1274 3003 1344 3060; x_wconf 82' lang='lat' dir='ltr'><strong>viri-</strong></span> 
     </span>
     <span class='ocr_line' id='line_1_38' title="bbox 178 3069 1344 3158; baseline 0.002 -22"><span class='ocrx_word' id='word_1_349' title='bbox 178 3075 236 3136; x_wconf 87' lang='lat' dir='ltr'><strong>lem</strong></span> <span class='ocrx_word' id='word_1_350' title='bbox 258 3075 330 3134; x_wconf 90' lang='lat' dir='ltr'><strong>eniti</strong></span> <span class='ocrx_word' id='word_1_351' title='bbox 350 3075 433 3136; x_wconf 90' lang='lat' dir='ltr'><strong>iubet</strong></span> <span class='ocrx_word' id='word_1_352' title='bbox 452 3075 491 3154; x_wconf 92' lang='lat' dir='ltr'><strong>(I.</strong></span> <span class='ocrx_word' id='word_1_353' title='bbox 514 3073 585 3134; x_wconf 87' lang='lat' dir='ltr'><strong>Cor.</strong></span> <span class='ocrx_word' id='word_1_354' title='bbox 605 3081 662 3150; x_wconf 77' lang='lat' dir='ltr'><strong>ll,</strong></span> <span class='ocrx_word' id='word_1_355' title='bbox 680 3069 727 3141; x_wconf 80' lang='lat' dir='ltr'><strong>ld.</strong></span> <span class='ocrx_word' id='word_1_356' title='bbox 746 3077 856 3157; x_wconf 81' lang='lat' dir='ltr'><strong>Ephes.</strong></span> <span class='ocrx_word' id='word_1_357' title='bbox 875 3086 908 3151; x_wconf 82' lang='grc'><strong>4,</strong></span> <span class='ocrx_word' id='word_1_358' title='bbox 928 3080 1000 3154; x_wconf 84' lang='grc'>13.).</span> <span class='ocrx_word' id='word_1_359' title='bbox 1038 3077 1099 3138; x_wconf 90' lang='lat' dir='ltr'><strong>Sed</strong></span> <span class='ocrx_word' id='word_1_360' title='bbox 1120 3079 1189 3158; x_wconf 90' lang='lat' dir='ltr'><strong>quia</strong></span> <span class='ocrx_word' id='word_1_361' title='bbox 1209 3081 1344 3138; x_wconf 86' lang='lat' dir='ltr'><strong>nonduin</strong></span> 
     </span>
     <span class='ocr_line' id='line_1_39' title="bbox 177 3150 1343 3244; baseline 0.003 -34"><span class='ocrx_word' id='word_1_362' title='bbox 177 3161 282 3210; x_wconf 86' lang='lat' dir='ltr'><strong>tenent</strong></span> <span class='ocrx_word' id='word_1_363' title='bbox 301 3151 438 3227; x_wconf 80' lang='lat' dir='ltr'><strong>infantes,</strong></span> <span class='ocrx_word' id='word_1_364' title='bbox 457 3150 528 3231; x_wconf 91' lang='lat' dir='ltr'><strong>quid</strong></span> <span class='ocrx_word' id='word_1_365' title='bbox 548 3151 586 3211; x_wconf 91' lang='lat' dir='ltr'><strong>sit</strong></span> <span class='ocrx_word' id='word_1_366' title='bbox 604 3151 666 3212; x_wconf 84' lang='lat' dir='ltr'><strong>aliis</strong></span> <span class='ocrx_word' id='word_1_367' title='bbox 679 3153 835 3232; x_wconf 87' lang='lat' dir='ltr'><strong>praeferri,</strong></span> <span class='ocrx_word' id='word_1_368' title='bbox 854 3165 887 3213; x_wconf 88' lang='lat' dir='ltr'><strong>nt</strong></span> <span class='ocrx_word' id='word_1_369' title='bbox 900 3155 936 3215; x_wconf 93' lang='lat' dir='ltr'><strong>de</strong></span> <span class='ocrx_word' id='word_1_370' title='bbox 951 3155 1219 3244; x_wconf 78' lang='lat' dir='ltr'><strong>primatucertent,</strong></span> <span class='ocrx_word' id='word_1_371' title='bbox 1239 3176 1343 3216; x_wconf 90' lang='lat' dir='ltr'><strong>eorum</strong></span> 
     </span>
     <span class='ocr_line' id='line_1_40' title="bbox 177 3227 1345 3322; baseline 0.002 -34"><span class='ocrx_word' id='word_1_372' title='bbox 177 3227 312 3306; x_wconf 81' lang='lat' dir='ltr'><strong>exemplo</strong></span> <span class='ocrx_word' id='word_1_373' title='bbox 336 3229 469 3288; x_wconf 82' lang='lat' dir='ltr'><strong>Christus</strong></span> <span class='ocrx_word' id='word_1_374' title='bbox 488 3228 581 3290; x_wconf 88' lang='lat' dir='ltr'><strong>deleri</strong></span> <span class='ocrx_word' id='word_1_375' title='bbox 601 3230 664 3288; x_wconf 87' lang='lat' dir='ltr'><strong>vult</strong></span> <span class='ocrx_word' id='word_1_376' title='bbox 684 3251 718 3288; x_wconf 85' lang='lat' dir='ltr'><strong>ex</strong></span> <span class='ocrx_word' id='word_1_377' title='bbox 735 3251 854 3292; x_wconf 89' lang='lat' dir='ltr'><strong>suorum</strong></span> <span class='ocrx_word' id='word_1_378' title='bbox 876 3231 989 3305; x_wconf 87' lang='lat' dir='ltr'><strong>animis,</strong></span> <span class='ocrx_word' id='word_1_379' title='bbox 1009 3251 1084 3310; x_wconf 92' lang='lat' dir='ltr'><strong>quae</strong></span> <span class='ocrx_word' id='word_1_380' title='bbox 1104 3231 1228 3322; x_wconf 76' lang='lat' dir='ltr'><strong>profani</strong></span> <span class='ocrx_word' id='word_1_381' title='bbox 1248 3231 1345 3292; x_wconf 90' lang='lat' dir='ltr'><strong>bomi-</strong></span> 
     </span>
     <span class='ocr_line' id='line_1_41' title="bbox 119 3303 1344 3400; baseline 0.003 -38"><span class='ocrx_word' id='word_1_382' title='bbox 119 3355 122 3360; x_wconf 84' lang='lat'><strong>.</strong></span> <span class='ocrx_word' id='word_1_383' title='bbox 177 3322 231 3363; x_wconf 89' lang='lat' dir='ltr'><strong>nes</strong></span> <span class='ocrx_word' id='word_1_384' title='bbox 252 3314 282 3362; x_wconf 91' lang='lat' dir='ltr'><strong>et</strong></span> <span class='ocrx_word' id='word_1_385' title='bbox 300 3303 352 3363; x_wconf 82' lang='lat' dir='ltr'><strong>filii</strong></span> <span class='ocrx_word' id='word_1_386' title='bbox 371 3305 479 3365; x_wconf 88' lang='lat' dir='ltr'><strong>saeculi</strong></span> <span class='ocrx_word' id='word_1_387' title='bbox 499 3306 537 3366; x_wconf 93' lang='lat' dir='ltr'><strong>de</strong></span> <span class='ocrx_word' id='word_1_388' title='bbox 556 3303 704 3366; x_wconf 88' lang='lat' dir='ltr'><strong>honorum</strong></span> <span class='ocrx_word' id='word_1_389' title='bbox 725 3306 880 3367; x_wconf 87' lang='lat' dir='ltr'><strong>dulcedine</strong></span> <span class='ocrx_word' id='word_1_390' title='bbox 901 3317 1047 3389; x_wconf 89' lang='lat' dir='ltr'><strong>perpetuo</strong></span> <span class='ocrx_word' id='word_1_391' title='bbox 1068 3319 1201 3392; x_wconf 83' lang='lat' dir='ltr'><strong>agitant,</strong></span> <span class='ocrx_word' id='word_1_392' title='bbox 1226 3329 1265 3368; x_wconf 89' lang='lat' dir='ltr'><strong>ne</strong></span> <span class='ocrx_word' id='word_1_393' title='bbox 1288 3328 1344 3400; x_wconf 91' lang='lat' dir='ltr'><strong>qua</strong></span> 
     </span>
     <span class='ocr_line' id='line_1_42' title="bbox 175 3380 1344 3476; baseline 0.003 -36"><span class='ocrx_word' id='word_1_394' title='bbox 175 3401 228 3440; x_wconf 91' lang='lat' dir='ltr'><strong>eos</strong></span> <span class='ocrx_word' id='word_1_395' title='bbox 247 3380 348 3458; x_wconf 80' lang='lat' dir='ltr'><strong>titillet</strong></span> <span class='ocrx_word' id='word_1_396' title='bbox 366 3381 498 3442; x_wconf 90' lang='lat' dir='ltr'><strong>ambitio.</strong></span> <span class='ocrx_word' id='word_1_397' title='bbox 536 3383 570 3442; x_wconf 81' lang='lat' dir='ltr'><strong>si</strong></span> <span class='ocrx_word' id='word_1_398' title='bbox 591 3383 655 3462; x_wconf 91' lang='lat' dir='ltr'><strong>quis</strong></span> <span class='ocrx_word' id='word_1_399' title='bbox 668 3383 801 3464; x_wconf 85' lang='lat' dir='ltr'><strong>excipiat,</strong></span> <span class='ocrx_word' id='word_1_400' title='bbox 820 3382 983 3444; x_wconf 77' lang='lat' dir='ltr'><strong>infantibus</strong></span> <span class='ocrx_word' id='word_1_401' title='bbox 994 3404 1114 3476; x_wconf 89' lang='lat' dir='ltr'><strong>quoque</strong></span> <span class='ocrx_word' id='word_1_402' title='bbox 1127 3384 1164 3444; x_wconf 89' lang='lat' dir='ltr'><strong>ab</strong></span> <span class='ocrx_word' id='word_1_403' title='bbox 1186 3398 1277 3446; x_wconf 88' lang='lat' dir='ltr'><strong>utero</strong></span> <span class='ocrx_word' id='word_1_404' title='bbox 1296 3407 1344 3444; x_wconf 94' lang='lat' dir='ltr'><strong>in-</strong></span> 
     </span>
     <span class='ocr_line' id='line_1_43' title="bbox 173 3458 1342 3594; baseline 0.002 -76"><span class='ocrx_word' id='word_1_405' title='bbox 173 3458 304 3594; x_wconf 62' lang='lat' dir='ltr'><strong>penitam</strong></span> <span class='ocrx_word' id='word_1_406' title='bbox 326 3477 388 3518; x_wconf 89' lang='lat' dir='ltr'><strong>esse</strong></span> <span class='ocrx_word' id='word_1_407' title='bbox 408 3459 586 3540; x_wconf 82' lang='lat' dir='ltr'><strong>superbiam,</strong></span> <span class='ocrx_word' id='word_1_408' title='bbox 604 3472 639 3518; x_wconf 92' lang='lat' dir='ltr'><strong>ut</strong></span> <span class='ocrx_word' id='word_1_409' title='bbox 656 3459 780 3539; x_wconf 74' lang='lat' dir='ltr'><strong>primain</strong></span> <span class='ocrx_word' id='word_1_410' title='bbox 800 3460 845 3520; x_wconf 90' lang='lat' dir='ltr'><strong>sui</strong></span> <span class='ocrx_word' id='word_1_411' title='bbox 861 3482 960 3522; x_wconf 90' lang='lat' dir='ltr'><strong>curain</strong></span> <span class='ocrx_word' id='word_1_412' title='bbox 972 3472 1002 3521; x_wconf 91' lang='lat' dir='ltr'><strong>et</strong></span> <span class='ocrx_word' id='word_1_413' title='bbox 1013 3473 1160 3530; x_wconf 83' lang='lat' dir='ltr'><strong>rationem</strong></span> <span class='ocrx_word' id='word_1_414' title='bbox 1174 3461 1278 3522; x_wconf 87' lang='lat' dir='ltr'><strong>baberi</strong></span> <span class='ocrx_word' id='word_1_415' title='bbox 1290 3483 1342 3521; x_wconf 82' lang='lat' dir='ltr'><strong>ue-</strong></span> 
     </span>
     <span class='ocr_line' id='line_1_44' title="bbox 185 3535 1343 3616; baseline 0.002 -22"><span class='ocrx_word' id='word_1_416' title='bbox 185 3545 240 3611; x_wconf 89' lang='lat' dir='ltr'><strong>int‚</strong></span> <span class='ocrx_word' id='word_1_417' title='bbox 259 3535 352 3595; x_wconf 84' lang='lat' dir='ltr'><strong>facilis</strong></span> <span class='ocrx_word' id='word_1_418' title='bbox 371 3535 524 3616; x_wconf 80' lang='lat' dir='ltr'><strong>responsio</strong></span> <span class='ocrx_word' id='word_1_419' title='bbox 547 3547 600 3610; x_wconf 87' lang='lat' dir='ltr'><strong>cst,</strong></span> <span class='ocrx_word' id='word_1_420' title='bbox 618 3535 822 3596; x_wconf 85' lang='lat' dir='ltr'><strong>similitudines</strong></span> <span class='ocrx_word' id='word_1_421' title='bbox 834 3557 896 3597; x_wconf 92' lang='lat' dir='ltr'><strong>non</strong></span> <span class='ocrx_word' id='word_1_422' title='bbox 913 3550 1011 3598; x_wconf 85' lang='lat' dir='ltr'><strong>exacte</strong></span> <span class='ocrx_word' id='word_1_423' title='bbox 1031 3537 1116 3598; x_wconf 88' lang='lat' dir='ltr'><strong>nimis</strong></span> <span class='ocrx_word' id='word_1_424' title='bbox 1136 3557 1195 3598; x_wconf 91' lang='lat' dir='ltr'><strong>nec</strong></span> <span class='ocrx_word' id='word_1_425' title='bbox 1214 3559 1343 3616; x_wconf 86' lang='lat' dir='ltr'><strong>scrupu-</strong></span> 
     </span>
     <span class='ocr_line' id='line_1_45' title="bbox 174 3609 1343 3704; baseline 0.003 -33"><span class='ocrx_word' id='word_1_426' title='bbox 174 3611 239 3688; x_wconf 85' lang='lat' dir='ltr'><strong>lose</strong></span> <span class='ocrx_word' id='word_1_427' title='bbox 265 3612 375 3672; x_wconf 90' lang='lat' dir='ltr'><strong>debere</strong></span> <span class='ocrx_word' id='word_1_428' title='bbox 401 3613 511 3686; x_wconf 62' lang='lat' dir='ltr'><strong>excuti,</strong></span> <span class='ocrx_word' id='word_1_429' title='bbox 541 3613 630 3672; x_wconf 89' lang='lat' dir='ltr'><strong>utin</strong></span> <span class='ocrx_word' id='word_1_430' title='bbox 654 3611 776 3694; x_wconf 82' lang='lat' dir='ltr'><strong>singulis</strong></span> <span class='ocrx_word' id='word_1_431' title='bbox 796 3613 928 3693; x_wconf 86' lang='lat' dir='ltr'><strong>partibus</strong></span> <span class='ocrx_word' id='word_1_432' title='bbox 949 3625 1124 3704; x_wconf 76' lang='lat' dir='ltr'><strong>congruant.</strong></span> <span class='ocrx_word' id='word_1_433' title='bbox 1165 3614 1242 3690; x_wconf 82' lang='lat' dir='ltr'><strong>Quia</strong></span> <span class='ocrx_word' id='word_1_434' title='bbox 1258 3609 1343 3693; x_wconf 77' lang='lat' dir='ltr'><strong>ergo</strong></span> 
     </span>
     <span class='ocr_line' id='line_1_46' title="bbox 173 3681 1344 3782; baseline 0.003 -35"><span class='ocrx_word' id='word_1_435' title='bbox 173 3699 256 3748; x_wconf 88' lang='lat' dir='ltr'><strong>tanta</strong></span> <span class='ocrx_word' id='word_1_436' title='bbox 276 3689 370 3748; x_wconf 88' lang='lat' dir='ltr'><strong>adbuc</strong></span> <span class='ocrx_word' id='word_1_437' title='bbox 389 3689 420 3747; x_wconf 89' lang='lat' dir='ltr'><strong>in</strong></span> <span class='ocrx_word' id='word_1_438' title='bbox 440 3701 537 3750; x_wconf 85' lang='lat' dir='ltr'><strong>aetate</strong></span> <span class='ocrx_word' id='word_1_439' title='bbox 554 3681 770 3750; x_wconf 84' lang='lat' dir='ltr'><strong>itisantulorum</strong></span> <span class='ocrx_word' id='word_1_440' title='bbox 789 3702 896 3782; x_wconf 71' lang='lat' dir='ltr'><strong>regnat</strong></span> <span class='ocrx_word' id='word_1_441' title='bbox 918 3689 1103 3771; x_wconf 73' lang='lat' dir='ltr'><strong>simplicitas,</strong></span> <span class='ocrx_word' id='word_1_442' title='bbox 1132 3703 1169 3749; x_wconf 92' lang='lat' dir='ltr'><strong>ut</strong></span> <span class='ocrx_word' id='word_1_443' title='bbox 1193 3693 1344 3760; x_wconf 78' lang='lat' dir='ltr'><strong>bonorum</strong></span> 
     </span>
     <span class='ocr_line' id='line_1_47' title="bbox 197 3765 1342 3857; baseline 0.001 -32"><span class='ocrx_word' id='word_1_444' title='bbox 197 3767 282 3826; x_wconf 85' lang='lat' dir='ltr'><strong>radiis</strong></span> <span class='ocrx_word' id='word_1_445' title='bbox 302 3777 333 3824; x_wconf 90' lang='lat' dir='ltr'><strong>et</strong></span> <span class='ocrx_word' id='word_1_446' title='bbox 352 3766 470 3845; x_wconf 86' lang='lat' dir='ltr'><strong>quaevis</strong></span> <span class='ocrx_word' id='word_1_447' title='bbox 489 3765 644 3844; x_wconf 88' lang='lat' dir='ltr'><strong>superbiae</strong></span> <span class='ocrx_word' id='word_1_448' title='bbox 670 3765 802 3826; x_wconf 79' lang='lat' dir='ltr'><strong>fomenta</strong></span> <span class='ocrx_word' id='word_1_449' title='bbox 828 3779 985 3848; x_wconf 74' lang='lat' dir='ltr'><strong>ignorent,</strong></span> <span class='ocrx_word' id='word_1_450' title='bbox 1013 3787 1066 3828; x_wconf 88' lang='lat' dir='ltr'><strong>eos</strong></span> <span class='ocrx_word' id='word_1_451' title='bbox 1090 3767 1202 3828; x_wconf 88' lang='lat' dir='ltr'><strong>merito</strong></span> <span class='ocrx_word' id='word_1_452' title='bbox 1222 3780 1252 3828; x_wconf 89' lang='lat' dir='ltr'><strong>et</strong></span> <span class='ocrx_word' id='word_1_453' title='bbox 1271 3781 1342 3857; x_wconf 89' lang='lat' dir='ltr'><strong>apte</strong></span> 
     </span>
     <span class='ocr_line' id='line_1_48' title="bbox 173 3785 1342 3932; baseline 0.002 -30"><span class='ocrx_word' id='word_1_454' title='bbox 173 3785 309 3904; x_wconf 48' lang='lat' dir='ltr'><strong>{hristus</strong></span> <span class='ocrx_word' id='word_1_455' title='bbox 329 3841 360 3900; x_wconf 91' lang='lat' dir='ltr'><strong>in</strong></span> <span class='ocrx_word' id='word_1_456' title='bbox 381 3841 543 3932; x_wconf 71' lang='lat' dir='ltr'><strong>exemplum</strong></span> <span class='ocrx_word' id='word_1_457' title='bbox 564 3842 716 3921; x_wconf 91' lang='lat' dir='ltr'><strong>proponit.</strong></span> <span class='ocrx_word' id='word_1_458' title='bbox 755 3844 854 3924; x_wconf 77' lang='lat' dir='ltr'><strong>Atque</strong></span> <span class='ocrx_word' id='word_1_459' title='bbox 875 3843 931 3904; x_wconf 92' lang='lat' dir='ltr'><strong>buc</strong></span> <span class='ocrx_word' id='word_1_460' title='bbox 944 3855 1058 3924; x_wconf 88' lang='lat' dir='ltr'><strong>spectat</strong></span> <span class='ocrx_word' id='word_1_461' title='bbox 1078 3845 1238 3905; x_wconf 82' lang='lat' dir='ltr'><strong>conversio</strong></span> <span class='ocrx_word' id='word_1_462' title='bbox 1260 3865 1342 3904; x_wconf 83' lang='lat' dir='ltr'><strong>cuius</strong></span> 
     </span>
     <span class='ocr_line' id='line_1_49' title="bbox 173 3918 1342 3998; baseline 0.002 -20"><span class='ocrx_word' id='word_1_463' title='bbox 173 3919 318 3993; x_wconf 88' lang='lat' dir='ltr'><strong>meminit,</strong></span> <span class='ocrx_word' id='word_1_464' title='bbox 336 3920 418 3998; x_wconf 87' lang='lat' dir='ltr'><strong>quod</strong></span> <span class='ocrx_word' id='word_1_465' title='bbox 437 3918 551 3978; x_wconf 86' lang='lat' dir='ltr'><strong>seilicet</strong></span> <span class='ocrx_word' id='word_1_466' title='bbox 570 3918 607 3977; x_wconf 90' lang='lat' dir='ltr'><strong>ad</strong></span> <span class='ocrx_word' id='word_1_467' title='bbox 626 3939 797 3980; x_wconf 87' lang='lat' dir='ltr'><strong>communes</strong></span> <span class='ocrx_word' id='word_1_468' title='bbox 818 3921 969 3985; x_wconf 90' lang='lat' dir='ltr'><strong>bominum</strong></span> <span class='ocrx_word' id='word_1_469' title='bbox 989 3941 1087 3981; x_wconf 89' lang='lat' dir='ltr'><strong>mores</strong></span> <span class='ocrx_word' id='word_1_470' title='bbox 1107 3920 1167 3982; x_wconf 91' lang='lat' dir='ltr'><strong>iam</strong></span> <span class='ocrx_word' id='word_1_471' title='bbox 1188 3921 1276 3980; x_wconf 88' lang='lat' dir='ltr'><strong>nimis</strong></span> <span class='ocrx_word' id='word_1_472' title='bbox 1295 3943 1342 3980; x_wconf 86' lang='lat' dir='ltr'><strong>as-</strong></span> 
     </span>
     <span class='ocr_line' id='line_1_50' title="bbox 171 3993 1340 4078; baseline 0.001 -23"><span class='ocrx_word' id='word_1_473' title='bbox 171 3997 334 4070; x_wconf 62' lang='lat' dir='ltr'><strong>stetissent</strong></span> <span class='ocrx_word' id='word_1_474' title='bbox 353 3994 497 4075; x_wconf 84' lang='lat' dir='ltr'><strong>discipuli,</strong></span> <span class='ocrx_word' id='word_1_475' title='bbox 517 3993 645 4074; x_wconf 80' lang='lat' dir='ltr'><strong>ideoque</strong></span> <span class='ocrx_word' id='word_1_476' title='bbox 664 4007 698 4054; x_wconf 91' lang='lat' dir='ltr'><strong>ut</strong></span> <span class='ocrx_word' id='word_1_477' title='bbox 717 3996 753 4054; x_wconf 91' lang='lat' dir='ltr'><strong>ad</strong></span> <span class='ocrx_word' id='word_1_478' title='bbox 764 4017 885 4078; x_wconf 90' lang='lat' dir='ltr'><strong>scopum</strong></span> <span class='ocrx_word' id='word_1_479' title='bbox 898 3998 1038 4076; x_wconf 84' lang='lat' dir='ltr'><strong>aspirent,</strong></span> <span class='ocrx_word' id='word_1_480' title='bbox 1058 4019 1175 4058; x_wconf 84' lang='lat' dir='ltr'><strong>cursum</strong></span> <span class='ocrx_word' id='word_1_481' title='bbox 1186 3997 1245 4059; x_wconf 89' lang='lat' dir='ltr'><strong>illis</strong></span> <span class='ocrx_word' id='word_1_482' title='bbox 1258 4010 1340 4056; x_wconf 88' lang='lat' dir='ltr'><strong>retro</strong></span> 
     </span>
     <span class='ocr_line' id='line_1_51' title="bbox 171 4068 1339 4156; baseline 0.006 -29"><span class='ocrx_word' id='word_1_483' title='bbox 171 4068 350 4130; x_wconf 86' lang='lat' dir='ltr'><strong>flectendum</strong></span> <span class='ocrx_word' id='word_1_484' title='bbox 369 4089 442 4132; x_wconf 80' lang='lat' dir='ltr'><strong>esse.</strong></span> <span class='ocrx_word' id='word_1_485' title='bbox 464 4069 598 4152; x_wconf 87' lang='lat' dir='ltr'><strong>Quisque</strong></span> <span class='ocrx_word' id='word_1_486' title='bbox 640 4071 745 4130; x_wconf 80' lang='lat' dir='ltr'><strong>nimum</strong></span> <span class='ocrx_word' id='word_1_487' title='bbox 763 4072 861 4134; x_wconf 87' lang='lat' dir='ltr'><strong>locuni</strong></span> <span class='ocrx_word' id='word_1_488' title='bbox 874 4073 922 4133; x_wconf 85' lang='lat' dir='ltr'><strong>vel</strong></span> <span class='ocrx_word' id='word_1_489' title='bbox 939 4075 1100 4135; x_wconf 87' lang='lat' dir='ltr'><strong>secundum</strong></span> <span class='ocrx_word' id='word_1_490' title='bbox 1120 4074 1178 4134; x_wconf 90' lang='lat' dir='ltr'><strong>sibi</strong></span> <span class='ocrx_word' id='word_1_491' title='bbox 1200 4073 1339 4156; x_wconf 84' lang='lat' dir='ltr'><strong>optabat:</strong></span> 
     </span>
     <span class='ocr_line' id='line_1_52' title="bbox 172 4091 1340 4242; baseline 0.004 -39"><span class='ocrx_word' id='word_1_492' title='bbox 172 4143 307 4206; x_wconf 77' lang='lat' dir='ltr'><strong>Gbristus</strong></span> <span class='ocrx_word' id='word_1_493' title='bbox 326 4167 399 4207; x_wconf 82' lang='lat' dir='ltr'><strong>vero</strong></span> <span class='ocrx_word' id='word_1_494' title='bbox 418 4148 566 4207; x_wconf 82' lang='lat' dir='ltr'><strong>neminem</strong></span> <span class='ocrx_word' id='word_1_495' title='bbox 586 4091 638 4208; x_wconf 79' lang='lat' dir='ltr'><strong>vei</strong></span> <span class='ocrx_word' id='word_1_496' title='bbox 654 4147 755 4208; x_wconf 86' lang='lat' dir='ltr'><strong>infimo</strong></span> <span class='ocrx_word' id='word_1_497' title='bbox 775 4149 917 4212; x_wconf 87' lang='lat' dir='ltr'><strong>subsellio</strong></span> <span class='ocrx_word' id='word_1_498' title='bbox 938 4151 1092 4242; x_wconf 56' lang='lat' dir='ltr'><strong>dignatur,</strong></span> <span class='ocrx_word' id='word_1_499' title='bbox 1114 4151 1173 4212; x_wconf 87' lang='lat' dir='ltr'><strong>nisi</strong></span> <span class='ocrx_word' id='word_1_500' title='bbox 1195 4153 1246 4231; x_wconf 91' lang='lat' dir='ltr'><strong>qui</strong></span> <span class='ocrx_word' id='word_1_501' title='bbox 1267 4149 1340 4212; x_wconf 89' lang='lat' dir='ltr'><strong>eini-</strong></span> 
     </span>
     <span class='ocr_line' id='line_1_53' title="bbox 171 4222 1341 4308; baseline 0.005 -29"><span class='ocrx_word' id='word_1_502' title='bbox 171 4222 290 4280; x_wconf 87' lang='lat' dir='ltr'><strong>nentiae</strong></span> <span class='ocrx_word' id='word_1_503' title='bbox 309 4223 417 4284; x_wconf 87' lang='lat' dir='ltr'><strong>oblitus</strong></span> <span class='ocrx_word' id='word_1_504' title='bbox 437 4243 469 4284; x_wconf 89' lang='lat' dir='ltr'><strong>sc</strong></span> <span class='ocrx_word' id='word_1_505' title='bbox 488 4223 630 4284; x_wconf 87' lang='lat' dir='ltr'><strong>humiliat.</strong></span> <span class='ocrx_word' id='word_1_506' title='bbox 677 4222 792 4285; x_wconf 87' lang='lat' dir='ltr'><strong>Contra</strong></span> <span class='ocrx_word' id='word_1_507' title='bbox 812 4249 884 4287; x_wconf 89' lang='lat' dir='ltr'><strong>vero</strong></span> <span class='ocrx_word' id='word_1_508' title='bbox 903 4247 1043 4287; x_wconf 82' lang='lat' dir='ltr'><strong>maximos</strong></span> <span class='ocrx_word' id='word_1_509' title='bbox 1063 4225 1130 4289; x_wconf 87' lang='lat' dir='ltr'><strong>sore</strong></span> <span class='ocrx_word' id='word_1_510' title='bbox 1151 4227 1341 4308; x_wconf 85' lang='lat' dir='ltr'><strong>pronuntiat,</strong></span> 
     </span>
     <span class='ocr_line' id='line_1_54' title="bbox 171 4296 1340 4383; baseline 0.008 -29"><span class='ocrx_word' id='word_1_511' title='bbox 171 4296 222 4374; x_wconf 89' lang='lat' dir='ltr'><strong>qui</strong></span> <span class='ocrx_word' id='word_1_512' title='bbox 241 4317 272 4356; x_wconf 85' lang='lat' dir='ltr'><strong>se</strong></span> <span class='ocrx_word' id='word_1_513' title='bbox 292 4299 476 4360; x_wconf 86' lang='lat' dir='ltr'><strong>demiserint:</strong></span> <span class='ocrx_word' id='word_1_514' title='bbox 497 4319 535 4360; x_wconf 90' lang='lat' dir='ltr'><strong>ne</strong></span> <span class='ocrx_word' id='word_1_515' title='bbox 576 4301 627 4361; x_wconf 91' lang='lat' dir='ltr'><strong>uid</strong></span> <span class='ocrx_word' id='word_1_516' title='bbox 646 4299 759 4362; x_wconf 82' lang='lat' dir='ltr'><strong>scilicet</strong></span> <span class='ocrx_word' id='word_1_517' title='bbox 771 4303 858 4365; x_wconf 89' lang='lat' dir='ltr'><strong>nobis</strong></span> <span class='ocrx_word' id='word_1_518' title='bbox 871 4305 1175 4383; x_wconf 86' lang='lat' dir='ltr'><strong>decederepntemus,</strong></span> <span class='ocrx_word' id='word_1_519' title='bbox 1194 4303 1247 4364; x_wconf 90' lang='lat' dir='ltr'><strong>ubi</strong></span> <span class='ocrx_word' id='word_1_520' title='bbox 1258 4303 1340 4363; x_wconf 82' lang='lat' dir='ltr'><strong>ultro</strong></span> 
     </span>
     <span class='ocr_line' id='line_1_55' title="bbox 169 4323 1339 4463; baseline 0.01 -33"><span class='ocrx_word' id='word_1_521' title='bbox 169 4371 300 4433; x_wconf 81' lang='lat' dir='ltr'><strong>cedimus</strong></span> <span class='ocrx_word' id='word_1_522' title='bbox 320 4375 401 4434; x_wconf 88' lang='lat' dir='ltr'><strong>omni</strong></span> <span class='ocrx_word' id='word_1_523' title='bbox 418 4323 631 4457; x_wconf 68' lang='lat' dir='ltr'><strong>magnitudne.</strong></span> <span class='ocrx_word' id='word_1_524' title='bbox 669 4378 770 4458; x_wconf 79' lang='lat' dir='ltr'><strong>Atque</strong></span> <span class='ocrx_word' id='word_1_525' title='bbox 791 4379 859 4441; x_wconf 92' lang='lat' dir='ltr'><strong>liinc</strong></span> <span class='ocrx_word' id='word_1_526' title='bbox 879 4379 980 4463; x_wconf 77' lang='lat' dir='ltr'><strong>colligi</strong></span> <span class='ocrx_word' id='word_1_527' title='bbox 1000 4392 1100 4461; x_wconf 89' lang='lat' dir='ltr'><strong>potest</strong></span> <span class='ocrx_word' id='word_1_528' title='bbox 1119 4381 1221 4447; x_wconf 81' lang='lat' dir='ltr'><strong>brevis</strong></span> <span class='ocrx_word' id='word_1_529' title='bbox 1240 4379 1339 4442; x_wconf 88' lang='lat' dir='ltr'><strong>linini-</strong></span> 
     </span>
    </p>
   </div>
   <div class='ocr_carea' id='block_1_4' title="bbox 0 0 1394 4838">
    <p class='ocr_par' dir='ltr' id='par_1_4' title="bbox 0 0 1394 4838">
     <span class='ocr_line' id='line_1_56' title="bbox 0 0 1394 4838; baseline 0 1"><span class='ocrx_word' id='word_1_530' title='bbox 0 0 1394 4838; x_wconf 95' lang='lat' dir='ltr'><strong> </strong></span> 
     </span>
    </p>
   </div>
  </div>
 </body>
</html>
