2766 4834
334 281 337 291 =
430 264 493 342 (π.
518 261 646 324 loannes
665 263 859 346 baplt'ssffll'
1156 273 1201 338 m

65 417 90 478 5.
106 413 146 478 ttr
165 403 434 500 egrediebantur
448 391 497 512 ¹sad
520 441 592 516 eum
612 429 681 486 tota
702 419 842 487 Iudaeae
862 423 968 508 regio,
989 433 1022 490 et
1041 423 1200 494 Hieroso-¹

63 513 203 600 linitae,
228 528 266 582 et
290 518 544 608 baptizabantur
566 541 677 588 omnes
699 519 739 586 ab
761 522 828 611 illo
841 524 873 587 in
896 523 1036 618 lordane
1056 525 1200 620 llumiue,¹

62 617 253 718 confitentes
275 632 414 706 peccata
434 637 500 686 suo.
542 623 571 687 6.
591 622 671 688 Erat
693 634 796 688 autem
810 624 948 690 loannes
968 629 1102 692 vestitus
1123 629 1201 712 pilis

62 717 181 796 unali,
208 731 246 784 et
272 743 359 786 zona
380 721 521 808 pellic-ea
543 717 664 788 circum
683 723 815 792 lumbos
831 743 927 803 suos,·
941 725 1199 815 vescebaturque

58 813 184 884 locustis
211 831 251 886 et
276 821 376 892 melle
399 820 546 888 silvestri.

122 951 238 1022 LUC.
264 957 322 1020 lll.
366 957 394 1022 l.
422 960 518 1026 Auno
548 967 651 1022 autem
680 956 808 1029 decimo
839 963 953 1048 quinto
986 963 1112 1048 imperii
1142 961 1200 1027 Ti·
1257 1036 1258 1043 ἵ

55 1051 125 1118 herii
137 1055 322 1134 Caesaris,
343 1053 463 1124 Pontio
476 1055 582 1124 Pilato
595 1057 747 1143 Praeside
766 1059 916 1142 Iudaeae,
936 1063 1096 1128 tetrarcha
1116 1085 1202 1152 vero,
1273 1127 1288 1140 ,

8 1150 10 1221 l
56 1155 226 1224 Galilaeae
253 1159 411 1238 Herode,
442 1158 592 1246 Philippo
621 1169 726 1226 autem
747 1160 845 1234 fratre
867 1165 936 1228 eius
956 1165 1114 1230 tetrarcha
1135 1165 1200 1231 ltu·

54 1277 140 1324 raeae
163 1270 201 1324 et
214 1258 467 1326 Trachonitidis
478 1263 628 1345 regionis,
649 1271 682 1326 et
695 1262 842 1348 Lysonis
853 1262 1009 1330 Abilenes
1021 1266 1198 1377 tetrarchp,
1265 1271 1269 1278 ’
1328 1301 1333 1314 .

53 1358 77 1420 2
96 1357 164 1427 Sub
190 1359 420 1446 pontificibus
436 1361 558 1432 'Hunno
581 1372 612 1425 et
625 1357 750 1449 Caipha
772 1363 888 1428 fuctum
911 1373 960 1428 cst
980 1362 1116 1430 verbum
1130 1366 1201 1432 Do·
1225 1447 1227 1454 χ

54 1463 122 1526 nini
154 1484 271 1548 super
298 1463 483 1540 loannem„
504 1461 680 1528 Zachariae
714 1463 818 1528 filiu'm
851 1465 886 1529 iu
918 1463 1059 1531 deserto.
1098 1467 1131 1532 3.
1157 1469 1201 1549 Et

60 1565 142 1625 veuit
159 1566 212 1628 in·
229 1572 335 1627 totam
357 1565 523 1647 regionem
545 1563 989 1650 eircumisceutemlordani,
1009 1567 1201 1651 praedicans

56 1651 250 1748 baptismum
281 1665 506 1748 poenitentiae
531 1665 566 1730 in
593 1665 813 1731 remissionem
838 1676 1055 1760 peecatorum.
1095 1669 1125 1737 d
1152 1670 1202 1736 st-

59 1769 289 1851 asscriptum
319 1778 369 1830 ost
386 1768 432 1830 ‘iu
458 1763 545 1834 libro
571 1775 754 1853 sermonum
777 1769 899 1832 lesaias
925 1763 1120 1854 prophetae,
1151 1770 1201 1838 di·¹

59 1867 166 1942 onus,
185 1867 270 1932 Vox
291 1864 463 1952 clamantis
482 1869 518 1930 in
535 1865 676 1950 deserto,
697 1872 812 1950 Parata
832 1871 916 1932 riam
935 1869 1074 1950 nomint,
1093 1881 1201 1940 rectus

60 1961 148 2031 tacite
176 1967 425 2041 semitas'eius.
472 1963 646 2060 insomnis
677 1965 770 2056 pallis
803 1967 1007 2064 implebitur2
1038 1975 1202 2060 et'omnis

62 2085 147 2134 none
171 2079 208 2135 ot
225 2067 331 2142 ,collis
353 2065 636 2147 humiliationes
656 2067 737 2134 fient
755 2091 839 2156 quae
851 2062 987 2158 obliqua
1007 2063 1202 2154 eontracta,

63 2176 91 2230 et
113 2189 236 2256 aspera
261 2171 300 2234 iu
326 2165 406 2234 vias
422 2165 545 2254 planae.
592 2172 622 2236 6.
648 2170 691 2235 Et
717 2168 845 2236 videbit
858 2175 974 2238 omnis
1004 2193 1093 2241 earo·
1107 2174 1202 2243 Salu-

64 2268 231 2338 tareDei
834 2271 839 2291 '
1063 2282 1067 2294 '

516 2343 527 2358 μ

507 2367 510 2376 ι

132 2447 273 2536 'Pametsi
297 2493 376 2555 prrsj
390 2471 545 2612 Evangelii
569 2488 631 2552 est,
655 2471 744 2556 qu'od
769 2477 970 2538 tauerner
995 2480 1145 2542 Matthaeu
1171 2493 1203 2542 et

67 2547 138 2612 Lusa
156 2551 334 2626 emelim,
364 2564 475 2613 nouta
507 2573 545 2612 en
565 2551 619 2612 alte
636 2564 749 2626 re-est,
774 2554 855 2630 quod
874 2555 1202 2636 Evangeliiexonlium

67 2625 180 2688 llarcns
202 2629 236 2688 in
256 2629 485 2708 praedicatione
505 2628 626 2710 bannis
644 2629 794 2708 Baptistae
819 2628 980 2692 constituit
1018 2631 1093 2690 Narn
1118 2633 1224 2692 sicuti*

10 2726 12 2745 ι
67 2699 188 2764 babetur
207 2703 335 2783 loannis
358 2706 472 2785 prino,
500 2719 573 2766 tunc
599 2707 718 2766 deinum
734 2705 774 2764 im
798 2703 889 2765 ositus
916 2717 964 2766 cst
986 2705 1052 2767 linis
1073 2707 1148 2789 Legi
1173 2715 1205 2768 et

68 2777 239 2862 Prophetis:
272 2781 335 2840 Lex
356 2793 392 2842 'et
410 2782 579 2864 Prophetae
603 2801 696 2861 usque
722 2783 759 2842 ad
776 2725 939 2856 loannem,
968 2801 1002 2842 ex
1021 2803 1059 2843 eo
1078 2799 1205 2868 regnum

68 2853 131 2930 liei,
150 2870 208 2918 etc.
229 2858 320 2936 (Luc.
331 2864 380 2930 to,
394 2859 457 2936 to.)
472 2859 595 3016 yhtpuo
614 2859 672 2920 huc
690 2859 846 3010 aptissime·
859 2859 991 2949 quadrat,
1011 2862 1092 2940 quod
1110 2863 1205 2926 addu-

69 2933 105 2992 eit
122 2935 290 2996 Malachiae
309 2935 521 2994 testimonium·
553 2937 661 3014 3‚1.).
734 2954 776 2995 uo
792 2953 885 3017 magis
904 2935 1080 2998 accenderet
1096 2937 1206 3000 Domi*

70 3027 119 3070 nus
137 3005 256 3088 amium
276 3012 317 3070 ad
343 3003 838 3092 desideriumpromisaaosalutis,
869 3011 1011 3148 gopulntn
1031 3015 1068 3075 ad
1087 3026 1204 3097 tempus

70 3087 149 3148 novis
173 3087 321 3148 vaticiniis
346 3087 463 3166 privare
479 3087 667 3164 instituerat,
700 3101 730 3149 et
753 3090 858 3149 scimus
896 3090 1050 3150 lalaehiatn
1070 3091 1205 3156 ultimum

71 3181 102 3220 ea
121 3163 261 3244 legitimis
290 3183 324 3223 ac
350 3164 438 3224 certis
449 3164 615 3244 Prophetis
639 3166 737 3226 fuisse.
776 3165 885 3226 Porro·
899 3187 938 3225 ne
957 3167 992 3225 lu
1014 3168 1058 3227 aei
1078 3167 1206 3229 famelici
1274 3239 1276 3246 Ι

71 3237 181 3300 interea
202 3239 361 3314 deficiant,
393 3258 444 3298 eos
463 3241 599 3300 hortatur
613 3256 711 3302 ntae
730 3241 905 3302 contineant
927 3242 982 3304 aut
1029 3263 1084 3327 ege
1103 3246 1207 3321 Musis,

74 3315 205 3376 doneca
252 3328 332 3376 areat
350 3315 493 3396 promissa
505 3318 612 3378 rodem
635 3319 688 3378 tio.
727 3317 827 3378 Solius
846 3319 1043 3401 autemvlaegis
1062 3323 1206 3396 meminit,

76 3391 139 3468 quia
158 3337 299 3452 stallati
325 3409 363 3450 ea
386 3403 553 3470 separatum
577 3389 633 3452 ha‘
655 3396 706 3454 hat
729 3395 945 3474 Prophetarum
957 3397 1136 3476 *doctrinas
1154 3401 1206 3460 sed

72 3479 182 3532 tantum
207 3469 357 3548 appendix
375 3474 448 3548 [eras
463 3479 498 3529 et
514 3469 634 3552 pleuim
659 3491 692 3532 et
716 3470 819 3545 esitio,
847 3481 882 3528 ut
908 3480 972 3532 tota
995 3473 1207 3556 gubernandae

77 3543 226 3606 Ecclesiae
245 3544 322 3604 ratio
343 3565 360 3603 a
380 3543 634 3630 Legeoponderet.
702 3568 736 3607 cc
754 3565 827 3606 vero
846 3562 1032 3609 novum-est·
1045 3562 1095 3610 aut
1114 3551 1206 3609 intre-

75 3615 220 3698 quen'sin
245 3621 417 3702 Scriptura,
445 3619 658 3702 comprehendi
680 3623 735 3684 suh
760 3622 850 3704 Legis
874 3623 995 3685 nomine
1026 3625 1209 3704 prophetias,

75 3695 138 3774 quia
158 3699 196 3758 ad
217 3717 282 3756 eam
303 3715 408 3758 ornnes
427 3707 565 3777 tanquam
586 3703 624 3764 ad
647 3721 731 3761 snum
757 3699 872 3770 [nutem
896 3709 928 3759 et
951 3721 1075 3780 scopum
1093 3699 1207 3768 refere-

76 3771 187 3835 bantur.
238 3772 435 3854 Euangeliou
459 3795 531 3836 varo
557 3797 620 3838 uon
651 3789 793 3856 tanquam
818 3775 944 3836 inferior
967 3776 1056 3858 Legis
1079 3776 1207 3838 accessio
1276 3835 1280 3854 ,

80 3849 143 3926 luit«
158 3850 211 3910 sed
231 3870 311 3911 nova
332 3847 460 3910 docendi
479 3851 585 3930 torma,
604 3853 679 3934 quae
693 3853 824 3933 priorem
833 3852 913 3916 illam
923 3853 1090 3934 abrogaret.
1109 3851 1209 3914 Porro

79 3925 232 3994 hlalachias
252 3928 291 3986 du
314 3926 403 3986 licent
412 3927 562 3990 Ecclesiae
581 3941 688 3992 statum
709 3929 887 4005 discernens,
907 3927 1036 4008 priorem
1056 3928 1210 3992 constituit

80 4003 128 4062 snb
148 4003 251 4086 Lege,
275 3945 403 4063 alterum
423 4021 439 4062 a
459 4006 678 4082 praedicatione
698 4006 818 4066 loannis
836 4006 966 4066 inchoat.
1004 4005 1109 4086 Neque
1130 4005 1210 4072 enim

81 4079 195 4139 labium
216 4091 276 4156 est,
302 4079 376 4164 quin
396 4079 539 4142 loannem
557 4083 720 4164 Baptistam
739 4082 889 4218 dogna,
913 4103 1003 4160 quum
1024 4083 1110 4158 dicit,
1128 4083 1211 4144 Ecce

81 4173 131 4236 ego
150 4157 238 4218 mitto
259 4157 392 4238 legatum
410 4177 523 4222 meum:
555 4161 622 4240 quia
652 4159 776 4238 (utiam
818 4159 905 4218 ’mum
927 4160 985 4234 est)
1009 4179 1143 4239 expressa
1161 4160 1210 4222 hie

81 4233 197 4312 ponitur
217 4231 372 4294 distinctio
391 4232 469 4294 inter
481 4234 593 4317 Legem
614 4248 762 4298 etnomtm
773 4233 922 4294 Ecclesiae
942 4233 1077 4296 ordinem
1097 4257 1130 4296 ac
1149 4248 1209 4296 sta-

81 4319 146 4386 tum,
166 4311 218 4391 qai
238 4309 446 4392 subrogandus
466 4325 538 4370 erat.
577 4312 613 4372 ln
633 4314 758 4374 eundem
777 4331 896 4374 sensum
914 4309 1004 4400 paulo
1020 4323 1089 4372 antc
1099 4313 1210 4372 dixerat

84 4388 173 4470 (quod
192 4383 304 4452 citatur
324 4407 341 4448 a
360 4387 476 4452 Muto:
495 4401 564 4452 suut
583 4391 662 4452 enim
681 4389 741 4452 loci
760 4407 879 4472 prorsus
898 4385 1034 4467 similes),
1051 4389 1131 4450 Ecce
1150 4407 1211 4470 ego
1277 4388 1281 4396 '

710 4771 715 4806 Ι
747 4781 753 4788 .-
