2766 4834
275 295 280 304 “
379 289 574 370 l(at--tlt-
599 285 682 352 Iesus
701 291 859 372 matun)
953 387 960 416 Ι
1134 302 1201 369 ω

53 441 207 504 hocloco
224 443 339 504 meent
361 439 484 534 dicimr,
505 462 597 578 qaum
622 441 720 504 media
738 442 932 528 negligimus,
956 464 1032 528 quae
1055 448 1142 510 nohis
1161 452 1199 516 ad

52 540 170 578 nanum
205 519 352 601 porrigit.
412 517 502 580 Peren
525 539 541 579 e
567 518 784 581 enimiatiunt
808 520 875 601 qni,
904 523 1070 602 praeteritis
1094 527 1199 592 mediis

52 617 122 675 quae
142 596 238 656 Deus
267 595 473 670 commendat,
497 593 662 674 potentiam
682 597 744 658 eius
766 609 797 657 et
815 597 909 658 robur
932 599 1038 660 volunt
1062 604 1199 682 experiri,

51 673 104 732 acsi
126 673 203 752 quis
224 672 345 732 homini
370 670 557 732 abscinderet
574 671 695 733 brachia
715 685 745 732 et
764 695 881 748 manus,
909 687 939 736 et
958 688 1061 766 postea
1081 677 1199 742 iuberet

50 770 111 808 enm
134 749 280 829 operari.
319 749 489 824 lnsumma,
510 748 639 828 quisquis
659 750 889 830 experimentum
909 751 1026 814 divinae
1044 758 1199 834 potentiae

49 846 156 916 capere
179 825 320 906 appetit,
348 824 401 885 ubi
420 845 540 887 necesse
559 845 621 886 non
642 838 702 902 est,
721 826 773 888 ille
791 827 890 889 Deum
909 839 1020 907 tentat,
1044 831 1107 894 eius
1124 853 1199 924 pro..

49 903 213 964 mones
233 900 398 964 subiiciens
415 901 524 962 iniusto
548 902 681 964 examini.

121 985 154 1045 8.
208 983 380 1054 Assunpsr't
406 1001 470 1038 eum
494 977 626 1038 diabolos
648 983 682 1038 in
703 994 825 1041 monum
851 981 1005 1044 melmun.
1052 984 1198 1048 Memoria

49 1056 222 1117 tenendum
250 1067 298 1116 est
323 1055 405 1134 quod
430 1055 509 1136 prius
530 1053 603 1131 dixi,
628 1077 692 1116 non
715 1055 918 1120 imbecillitate
941 1071 1063 1122 naturae
1084 1062 1197 1124 Christi

50 1152 108 1192 esse
129 1133 265 1208 iactum,
284 1142 319 1192 nt
338 1131 431 1192 Satan
451 1131 493 1193 illi
513 1130 616 1193 oculos
635 1131 804 1214 stringeret,
822 1135 874 1194 sed
892 1135 1057 1198 voluntaria
1076 1139 1198 1222 dispen-

50 1209 168 1270 satione
194 1219 227 1270 et
248 1208 403 1288 permissu.
441 1208 559 1270 Deinde
578 1208 620 1269 sic
638 1219 734 1269 tactos
755 1222 784 1270 et
804 1208 919 1272 illectos
937 1211 1026 1274 luisse
1047 1215 1108 1276 eius
1127 1237 1196 1278 seu-

49 1307 108 1360 sus,
141 1285 273 1346 obiecta
298 1305 462 1368 regnorum
487 1285 600 1369 gloria,
629 1295 663 1344 ut
687 1283 767 1346 nulla
797 1285 874 1346 intus
900 1309 936 1348 cu
959 1288 1043 1350 iditas
1068 1293 1197 1354 aninaum

51 1361 111 1420 eins
155 1362 323 1443 npngerit,
350 1383 441 1440 quum
467 1361 562 1422 carnis
582 1360 736 1434 libidines,
760 1372 899 1441 tanquam
937 1383 1005 1425 crae
1024 1365 1197 1446 indomitae,
1298 1368 1302 1379 “

50 1438 84 1498 ad
104 1383 236 1499 obiecta
256 1457 333 1518 quae
353 1435 443 1498 nobis
461 1437 579 1518 placent
599 1436 731 1499 serantur
750 1449 781 1498 et
799 1457 855 1498 nos
874 1438 1002 1520 rapiant:
1022 1461 1090 1502 nam
1108 1445 1198 1506 Chri.

51 1525 108 1574 stus
129 1536 329 1576 communem
349 1513 454 1574 habuit
470 1513 763 1590 nobiscumsensum,
782 1534 845 1574 non
865 1527 962 1576 autem
982 1519 1128 1597 appetitus
1148 1521 1196 1581 in-

52 1592 251 1672 compositos.
297 1592 457 1652 Caeterum
476 1591 594 1671 species
617 1590 790 1652 tentationis
817 1590 887 1665 luit,
918 1604 952 1652 ut
976 1593 1198 1674 haereditatem,

52 1689 139 1746 qnam
160 1669 249 1730 Deus
269 1667 338 1728 filiis
358 1667 417 1733 suis
437 1668 581 1748 promisit,
601 1665 718 1728 aliunde
740 1666 815 1728 Chri
821 1677 881 1748 ,tus
900 1689 987 1748 quam
1007 1672 1111 1746 aDeo
1131 1674 1198 1756 ipso

53 1757 179 1822 peteret.
218 1746 324 1826 Atque
345 1743 393 1805 hic
412 1743 553 1827 sacrilega
572 1742 683 1805 diaboli
702 1743 822 1808 audatia
853 1765 886 1806 se
904 1747 1016 1827 prodit,
1036 1751 1115 1828 quod
1130 1762 1198 1810 ter-

55 1842 102 1880 rae
127 1822 292 1902 imperium
317 1821 387 1882 Deo
413 1833 546 1902 ereptum
569 1820 627 1881 sibi
651 1833 780 1901 usurpat.
829 1821 930 1899 Haec,
959 1822 1055 1902 inquit
1097 1827 1197 1887 omnia

56 1911 213 1974 measunt,
233 1919 292 1958 nec
304 1897 392 1958 aliter
411 1919 497 1976 quam
508 1917 576 1958 meo
590 1896 735 1960 beneficio
752 1896 934 1958 obuncum.
971 1902 1042 1960 Etn
1086 1902 1108 1963 is
1180 1943 1196 1956 .

56 1973 126 2062 tidie
147 1997 216 2036 euru
239 1973 345 2035 eadem
366 1973 525 2054 impostura
546 1974 714 2064 lugundum
735 1987 792 2050 est,
815 1975 898 2066 ,quod
919 1986 949 2036 et
965 1977 1074 2070 singuli
1093 1921 1197 2044 fidilis

57 2071 85 2115 tu
104 2073 138 2112 se
159 2051 310 2128 sentiunt,
334 2049 415 2110 etin
434 2062 496 2112 tota
516 2051 674 2131 improrum
693 2052 752 2112 rita
772 2051 876 2113 claraus
896 2053 1081 2144 perspicitur.
1119 2057 1196 2117 Nam
1292 2074 1295 2082 ·

58 2128 111 2186 etsi
131 2129 234 2190 omnia
256 2137 360 2188 nostra
379 2127 538 2208 praesidia,
565 2148 654 2208 opes,
680 2128 834 2189 commoda
857 2127 888 2186 in
909 2128 967 2190 Der
987 2129 1196 2192 benedictione

58 2205 277 2276 constimbnus,
297 2203 419 2263 titillant
435 2213 534 2264 tamen
553 2223 609 2264 nos
627 2203 752 2264 subinde
772 2215 803 2264 et
817 2204 970 2284 pelliciunt
988 2228 1089 2268 sensus
1101 2209 1197 2269 nostri

56 2281 93 2339 ad
116 2281 292 2360 quaerenda
320 2279 446 2342 Satanae
471 2279 614 2356 subsidia,
645 2281 703 2340 acsi
732 2302 806 2344 unus
831 2279 913 2340 Deus
945 2303 1008 2342 non
1037 2283 1196 2345 sufficeret.

59 2356 145 2418 Bona
169 2369 272 2418 autem
296 2357 399 2416 mundi
445 2377 505 2434 ars,
530 2356 599 2417 Deo
623 2356 667 2415 ius
693 2367 724 2416 et
748 2355 903 2436 imperium
925 2367 1021 2420 terrae
1046 2360 1199 2436 abdicans,

60 2433 200 2494 Satanarn
225 2433 284 2494 sibi
309 2434 395 2516 fingit
419 2377 568 2494 honorum
587 2432 718 2494 omnium
743 2432 884 2492 datorem.
935 2433 1025 2495 Unde
1049 2437 1129 2496 enim
1152 2437 1196 2512 lit,

60 2522 93 2567 nt
114 2511 199 2570 malis
228 2511 342 2570 artibus
370 2521 401 2572 et
423 2509 532 2591 rapinis
559 2519 590 2569 et
614 2506 763 2568 fraudibus
783 2509 846 2568 iere
866 2527 968 2568 omnes
993 2531 1025 2570 se
1049 2511 1197 2586 addicant,

59 2585 113 2646 nisi
161 2588 226 2648 uod
245 2587 277 2646 in
298 2586 436 2646 Satanam
455 2584 655 2646 transcribunt
679 2584 760 2708 quod
778 2584 837 2644 Dei
861 2585 1015 2674 proprium
1041 2598 1119 2661 erat,
1143 2608 1195 2646 sua

59 2661 117 2723 hen
160 2663 273 2725 'ctione
300 2661 393 2723 ditare
439 2685 492 2724 uos
517 2663 610 2724 visum
631 2672 688 2724 est.
733 2661 796 2720 Ore
822 2660 940 2740 quadem
963 2679 1070 2740 panem
1096 2662 1197 2741 quoti-

60 2740 179 2800 dianmn
206 2741 270 2800 dari
295 2738 352 2802 sibi
377 2683 480 2800 alico
504 2737 669 2820 postulant,
694 2737 746 2800 sed
771 2747 943 2812 oretenus,
968 2736 1035 2818 quia
1056 2737 1197 2800 sannam
1263 2751 1270 2766 ’

59 2815 236 2898 praeficiunt
256 2815 463 2882 distribuendis
483 2816 573 2876 totius
593 2815 695 2875 mundi
715 2812 831 2875 divitiis.
1179 2881 1185 2890 ⁸

136 2901 183 2959 ill.
214 2893 290 2971 Ati,
309 2893 434 2953 Soteira.
474 2891 534 2952 Pro
555 2913 592 2953 eo
603 2893 696 2953 Lucas
715 2890 814 2965 habel,
832 2889 898 2952 Abs·
913 2905 978 2974 port
996 2913 1051 2966 me,
1071 2889 1196 2956 Samae.

61 2967 164 3044 Quare
195 2970 304 3030 frustra
328 2969 360 3028 in
385 2969 524 3030 adverbio
571 2969 668 3028 uidem
694 2969 954 3050 philosophantur,
1024 2991 1074 3030 um
1102 2969 1195 3035 Petro

61 3045 170 3106 dicum
190 3059 237 3108 cst
260 3047 449 3127 (Matth.¹16,
467 3047 541 3136 22),
550 2989 645 3106 1b'ade
665 3057 764 3120 retro,
789 3044 871 3124 quasi
891 3064 953 3105 non
972 3045 983 3106 i
1005 3067 1050 3106 em
1070 3046 1196 3107 audierit

62 3121 124 3202 ipse
144 3123 245 3184 Satan.
292 3121 355 3182 sim
377 3122 473 3182 liciter
493 3143 572 3182 emm
590 3121 673 3182 iubet
693 3121 826 3182 Christus
848 3143 914 3182 euru
933 3121 1086 3183 secessere.
1131 3123 1196 3184 Iam

62 3218 133 3258 rero
158 3199 189 3259 in
215 3199 331 3260 eodem.
364 3198 523 3260 ciensionis
548 3217 658 3280 genere
677 3199 791 3282 pergit,
816 3198 999 3278 Scripturam
1025 3219 1087 3260 non
1113 3199 1199 3279 quasi

64 3275 197 3338 iunctum
210 3277 361 3358 clypeum,
379 3276 432 3336 sed
451 3296 520 3337 vere
540 3295 663 3336 aeneum
673 3295 844 3355 opponens:
861 3295 899 3335 ac
914 3275 1114 3336 testimouium
1125 3275 1198 3336 oitat
1254 3279 1268 3355 J

65 3371 98 3412 ex
114 3351 212 3436 Lege,
238 3352 322 3434 quod
347 3372 420 3412 unus
439 3351 521 3412 Deus
547 3353 711 3414 adorandus
731 3351 769 3410 sit
793 3363 823 3414 et
848 3349 998 3432 colendus.
1041 3351 1139 3430 Porro
1160 3373 1196 3412 ex

65 3449 82 3488 a
120 3430 261 3491 litatione
286 3439 319 3488 et
359 3427 499 3489 raesentis
519 3427 577 3489 loci
598 3427 823 3502 circumstantia,
844 3447 983 3507 quorsum
1002 3439 1117 3509 spectet
1134 3427 1195 3488 Dei

65 3526 80 3562 a
100 3507 212 3582 oratio,
231 3517 264 3566 et
284 3449 357 3584 quid
374 3504 483 3580 valeat,
509 3504 596 3568 facile
617 3503 775 3588 colligitur.
813 3503 965 3583 Papistae‚
990 3524 1079 3583 quum
1099 3505 1195 3564 solum

66 3581 157 3642 Deum
175 3583 362 3644 adoraudum
381 3592 507 3664 negant,
532 3603 566 3641 so
590 3581 693 3642 histico
716 3592 884 3642 commento
910 3580 988 3644 hunc
1010 3581 1111 3643 locum
1129 3581 1193 3640 elu-

66 3659 134 3720 dunt
152 3671 182 3720 et
201 3659 322 3719 similes.
367 3657 484 3720 Latriae
509 3603 626 3738 quidem
646 3657 849 3720 adorationem
876 3657 1044 3718 concedunt
1064 3655 1195 3734 relinqui

65 3735 168 3797 dehere
188 3735 240 3796 uni
250 3735 337 3796 Deo:
359 3733 465 3796 duliam
484 3756 556 3795 vero
577 3735 614 3794 ad
633 3746 766 3794 mortuos
787 3745 937 3794 eteorum
958 3753 1022 3792 ossa
1043 3755 1076 3793 ac
1086 3742 1194 3790 statuas

64 3813 248 3874 transferunt.
287 3811 379 3891 Atqui
400 3811 505 3871 lrivola
525 3810 573 3870 illa
585 3809 743 3870 verborum
763 3810 951 3870 distinctione
964 3810 1082 3881 reiecta,
1104 3806 1201 3866 Chri.-

61 3901 119 3948 stus
142 3887 333 3963 προςκὺνησιν
357 3888 443 3948 etiam
471 3887 522 3948 uui
539 3887 609 3948 Deo
629 3886 770 3948 vindicat:
801 3909 860 3968 qno
886 3902 1122 3956 commonemur,
1142 3883 1195 3943 rei

67 3967 156 4045 potius
186 3991 276 4049 quam
301 3965 382 4027 vocis
409 3963 554 4024 rationem
580 3983 642 4024 esse
669 3963 848 4037 habendam,
880 3961 996 4044 quoties
1028 3959 1125 4040 agitur
1156 3960 1194 4020 de

66 4043 138 4102 cultu
157 4045 227 4106 Dei.
274 4043 425 4124 Scripturt
445 4041 542 4101 Deum
568 4061 657 4098 uuum
685 4037 784 4101 colere
810 4039 906 4099 iubet:
932 4037 1137 4118 spectandum,
1162 4036 1194 4096 in

65 4139 145 4198 quem
157 4123 259 4182 finem.
298 4119 331 4180 Si
351 4118 560 4199 quicquamst
580 4115 640 4176 eius
660 4117 755 4199 gloria
775 4115 886 4177 delibat
897 4114 997 4185 homo,
1017 4112 1097 4191 quod
1111 4133 1195 4173 crea-

66 4197 131 4256 turis
149 4197 298 4272 ascribat,
322 4195 463 4278 sacrilega
489 4205 534 4256 est
552 4192 644 4253 divini
663 4193 757 4252 cultus
776 4191 907 4252 violatio.
952 4190 989 4249 ld
1012 4199 1109 4250 autem
1130 4190 1194 4250 lieri

66 4274 234 4354 plusquam
254 4272 442 4354 perspicuum
462 4282 520 4346 est,
546 4291 636 4350 quum
660 4268 739 4329 bona
760 4265 898 4330 creaturis
924 4275 1044 4345 accepta
1065 4265 1195 4341 serimus,

67 4369 186 4439 quorum
211 4351 295 4410 Deus
321 4348 438 4408 unicum
470 4368 501 4409 se
527 4357 679 4406 auctorem
702 4344 823 4406 volebat
849 4341 979 4426 agnosci.
1029 4341 1092 4402 lam
1109 4361 1193 4402 =rero

66 4426 145 4488 scuti
165 4425 275 4508 religio
303 4424 424 4506 proprie
442 4422 600 4504 spiritualis
620 4433 680 4498 est,
708 4431 827 4484 externa
845 4428 943 4479 autem
964 4417 1026 4478 eius
1046 4417 1193 4479 coniemio
1224 4445 1230 4458 ·

90 4527 180 4572 cumn
194 4525 472 4575 esu-,saumae
487 4523 540 4572 vor.
555 4523 576 4570 r.
976 4500 996 4558 8
