2756 4838
231 231 315 308 (1⁸12
351 225 519 324 Resppnsio
540 227 577 290 de
595 227 753 292 romtiooe
771 247 822 290 rua
842 239 874 292 et
891 228 1040 320 inarmis.)
1091 279 1104 316 ,
1159 235 1220 302 m

68 394 137 451 runt
180 385 345 471 principes
382 383 609 471 Saoerdotnm,
658 391 691 448 et
728 365 862 451 Scribas
905 367 978 453 com
1021 382 1220 456 Senioribue
1285 395 1286 402 ’

67 486 154 552 eet
175 488 265 554 aiunt
286 489 348 568 iili,
383 489 546 563 dicentes,
578 485 771 565 Dionobis,
801 473 865 576 qua
884 489 1072 576 anctoritate
1093 491 1153 554 ista
1174 489 1222 556 fa·
1291 527 1293 538 ·

67 593 125 658 cis?
165 599 220 656 aut
241 595 313 678 quis
336 601 398 670 est,
433 592 489 676 qui
516 587 607 670 dedit
626 586 686 656 tibi
709 585 929 658 auctoritatem
956 593 1067 658 istam?
1105 593 1135 660 3.
1156 591 1223 658 Re-

66 692 223 778 spondeus
246 705 351 760 antem
373 695 463 758 iosus
484 690 562 756 dixit
589 691 631 757 ad
652 693 743 773 illos,
776 694 991 784 Interrogpbo
1017 716 1076 760 vos
1104 706 1136 774 et
1158 717 1220 782 ego

67 819 156 862 unum
176 795 344 884 quiddam,
376 806 407 861 et
428 795 626 880 respondete
647 795 736 861 mihi.
777 797 807 862 t.
842 797 1026 884 Baptismus
1047 799 1178 864 loannis
1200 821 1225 888 e

64 899 259 978 coaluerat,
291 921 331 964 an
355 920 394 964 ex
415 893 618 964 hominibus?
660 901 690 966 5.
717 899 760 966 At
786 901 835 968 illi
861 901 1044 988 cogitabant
1068 904 1152 968 iutra
1174 924 1220 981 se,

65 1001 218 1080 dicentes,
251 990 295 1067 Si
309 989 494 1077 dixerimus,
520 1001 549 1068 E
568 1002 680 1070 coelo:
708 1002 808 1084 dicet,
829 1003 940 1089 Quare
963 1025 1041 1090 ergo
1062 1025 1129 1070 non
1151 1027 1221 1071 ere-

65 1103 182 1171 didistis
204 1103 273 1171 ilfi?
313 1107 343 1170 e.
365 1103 422 1170 Sin
445 1104 629 1186 dixerimus,
654 1107 705 1172 Ex
727 1105 925 1186 hominibus,
951 1105 1047 1193 plebs
1068 1111 1220 1176 universa

62 1187 213 1294 lapidabit
233 1231 308 1276 nos:
329 1229 514 1296 persuasum
537 1213 623 1277 euim
644 1210 910 1284 babetioannem
923 1209 1118 1296 prophetam
1139 1233 1219 1278 esse.
1273 1229 1276 1234 '

63 1311 87 1374 7.
110 1309 151 1376 Et
178 1312 432 1398 responderunt,
473 1332 509 1376 se
534 1315 661 1378 nescire
687 1313 786 1380 unde.
834 1307 875 1378 8(
898 1313 940 1378 Et
963 1313 1051 1376 iesus
1077 1297 1122 1377 ait
1142 1309 1218 1394 illis,
1329 1359 1333 1372 ·

59 1405 169 1502 Neque
191 1437 255 1502 ego
277 1416 354 1512 dico
371 1413 483 1494 vobis,
504 1437 569 1502 qua
587 1403 778 1482 auctoritate
800 1415 882 1482 baec
902 1415 1025 1492 faciam.

54 1637 69 1654 s
128 1598 236 1660 Matth.
260 1605 307 1664 22
356 1596 616 1679 (incommonitus
637 1597 709 1664 doec
724 1600 834 1682 sacia?
873 1597 953 1673 Quia
977 1593 1039 1656 noo
1064 1619 1219 1680 proeesse-

59 1684 121 1734 raot
138 1675 193 1735 alia
215 1674 338 1738 consilia
358 1687 389 1734 et
407 1677 503 1756 aperti
522 1677 559 1738 ad
578 1676 811 1766 oppugnandum
832 1687 970 1750 conatus,
994 1675 1218 1813 nuocbobligue

59 1761 169 1813 tentant
187 1752 357 1816 sacerdotes
378 1765 409 1812 et
426 1753 558 1827 scribae,
588 1773 612 1812 sa
641 1753 721 1813 forte
741 1751 824 1816 iilum
844 1773 859 1810 a
881 1751 1008 1814 docendi
1027 1763 1143 1812 ratione
1183 1766 1216 1816 e-

59 1825 143 1888 iicere
162 1841 282 1908 queant.
305 1830 375 1890 No'n
396 1830 474 1890 disce
498 1841 561 1890 tant
578 1839 677 1890 autem
688 1830 726 1890 de
738 1829 799 1910 ipsa
813 1827 959 1901 doctrina,
979 1848 1048 1888 vera
1059 1829 1097 1888 sit
1108 1847 1217 1905 necne,

60 1905 329 2039 guadiamsaepius
350 1907 457 1968 frustra
476 1850 595 1968 fuerant
614 1905 758 1989 aggressi,
777 1905 829 1966 sed
849 1905 886 1966 de
905 1905 1062 1966 vocatione
1082 1916 1113 1965 et
1131 1927 1216 1966 man-

78 1990 124 2040 ato
144 1982 377 2042 controversiam
394 1995 525 2044 movent.
564 1985 605 2044 Et
624 1995 688 2043 erat
707 1983 826 2062 quidem
845 1980 995 2061 speciosus
1015 1980 1114 2042 color:
1145 2005 1216 2044 nam

57 2077 144 2134 qourn
163 2080 253 2119 nemo
272 2079 304 2120 se
323 2059 419 2138 iprum
437 2061 467 2120 in
491 2081 576 2124 erere
591 2057 699 2122 debeat
709 2060 756 2122 vei
768 2059 803 2119 ad
817 2057 976 2122 sacerdotii
991 2058 1149 2134 honorem,
1167 2060 1216 2120 vel

56 2134 91 2196 ad
108 2132 277 2216 Prophetae
296 2157 416 2210 munus,
435 2081 489 2198 aed
507 2137 699 2216 exspectanda
717 2136 755 2195 sit
773 2135 834 2196 Dei
853 2134 987 2208 roratio,
1005 2135 1100 2194 multo
1119 2136 1215 2198 minus

57 2207 96 2270 fas
116 2211 251 2291 cuiqnam
268 2225 349 2286 erat,
372 2211 428 2272 sibi
447 2213 570 2275 Mesua
589 2231 700 2272 nomen
719 2231 866 2284 asserere,
891 2207 948 2268 nisi
967 2230 1055 2287 quem
1075 2209 1215 2274 divinitus

57 2285 178 2348 electum
200 2308 262 2349 esse
281 2298 444 2348 tonstaret:
465 2289 533 2366 qnia
552 2306 615 2348 non
629 2283 747 2348 ,unium
766 2287 826 2346 Dei
845 2305 937 2358 voce,
955 2284 1007 2346 sed
1028 2285 1115 2345 etiam
1135 2287 1215 2347 iure·

55 2361 176 2424 iurando
197 2363 337 2424 constitui
356 2365 501 2442 oportuit,
519 2361 922 2442 quemadmodumscriptum
943 2373 987 2420 est
1006 2357 1068 2452 <Pa
1080 2369 1147 2437 110,
1158 2364 1213 2442 4.)-

56 2437 114 2500 sed
134 2458 272 2520 perverse
293 2439 381 2500 etim
405 2437 433 2498 ie
453 2451 553 2519 agunt,
574 2438 666 2518 quod,
687 2458 776 2516 quum
794 2449 854 2496 tam
873 2435 971 2496 multis
991 2436 1145 2523 partitibus
1165 2450 1213 2499 te-

54 2525 125 2574 stata
146 2525 224 2574 esset
242 2515 338 2575 divina
360 2459 643 2588 Christi-maiestas,
675 2513 756 2592 quasi
781 2512 913 2573 omnium
939 2513 1036 2593 ignari
1060 2513 1214 2592 inquirunt
1280 2523 1307 2530 ’“

54 2591 130 2652 uude
151 2591 306 2682 prodierit.
332 2590 415 2666 Quid
426 2591 504 2652 enim
523 2591 616 2673 magis
635 2589 791 2651 absurdum
812 2601 867 2664 est,
887 2608 975 2668 quom
995 2588 1090 2669 palam
1111 2602 1214 2650 exten.

57 2682 113 2728 tam
133 2667 254 2728 videant
272 2689 390 2728 manum
402 2669 472 2743 Dei,
492 2668 560 2727 dum
579 2676 719 2726 sanantur
739 2665 839 2748 claudi
856 2675 886 2724 et
905 2666 1000 2740 coeci,
1020 2665 1156 2726 dubitare
1175 2688 1213 2728 an

56 2745 143 2806 bomo
186 2744 295 2804 rivatus
314 2744 370 2806 sibi
391 2744 465 2805 banc
486 2743 633 2808 licentiam
653 2754 765 2805 temere
786 2741 928 2802 assumat?
947 2741 1033 2804 Adde
1054 2742 1212 2820 quodiam

55 2834 119 2882 ante
140 2765 205 2902 pfirs
224 2821 293 2880 satis
313 2819 440 2881 convicti
460 2821 592 2894 fuerant,
622 2817 773 2880 Christum
793 2839 809 2878 e
829 2817 917 2878 coeio
938 2839 1001 2879 esse
1019 2817 1154 2892 naissum,
1179 2831 1212 2880 ut

55 2897 125 2957 nihil
144 2899 240 2957 minus
260 2897 388 2957 habeant
407 2897 437 2956 in
458 2897 557 2957 animo
591 2917 656 2954 uam
673 2893 802 2974 probare
814 2893 924 2954 Christi
938 2906 1030 2978 gesta,
1051 2893 1212 2957 ubiDeum

55 2975 229 3058 agnoverint
248 2993 351 3034 eorum
372 2986 533 3035 auctorem.
569 2919 605 3032 in
626 2973 683 3032 boc
703 2971 793 3053 igitur
804 2971 951 3046 insistunt,
970 2977 1036 3032 nori
1053 2992 1115 3032 esse
1135 2971 1210 3055 fegi-

54 3053 152 3112 timum
171 3051 231 3112 Dei
250 3051 428 3125 ministrum,
455 3073 541 3132 quern
561 3050 619 3110 suis
637 3049 647 3107 i
669 3048 694 3108 si
713 3047 860 3128 suffragiis
879 3068 942 3108 noo
963 3048 1126 3140 elegerint,
1150 3049 1211 3110 acsi
1296 3081 1299 3086 Δ

54 3148 141 3206 penes
161 3147 213 3188 eos
232 3139 295 3186 tota
315 3129 442 3188 resideat
460 3139 599 3219 potestas.
666 3125 739 3205 tqui,
759 3125 888 3204 quamvis
903 3124 1026 3208 legitima
1039 3127 1209 3187 essentEc-

54 3204 153 3266 elesiae
174 3205 330 3284 praesides,
352 3205 554 3287 prodigiosum
573 3214 672 3263 tamen
691 3201 758 3277 fuit,
777 3221 839 3262 sere
860 3201 1075 3263 contraDeum
1087 3202 1206 3263 efferre.

54 3279 300 3354 Nuncteoemos,
319 3303 371 3342 eur
391 3279 447 3342 iliis
464 3281 598 3342 Christos
618 3279 724 3340 diserte
743 3299 807 3338 non
826 3279 1022 3369 pesponderit‚
1043 3279 1110 3358 qriia
1129 3280 1210 3341 scili-

55 3370 99 3418 cet
113 3357 256 3502 iplagarohe'
271 3369 302 3418 et
320 3358 383 3418 sine
401 3356 517 3492 pudore
538 3359 574 3418 de
593 3375 627 3416 re
647 3354 805 3435 conspicua
824 3375 918 3490 rgsum
937 3355 1093 3440 rogabant

212 3433 383 3512 Baptisnms
421 3437 523 3495 ooards
547 3431 623 3494 ande
641 3431 723 3492 erist?
761 3431 809 3491 De
860 3433 984 3513 aptismo
1011 3430 1131 3493 Ioannis
1157 3451 1208 3493 eos

53 3507 254 3594 interrogabat
266 3509 408 3584 Christos,
427 3531 490 3570 non
509 3521 622 3571 tantum
643 3521 675 3568 ut
694 3508 831 3570 ostendat
848 3509 929 3568 omni
941 3508 1116 3569 auctoritate
1130 3507 1208 3568 indi-

31 3597 35 3604 '
55 3605 136 3667 gnos,
156 3589 224 3670 quia
243 3597 375 3647 sanctum
387 3585 636 3666 DeiPropbetam
648 3597 830 3665 spreverant,
847 3587 899 3646 sed
921 3585 1008 3646 etiam
1028 3597 1207 3663 uteospro-

55 3664 117 3751 prio
141 3685 285 3757 responso
311 3683 381 3724 coar
401 3675 466 3742 unt,
503 3663 691 3742 impudenter
714 3660 850 3723 simulare
875 3662 919 3720 rei
938 3661 1016 3720 bene
1036 3671 1207 3739 canipertae

54 3754 255 3819 ignorantiam.
276 3685 452 3800 Tenendum
466 3739 543 3800 enim
555 3739 694 3800 memoria
716 3749 770 3812 est,
789 3759 928 3816 quorsum
940 3735 1040 3796 missus
1054 3735 1141 3794 fuerit
1154 3736 1206 3794 Io-

54 3834 149 3892 annes,
189 3839 314 3878 uaenam
333 3815 422 3876 fuerit
441 3817 502 3876 eins
521 3815 643 3898 legatio,
662 3815 792 3892 inquam
812 3825 874 3873 r'em
893 3813 1015 3872 maxirne
1029 3810 1206 3900 incubuerit.

54 3889 152 3953 Missus
169 3839 269 3954 iuerat
282 3892 392 3954 Christi
403 3913 527 3972 praeco:
546 3892 665 3952 minime
685 3891 779 3950 defuit
797 3890 855 3952 suis
874 3889 1015 3970 partibus,
1036 3901 1066 3948 et
1084 3889 1146 3966 ipse
1158 3909 1206 3946 nr-

54 3966 92 4026 bil
111 3970 166 4031 sibi
186 3971 265 4050 aliud
283 3969 424 4040 vindicat,
441 3969 498 4028 nisi
515 3980 549 4028 ut
567 3981 652 4050 paret
665 3965 896 4028 viam'Domino:
916 3966 1042 4058 denique
1055 3963 1205 4024 Christum

54 4043 143 4136 digito
162 4057 386 4120 monstraverat,
407 4056 584 4124 testatusque
596 4043 691 4104 suerat
701 4043 818 4103 unicum
838 4041 969 4102 esseDei
981 4038 1096 4100 biliam.
1116 4041 1203 4114 Nunc

52 4117 139 4200 igitur
157 4123 236 4184 unde
255 4124 311 4183 sibi
333 4121 454 4203 probari
471 4121 577 4184 volunt
595 4121 708 4182 scribae
728 4140 834 4180 novam
856 4116 967 4178 Christi
987 4117 1203 4192 anctoritatem,

73 4219 138 4257 uum
157 4201 189 4260 in
208 4200 328 4260 Ioannis
347 4197 510 4278 praeconio
526 4197 657 4280 legitima
678 4197 738 4257 eius
759 4195 830 4255 fides
850 4193 925 4254 facta
946 4194 1041 4254 esset?
1056 4195 1202 4254 'Nuncvi-

52 4217 164 4351 demus,
188 4274 338 4338 Christum
357 4298 418 4336 non
438 4295 522 4336 usum
542 4274 629 4334 fuisse
648 4272 754 4333 caliido
774 4269 898 4331 artifieio
922 4281 956 4330 ut
974 4270 1202 4352 subterfugeret,

50 4351 100 4412 sed
119 4351 253 4416 obiectae
273 4341 441 4442 quaestioni
459 4351 576 4434 penitus
588 4362 618 4413 et
630 4349 723 4414 solide
733 4347 914 4412 satisfecisse.
934 4347 1093 4410 Noneoirn
1106 4367 1200 4429 agona
