2790 4838
427 279 489 358 (76.
508 277 556 340 De
575 277 690 338 ieiuniis
710 277 847 358 omissis.)
1093 321 1097 332 .
1124 283 1203 392 tm

70 439 151 490 certa
193 426 450 521 aedagogipsuos
470 429 626 511 discipulos
647 431 821 504 exercuisse,
855 439 943 490 atne
966 429 997 488 iu
1018 429 1203 492 hunchuem
1310 485 1314 496 .

68 518 162 594 septos
204 503 320 566 abmsse
340 505 456 569 reruniis
476 508 553 582 dies,
582 508 792 589 praescriptam
812 450 916 568 orandi
936 505 1060 566 lortnaru
1080 519 1110 566 et
1130 526 1203 566 con-

68 593 187 642 strtutas
207 580 308 642 boras:
329 582 399 642 ideo
419 605 520 665 preces
540 586 606 646 istas
625 585 704 644 inter
724 596 858 644 externos
878 583 950 644 ritus
970 601 1102 642 numero.
1126 583 1203 644 Nam
1248 641 1250 646 .

69 659 123 716 etsi
144 657 206 717 ltei
228 657 378 719 invocatio
405 659 434 720 in
455 681 467 720 s
490 660 598 721 irituali
619 661 697 720 cultu
717 659 871 752 primatum
898 670 997 732 tenet,
1027 657 1075 717 illa
1105 670 1204 717 tamen

68 734 165 809 ratio,
193 734 230 792 ad
250 735 404 796 bominum
422 683 577 798 ruditatem
597 757 661 797 com
686 749 776 810 osrta,
802 737 906 798 merito
927 735 1006 794 inter
1024 734 1206 796 ceremonias

69 829 101 869 ar
123 831 173 870 res
193 810 304 872 medias
325 811 468 886 refertur,
498 835 620 905 quarum
647 758 815 874 observatio
840 812 926 872 nimis
952 831 1052 874 severe
1070 835 1106 870 ur
1129 811 1205 870 cn'da

70 899 212 946 nonest.
251 887 314 948 lam
336 911 389 948 cur
407 902 550 950 austerior
570 891 659 949 luerit
677 891 797 950 Ioannis
818 887 969 979 disciplina
984 909 1070 978 quam
1083 831 1206 960 Christi,

70 963 143 1022 alibi
164 963 304 1036 diximus,
331 965 486 1026 etiterum
506 967 624 1027 dicendi
642 965 724 1026 locus
745 979 943 1056 opportunror
962 976 1026 1024 ent

148 1045 198 1104 15·
236 1039 319 1100 Nem
336 1058 455 1118 poserem
464 1043 530 1122 filii
547 1047 646 1118 spomi
668 1043 766 1119 lugere
783 1057 834 1102 etc.
872 1039 1059 1120 Atemporis
1079 1039 1206 1100 circum-

69 1117 179 1175 stantia
191 1115 352 1196 discipulos
364 1135 479 1180 excusat
490 1119 633 1194 Christus,
653 1120 734 1200 quod
754 1139 804 1178 cos
815 1117 909 1179 adhuc
927 1117 1061 1177 hilariter
1076 1125 1206 1175 tractare
1243 1159 1246 1168 .

69 1193 155 1252 Deus
174 1192 264 1267 velit,
284 1195 343 1254 acsi
357 1197 470 1276 nuptiis
489 1197 677 1256 interessent:
697 1216 729 1255 se
749 1195 826 1254 enim
845 1213 954 1273 sponso
975 1214 1041 1252 com
1064 1205 1135 1265 arat,
1155 1191 1208 1270 qui

69 1290 121 1328 sua
142 1270 312 1350 praesentia
331 1272 439 1334 amicos
460 1272 608 1332 exhilaret.
648 1270 874 1350 chrysostomus
892 1271 969 1330 hanc
988 1213 1207 1328 similitudinem

69 1359 219 1426 sumptam
241 1358 326 1427 putat
344 1367 378 1408 ex
398 1349 519 1408 Ioannis
537 1347 687 1429 Baptistae
706 1347 893 1420 testimonio,
926 1343 987 1420 Qui
1008 1343 1096 1402 habet
1115 1363 1207 1423 spou-

70 1443 134 1480 sam
152 1441 282 1503 sponsus
302 1435 360 1484 est:
391 1426 472 1506 quod
493 1445 550 1560 epo
575 1423 693 1505 quidem
713 1443 775 1482 non
798 1421 956 1502 improbo,
987 1419 1039 1480 sed
1058 1419 1208 1478 nonsatis

72 1498 191 1558 firmum
211 1519 275 1560 esse
295 1499 433 1562 arbitror.
472 1501 647 1562 chobis
666 1499 800 1576 sufficiat,
821 1497 901 1578 quod
918 1517 950 1558 se
969 1515 1092 1576 parcere
1112 1506 1142 1554 et
1161 1494 1208 1553 in·
1304 1501 1307 1511 '

73 1575 199 1658 dulgere
219 1577 279 1636 suis
300 1577 448 1656 discipulis
473 1577 600 1638 affirmat
620 1574 769 1651 Christus,
799 1596 885 1655 quam
910 1574 960 1634 diu
980 1593 1046 1633 cum
1066 1570 1122 1630 illis
1141 1589 1209 1631 ver-

72 1663 162 1712 satur.
203 1654 250 1712 Ne
271 1651 335 1732 cluis
354 1663 449 1714 autem
461 1655 555 1736 exigui
575 1653 716 1733 temporis
736 1651 974 1712 commoditatem
994 1648 1050 1708 illis
1069 1646 1209 1720 inrideat,
1272 1693 1298 1716 ,.
1384 1729 1385 1736 ¹

74 1729 165 1808 paulo
187 1740 258 1809 post
283 1729 382 1790 durius
403 1743 434 1791 et
451 1731 581 1812 asperius
599 1729 768 1790 tractandos
793 1749 854 1793 esse
875 1729 1023 1788 admonet.
1061 1724 1135 1784 lude
1155 1741 1208 1782 au-

73 1819 134 1866 tem
178 1806 270 1866 endet
289 1808 450 1884 excusatio,
471 1808 552 1886 quod
570 1807 713 1868 ieiunium
734 1817 764 1868 et
783 1825 884 1887 preces
903 1803 1034 1864 tristibus
1054 1811 1085 1861 et
1104 1800 1209 1862 adver·

73 1883 111 1942 sis
131 1901 168 1972 re
189 1903 224 1942 us
243 1881 437 1953 conveniunt:
468 1904 571 1962 preces
592 1883 658 1946 dico
684 1881 941 1956 extraordinarias,
967 1900 1089 1958 quarum
1109 1875 1156 1936 hic
1175 1875 1209 1933 fit

74 1971 200 2019 menno.
240 1958 347 2018 Voluit
364 1961 476 2021 scilicet
487 1959 619 2022 Christus
637 1960 775 2040 paulatim
796 1959 975 2021 assuefacere
995 1976 1046 2016 eos
1068 1955 1103 2014 ad
1114 1953 1208 2014 maio·

74 2057 137 2096 rem
159 2033 360 2110 tolerantiam,
380 2057 435 2099 uec
454 2037 575 2096 multum
596 2037 653 2097 illis
673 2037 770 2098 oneris
782 2038 820 2097 im
844 2055 946 2110 onere,
967 2033 1062 2094 donec
1071 2029 1140 2121 plus
1156 2049 1209 2088 ro·
1248 2092 1251 2100 ,

75 2110 158 2172 boris
179 2113 379 2190 acquirerent.
417 2114 495 2175 llinc
515 2113 681 2197 colligenda
702 2125 746 2173 est
765 2059 872 2194 duplex
890 2110 1035 2182 doctrina,
1054 2104 1208 2195 siquando

76 2189 201 2248 fratrum
222 2199 393 2249 nostrorum
414 2190 611 2250 infirmitatem
629 2188 763 2251 sublevat
773 2189 930 2261 Dominus,
950 2198 980 2246 et
1000 2183 1130 2264 benigne
1142 2180 1209 2240 ellos

75 2265 170 2338 foret,
189 2263 260 2324 dum
280 2285 336 2326 nos
355 2266 500 2327 horridius
519 2277 634 2343 tractat,
654 2287 715 2325 uon
736 2287 797 2326 esse
814 2263 1053 2343 obstrependum.
1091 2256 1210 2317 Deinde

74 2342 99 2401 si
120 2341 241 2422 quando
262 2342 351 2402 nobis
371 2344 456 2404 detur
476 2363 492 2403 a
511 2342 627 2402 tristitia
648 2352 677 2401 et
696 2341 837 2402 molestiis
863 2338 1018 2413 relaxatio,
1048 2333 1212 2394 cavendum

78 2439 152 2495 esse,
172 2437 212 2477 ue
232 2417 346 2479 deliciis
366 2419 545 2480 diffluamus:
566 2419 636 2498 quin
678 2417 754 2477 otius
765 2416 991 2488 meminerimus,
1010 2432 1073 2480 uon
1092 2429 1210 2488 semper

78 2496 144 2556 lore
163 2494 292 2574 nuptias.
330 2495 406 2556 Filii
428 2499 527 2573 spousi
551 2494 612 2558 sive
634 2437 755 2554 aliu-ut
771 2493 926 2570 mperes,
955 2485 1092 2549 hebraica
1111 2484 1210 2566 phrasi

77 2593 134 2654 pro
155 2571 289 2632 convivis
309 2572 496 2654 nuptialibus.
674 2622 678 2632 .
1085 2637 1093 2650 ·
1125 2634 1154 2650 ..

153 2654 202 2713 16.
219 2675 222 2685 ¹
242 2647 353 2710 Naum
381 2663 475 2710 uatem
503 2649 627 2708 inmittit
655 2657 856 2707 assumentum.
914 2641 1040 2704 Duobus
1070 2635 1211 2696 srmrlrbus

78 2725 242 2806 proximam
261 2727 435 2788 sententiam
456 2725 620 2798 coufirmat,
640 2733 874 2804 quorum'unum
895 2743 911 2781 a
930 2715 1068 2790 sestibm,
1087 2711 1211 2774 alterum

79 2824 97 2863 a
115 2801 188 2862 vasis
208 2801 330 2861 vinariis
348 2815 495 2883 sumptum
516 2813 568 2862 est.
607 2801 667 2880 Qui
686 2811 781 2862 vestes
800 2799 920 2860 detritas
940 2807 971 2856 et
989 2794 1111 2855 caducas
1131 2798 1211 2878 utres

80 2877 256 2954 Pharisaeis,
274 2889 399 2938 mustum
418 2891 448 2940 et
467 2899 596 2960 pannum
616 2899 725 2940 novum
745 2875 896 2937 doctrinae
907 2869 1063 2956 Evangelii
1080 2864 1212 2954 conferre

79 2967 200 3038 putant,
233 2951 306 3014 nibil
327 2955 437 3016 habent
455 2955 573 3017 coloris.
611 2959 689 3035 Apta
709 2965 805 3014 autem
831 2964 862 3012 et
881 2950 1026 3014 concinna
1046 2955 1090 3006 est
1108 2939 1212 3032 simpla-⁸

77 3033 152 3093 tudo
178 3032 216 3091 ad
242 3050 304 3090 rem
323 3043 531 3124 praesentem,
569 3031 594 3094 si
619 3035 678 3094 boc
702 3033 739 3093 de
765 3029 887 3089 inlirmis
913 3049 946 3088 ac
968 3023 1078 3087 teneris
1100 3018 1219 3094 Chrrstr
1266 3030 1270 3038 ’

82 3107 231 3188 discipulis
252 3119 283 3166 et
302 3108 454 3189 disciplina
473 3109 566 3192 magis
585 3109 697 3192 rigida,
749 3128 815 3166 uarn
835 3118 869 3166 ut
887 3124 971 3186 pares
992 3109 1088 3163 esseut
1108 3095 1145 3156 ad
1165 3093 1213 3154 lc-

82 3185 223 3256 reudum,
249 3185 429 3264 exponimus.
473 3188 536 3249 Nec
561 3185 654 3246 resert
673 3129 753 3264 quod
778 3182 900 3244 noviciis
920 3179 1065 3240 tironibus
1083 3181 1212 3266 yetustas

82 3283 143 3322 non
177 3261 416 3340 'uadratneque
436 3261 514 3322 enirn
533 3263 653 3322 vetustis
673 3261 786 3320 utribus
806 3270 837 3319 et
854 3257 983 3318 vestibus
1003 3256 1106 3318 lacerta
1122 3249 1213 3311 (ahra-

83 3350 140 3408 stus
160 3281 233 3397 ideo
252 3337 592 3419 comparatdiscipulos,
624 3337 706 3418 quod
723 3337 816 3418 longo
836 3357 890 3396 usu
909 3332 1000 3398 attriti
1019 3331 1133 3400 forent,
1160 3323 1213 3386 sed

85 3416 150 3506 qnia
161 3413 276 3474 debiles
296 3425 380 3474 erant
397 3415 551 3551 minuspue
568 3413 692 3476 robusti.
732 3412 851 3472 Summa
863 3421 915 3486 cst,
935 3429 997 3470 non
1017 3423 1118 3468 omncs
1139 3421 1212 3482 pro-

83 3511 192 3551 miscue
213 3489 374 3572 adigendos
395 3512 456 3551 esse
476 3513 492 3552 a
532 3491 655 3551 eandem
676 3488 791 3551 vivendi
810 3488 950 3561 sormam,
970 3485 1036 3566 qnia
1057 3477 1212 3566 disparsit

84 3567 234 3640 conditio,
274 3587 370 3648 usque
390 3569 488 3628 omnia
508 3567 644 3628 omuibus
665 3566 859 3640 conveniant,
896 3563 1067 3644 praesertim
1090 3557 1211 3618 infirnus

83 3643 265 3726 parcendum
285 3662 357 3720 esse,
377 3664 415 3704 ne
434 3655 607 3725 rumpantur
617 3643 769 3716 violentia,
788 3641 835 3701 vel
853 3640 953 3706 oneris
992 3638 1112 3700 raritate
1128 3633 1213 3692 iran-

84 3733 201 3804 gantur.
241 3719 337 3780 Porro
358 3739 392 3781 ex
410 3741 493 3780 more
513 3719 643 3803 legionis
663 3721 794 3800 loquitur
805 3717 948 3793 Christus,
968 3661 1036 3777 dum
1055 3727 1135 3773 utres
1155 3728 1211 3786 pro

86 3798 161 3858 cadis
181 3795 229 3856 vel
249 3796 399 3877 amphoris
418 3797 560 3856 nominat.

159 3873 234 3933 Luc.
253 3879 300 3938 39.
338 3873 432 3932 Nesso
448 3877 499 3952 poi
511 3871 610 3932 biberit
626 3887 704 3934 neers
719 3886 770 3939 etc.
809 3871 904 3930 Hora
919 3867 985 3929 solo
994 3867 1074 3925 Luca
1080 3863 1212 3955 positum

86 3961 144 4026 est,
176 3971 213 4010 ac
238 3969 302 4010 cum
326 3949 526 4030 superioribus
551 3950 627 4012 baud
652 3951 741 4010 dubie
766 3948 916 4008 cohaeret.
959 3945 1088 4009 Tametsi
1113 3952 1212 4000 autem

85 4027 162 4088 varie
184 4024 221 4086 ab
242 4025 451 4107 interpretibus
470 4038 642 4105 torquetur,
673 4047 730 4110 ego
750 4022 921 4114 simpliciter
940 4021 978 4080 ita
998 4017 1128 4098 accipio,
1147 4039 1213 4076 mo-

86 4105 149 4163 neri
170 4102 359 4178 Pharisaeos,
394 4123 432 4162 ne
451 4114 589 4181 receptae
604 4103 814 4172 ,consuetudins
834 4099 898 4180 plus
919 4117 1004 4178 quam
1024 4116 1077 4174 par
1097 4105 1140 4154 est
1158 4095 1213 4154 tri-

87 4180 187 4241 buant.
229 4179 317 4240 Unde
337 4179 414 4239 enirn
434 4181 477 4256 lit,
496 4180 635 4240 utvinum
655 4199 790 4260 saporem
810 4197 872 4242 nau
893 4187 1005 4237 mutans
1026 4192 1087 4231 non
1108 4191 1212 4252 perae-

88 4277 144 4390 pue
165 4255 297 4316 omnirun
316 4255 418 4336 palatis
439 4255 575 4331 arrideat,
597 4257 653 4316 nisi
672 4255 739 4336 quia
759 4275 825 4314 usus
846 4264 876 4312 et
895 4250 1076 4312 cousuetudo
1097 4259 1213 4332 gustum
1250 4243 1256 4256 ’

100 4333 218 4396 omrat?
257 4331 334 4391 llinc
352 4331 493 4412 sequitur,
514 4354 599 4411 quam
620 4342 702 4394 tenet
719 4329 851 4392 Christus
871 4329 1016 4388 rationem
1037 4347 1105 4407 erga
1127 4325 1212 4385 disci-

88 4409 185 4488 pulos,
205 4429 267 4468 non
288 4408 406 4471 minoris
426 4409 633 4474 aestimandam
654 4429 727 4482 esse,
747 4403 939 4488 quodminus
959 4403 1067 4464 habeat
1086 4419 1213 4482 pompae
