2766 4840
315 223 336 298 .'
372 237 453 314 (197.
498 233 608 296 Sacrae
628 252 740 294 coenae
758 234 929 315 institutio.)
1171 239 1233 302 319

77 398 118 446 tus
137 396 192 446 est:
219 405 280 446 non
326 387 386 448 nod
412 385 544 468 proditio
566 386 656 464 Indae
680 386 802 468 proprie
821 387 920 448 vocari
940 386 1046 448 debeat
1065 388 1124 448 Dei
1144 407 1230 467 opus,

75 463 122 522 sed
139 407 396 544 quiaDcusludae
415 462 569 543 perfidiam
588 465 624 524 ad
645 464 825 543 implendum
841 463 996 526 consilium
1010 485 1092 524 suum
1108 465 1228 524 inllerit.

75 538 141 600 Scio
162 539 308 618 equidem,
328 537 479 619 quomodo
500 539 636 600 nonnulli
661 541 837 619 interpretes
863 541 940 600 hunc
959 540 1113 620 scopulum
1134 540 1227 600 dccli-

74 627 154 691 nent,
174 615 304 676 latentur
323 618 414 677 iudae
435 636 526 696 opera
545 616 700 708 impletum
720 637 783 677 esse
804 619 884 698 qnod
906 617 1046 698 scriptum
1066 629 1139 692 erat,
1159 618 1228 696 quia

72 692 151 752 Dens
193 691 251 752 nod
271 695 478 773 praesciverat,
502 693 646 754 vaticiniis
665 705 787 754 testatus
811 695 857 756 sit.
895 695 979 786 Ergo
999 703 1032 752 ut
1052 693 1227 767 doctrinam,

75 789 145 846 eptae
165 714 223 829 illis
243 769 359 830 videtur
378 771 468 849 paulo
488 770 637 850 asperior,
660 769 813 852 mitigent,
835 771 1059 852 praescientiam
1079 771 1138 830 Dei
1157 769 1227 830 suh-

72 846 194 904 stituunt
213 845 324 908 decreti
345 845 425 919 loco,
445 846 503 906 acsi
523 847 635 908 eminus
654 858 767 908 tantum
788 847 974 929 prospiceret
982 847 1064 908 Deus
1085 867 1159 938 quae
1179 846 1228 906 lu-

71 933 132 981 tnra
152 933 231 996 sunt,
249 943 313 982 non
333 934 429 983 autem
448 943 503 983 suo
522 922 645 986 arbitrio
666 923 845 1014 disponeret
885 925 947 984 Sed
957 923 1048 1005 longe
1061 923 1177 986 aliterS
1201 923 1227 982 i-

70 998 139 1058 ritus
160 999 237 1058 hanc
263 999 494 1061 controversiam
521 999 642 1059 dirimit:
668 1020 823 1078 quianon
847 1012 960 1062 tantum
986 1021 1099 1060 causam
1126 945 1234 1060 traditi

71 1073 179 1136 Christi
200 1074 299 1152 allert,
318 1078 399 1156 quod
411 1076 451 1135 ita
467 1075 606 1155 seriptum
624 1088 710 1151 esset,
727 1097 829 1136 verum
851 1079 937 1138 etiam
959 1077 1046 1158 quon
1060 1077 1099 1136 ita
1120 1077 1231 1138 deliin-

70 1161 138 1210 tum.
176 1153 252 1212 Nam
272 1153 324 1214 nbi
343 1153 507 1212 Matthaeus
528 1164 560 1212 et
577 1153 693 1213 Marcus
705 1153 888 1235 scripturam
907 1153 1158 1236 alleganqlrucas
1177 1173 1230 1214 re*

70 1239 114 1287 cta
138 1248 193 1288 nos
220 1231 256 1289 ad
277 1227 405 1290 coeleste
426 1229 575 1289 decretum
595 1229 727 1291 adducit:
754 1232 999 1310 quemadmodum
1019 1229 1151 1291 inflictis
1170 1230 1226 1290 do·
1316 1275 1326 1296 ,

70 1315 130 1379 cet,
162 1303 313 1366 Christum
344 1326 407 1365 non
436 1306 528 1365 modo
556 1307 748 1386 praescientia
773 1305 847 1384 Dei,
875 1308 926 1367 sed
952 1306 1074 1367 delinito
1099 1306 1226 1371 consilio

68 1381 155 1443 luisse
173 1382 330 1457 traditum,
357 1393 388 1443 et
407 1381 497 1462 paulo
517 1393 600 1472 post,
626 1383 779 1443 Herodem
807 1395 838 1442 et
857 1383 989 1444 Pilatum
1013 1403 1085 1443 cum
1103 1381 1232 1465 reliquis

68 1457 210 1539 improbis
230 1459 348 1533 iecisse,
374 1479 450 1538 quae
469 1459 528 1518 Der
551 1480 640 1518 manu
667 1471 697 1519 et
722 1459 849 1521 consilio
874 1460 1080 1540 praeordinata
1100 1458 1231 1518 lucrant.

68 1535 155 1596 Unde
171 1547 254 1618 patet
269 1535 377 1600 inscite
397 1548 442 1596 ter
466 1535 596 1607 iversari,
622 1537 672 1615 qui
692 1535 728 1596 ad
748 1537 857 1596 nudam
877 1535 1098 1618 praescientiam
1119 1536 1227 1596 conlu-

66 1612 157 1692 giunt
196 1613 316 1674 Bonam
334 1626 406 1673 erat
444 1555 511 1674 llos
531 1611 625 1672 verbo
645 1613 797 1688 docemur,
822 1635 908 1692 qnam
930 1612 1078 1692 horribilis
1097 1612 1231 1672 vindicta

65 1702 182 1750 maneat
201 1689 318 1770 impios,
343 1689 447 1770 quibus
467 1687 555 1749 satius
576 1700 653 1750 esset
671 1710 821 1769 nunquam
840 1701 926 1750 natos
946 1698 1016 1751 esse:
1055 1689 1147 1769 Atqui
1165 1689 1227 1748 vita

66 1765 149 1842 haec,
168 1766 353 1846 quantumvis
374 1767 481 1826 caduca
501 1776 533 1825 et
552 1764 714 1826 innumeris
734 1767 880 1828 aerumnis
900 1763 1019 1841 referta,
1039 1766 1226 1845 incompara-

65 1839 124 1902 bile
145 1856 190 1903 est
203 1843 262 1904 Dei
276 1843 460 1909 beneficium.
499 1842 624 1903 Rursum
644 1843 732 1904 etiam
752 1843 821 1905 hine
840 1843 1123 1934 colligimus„quanr
1143 1843 1228 1902 dete·

65 1919 176 1980 stabilis
202 1919 240 1979 sit
264 1919 383 1979 illorum
409 1918 560 2012 impietas,
583 1939 659 1998 qnae
684 1940 747 1980 non
777 1931 889 1980 tantum
914 1919 1073 2003 exstinguit
1096 1918 1227 1999 pretiosa

64 1994 122 2055 Dei
143 1997 234 2067 dona,
254 2007 285 2056 et
303 1995 338 2056 in'
355 1996 515 2088 perniciem
529 1996 693 2071 'convertit
712 1997 764 2057 sed
784 1997 865 2072 l'aeit,
884 2009 917 2058 ut
936 2007 1067 2078 praestet
1077 2013 1228 2075 nunquam

63 2084 182 2152 gutasse
206 2072 265 2133 Dei
295 2072 467 2133 honitatem.
506 2074 619 2132 Notata
648 2084 750 2132 tamen
779 2074 870 2156 digna
899 2085 944 2134 est
974 2074 1047 2134 haec
1074 2072 1229 2151 particula,
1253 2096 1259 2126 ι

64 2151 145 2226 qnod
240 2147 530 2227 *ihunnmfur‘sset
551 2169 611 2208 nors
633 2152 734 2210 nemci:
780 2151 828 2210 nia
853 2150 1035 2228 quantumvis
1058 2149 1167 2208 misera
1189 2147 1229 2208 sit
1257 2190 1260 2198 ,
1372 2177 1373 2200 ι

61 2223 133 2284 luda
192 2225 325 2298 onditio,
344 2225 412 2284 Deo
431 2235 530 2283 tamen
552 2223 664 2284 bonnm
685 2225 741 2282 luit
758 2169 840 2284 illum
861 2245 992 2298 creasse,
1010 2223 1061 2302 qui
1080 2243 1113 2281 re
1133 2221 1228 2282 rohos

60 2301 97 2359 ad
119 2301 198 2360 diem
220 2299 299 2360 exitii
317 2300 483 2374 destinans,
508 2298 633 2380 gloriam
659 2319 740 2358 suam
766 2301 823 2359 lroc
844 2319 962 2379 quoque
982 2299 1072 2358 rnodo
1092 2298 1112 2356 il
1145 2308 1229 2372 strat,

59 2377 138 2436 sicut
158 2377 250 2436 docet
268 2373 400 2436 Salomo.
439 2376 485 2434 lta
510 2373 547 2432 ah
568 2373 650 2435 omni
669 2373 785 2436 sinistra
804 2387 876 2435 nota
897 2375 1038 2434 asseritur
1053 2395 1158 2434 arcana
1178 2373 1231 2434 illa

58 2451 118 2510 liei
140 2449 337 2542 gubernatio,
363 2471 438 2531 quae
462 2449 615 2511 hominum
641 2450 773 2512 consiliis
797 2462 828 2512 et
847 2451 988 2532 operibus
1007 2451 1171 2531 praesidet,
1194 2461 1229 2512 ut

58 2547 158 2608 nuper
177 2538 231 2588 atu
264 2571 272 2586 .
1020 2542 1023 2551 ’

135 2610 185 2670 25.
224 2547 416 2679 Rewdms
438 2617 533 2664 wear
555 2599 657 2664 Iudas.
698 2603 787 2677 Quan

58 2682 187 2762 pidare,'
209 2683 261 2761 qui
284 2679 341 2740 sihi
364 2678 440 2740 male
465 2681 577 2740 conscii
596 2691 680 2755 sunt,
704 2625 856 2740 formidini
876 2692 974 2743 tamen
995 2691 1025 2738 et
1045 2677 1143 2740 coecis
1164 2689 1227 2737 tor-

57 2759 168 2820 mentis
188 2755 348 2838 implicitus
368 2767 413 2816 est
435 2767 558 2837 stupor,
582 2769 615 2816 ut
640 2757 780 2817 audacter
804 2757 841 2818 ad
865 2755 1032 2838 negandum
1058 2753 1227 2836 prosiliant:

57 2837 109 2896 sed
132 2835 191 2895 hoc
211 2835 331 2894 tandem
351 2833 511 2912 proliciunt
530 2853 580 2894 sua
600 2833 794 2970 impudentia,
813 2845 846 2892 ut
865 2831 1016 2893 occultum
1033 2831 1228 2922 sceltrs.d'ete-'
1250 2887 1267 2917 ·.

809 2625 876 2664 nam
899 2619 987 2683 saepe
1010 2601 1141 2664 uidemus
1165 2611 1227 2662 tre-

58 2923 140 2992 gant.
183 2910 235 2982 Sic
255 2911 357 2983 Iudas,
383 2929 471 2989 quum
491 2909 574 2969 illurn
594 2928 669 2970 maa
689 2911 868 2970 conscientia
890 2909 1080 2972 constrictum
1100 2917 1228 2980 teneret,

58 2989 148 3048 silere
167 2997 270 3047 tamen
290 2985 410 3066 neqult:
437 2987 514 3046 adeo
534 2986 615 3046 illum
637 3007 686 3064 exa
710 2986 764 3046 itat
783 2985 910 3046 interior
922 2985 979 3078 p'll'e
999 2983 1137 3058 carnifex,
1158 2983 1227 3044 dum
1265 3029 1269 3056 ,

59 3076 141 3125 metu
168 3075 199 3123 et
224 3061 369 3122 anxietate
395 3062 521 3126 eundern
547 3061 657 3123 deiicit.
721 3084 795 3123 orro
819 3062 964 3144 stupidam
991 3064 1052 3122 cius
1077 3061 1228 3121 audaciam

59 3163 112 3200 suo
140 3159 288 3220 responso
315 3137 435 3218 oblique
456 3140 666 3220 perstringens·
683 3139 834 3212 Christus,
858 3139 897 3216 ad
923 3157 956 3200 re
979 3139 1120 3198 utandum
1147 3137 1230 3216 quod

60 3229 163 3300 tegere
184 3214 307 3276 volebat
326 3216 419 3276 scelus
438 3213 586 3275 sollicitat.
625 3215 685 3276 Sed
707 3216 762 3274 iarn
784 3215 933 3276 diabolico
954 3161 1055 3276 liuore
1076 3234 1157 3276 mens
1173 3235 1227 3274 oc-

59 3307 165 3374 cupata
187 3291 348 3373 concipere
368 3291 455 3351 talem
475 3312 592 3352 sensum
613 3312 674 3350 non
695 3293 801 3373 potnit.
842 3293 1002 3356 Caeterum
1021 3293 1079 3354 hoc
1092 3291 1226 3370 exemplo

59 3371 222 3444 discamus,
247 3367 354 3448 impios
374 3379 514 3449 proterve
535 3369 702 3432 excusando.
720 3367 797 3430 nihil
814 3369 899 3432 aliud,
913 3388 1000 3454 qnam
1019 3367 1161 3432 maturius
1180 3367 1225 3427 iu-

58 3448 168 3512 dicium
188 3445 248 3510 sibi
267 3465 423 3509 accesere.
814 3451 833 3473 “¹
1016 3448 1020 3460 '

141 3727 252 3808 (tur.)
315 3725 485 3792 ΜΑΤΤΗ.
512 3725 629 3792 XXVl.
691 3727 742 3793 26.
784 3725 1002 3794 vescentibus
1034 3735 1138 3789 autern
1169 3727 1226 3802 eis,

56 3833 184 3919 accepit
206 3831 299 3894 lesus
326 3847 459 3916 panem:
497 3837 530 3894 et
551 3851 649 3915 quum
672 3833 789 3916 egisset
811 3833 944 3916 gratias,
978 3829 1086 3914 lrcgit,
1119 3825 1227 3892 dedit·

56 3956 121 4022 que
150 3931 336 4018 discipulis,
374 3941 408 3998 ct
440 3935 499 4011 ait,
532 3933 696 4019 Accipite,
728 3933 904 4000 comedite:
938 3933 1003 3998 hoc
1030 3941 1078 3996 est
1103 3951 1222 4018 corpus

55 4061 175 4104 irsoum.
216 4036 271 4100 27.
302 4035 345 4101 Et
365 4046 503 4122 accepto
521 4033 644 4120 poculo
661 4027 703 4100 hc
723 4039 836 4121 gratiis
852 4035 947 4113 actis,
967 4031 1059 4102 dedit
1078 4031 1153 4113 illis,
1173 4033 1224 4100 dt-

56 4162 156 4220 cens,
185 4137 297 4205 Bibite
326 4159 364 4205 ex
384 4138 447 4204 hoc
467 4159 589 4204 omnes.
630 4138 681 4202 28.
717 4137 781 4202 llic
802 4151 850 4202 est
876 4139 960 4204 enim
981 4138 1109 4223 sanguis
1130 4159 1223 4203 meus

55 4243 147 4319 Novi
175 4243 393 4320 Testamenti,
413 4241 479 4328 ,qui
507 4263 569 4327 pro
596 4239 704 4307 multis
731 4240 909 4308 aliunditur
936 4244 975 4308 in·
996 4243 1223 4306 remissionem·

53 4355 275 4434 peccaturum.
336 4345 388 4412 29.
422 4343 514 4413 Dico
538 4352 643 4412 autem
664 4341 772 4422 vobis,
797 4343 875 4412 Noa
896 4341 1006 4412 bibam
1026 4342 1159 4447 posthac
1181 4362 1221 4410 er

987 4581 997 4612 Ι
