2756 4838
147 195 206 258 m
306 173 422 252 SEGT.
441 185 540 248 xvn.
577 145 841 250 numerorum
859 196 1150 274 uncumarruttns.

146 343 259 404 maiora
278 341 327 404 rel
345 341 461 402 minora
480 351 586 416 esseut,
606 339 658 402 sed
672 341 730 402 huc
749 338 864 402 tautum
883 351 1094 422 spectassent
1111 340 1167 403 sub
1186 359 1252 404 nno
1270 343 1311 404 ri-

145 420 228 502 sibili
242 419 379 502 'symbolo
399 420 532 495 doceret,
549 417 607 478 sihi
627 417 721 478 aDeo
734 419 992 554 purgpuditempli
1006 419 1157 480 mandatas
1168 437 1234 479 esse
1245 442 1311 502 par·
1370 475 1371 494 ,

145 509 202 572 tes,
221 497 365 576 simulque
386 494 571 573 ostenderet,
594 494 686 554 foedo
712 506 804 578 et'pa
839 495 907 555 abili
933 517 948 556 a
972 517 1025 556 usu
1049 507 1226 575 corruptum
1253 519 1311 558 esse
1370 509 1371 522 ¹

145 573 206 634 Dei
218 572 338 634 cultum.
365 571 524 632 Praetexta
540 571 657 651 quidem
669 593 730 632 nou
749 517 868 632 carebat
887 573 935 632 illa
951 571 1140 646 nundinatio,
1160 593 1237 652 quae
1257 595 1309 654 po·
1370 585 1371 622 l

144 651 245 732 pulum
266 648 400 710 molestia
420 648 550 728 levabat
566 669 604 708 ne
625 649 731 731 procul
742 650 910 735 quaerenda
922 661 1019 709 essent
1029 649 1186 710 sacrificia:
1207 650 1310 711 deinde

145 730 190 787 ut'
200 737 317 808 praesto
338 726 375 786 ad
388 745 505 790 manum
519 735 596 784 esset
605 725 740 858 pecunia,
751 726 981 818 ¹quamquisque
998 726 1110 801 ollerre
1120 725 1222 788 vellet
1235 728 1309 788 dice

143 825 217 864 vero
237 804 268 862 in
288 803 454 862 sanctuario
474 801 602 860 sedcban
635 803 783 876 mensarii,
802 801 850 862 vel
869 801 1174 882 prostabantvenales
1190 804 1316 884 hostiae,
1370 851 1371 866 t

144 881 197 940 sed
215 889 329 938 tantum
349 879 381 940 iu
399 869 485 952 atr‘io,
506 878 552 938 cui
572 897 683 938 nomeu
702 879 806 960 templi
823 879 970 938 interdum
993 879 1150 939 tribuitur:
1171 879 1223 938 sed
1245 882 1308 960 quia

144 955 218 1016 nihil
237 957 334 1016 miuus
353 968 584 1015 cousentaneum
597 966 640 1013 est
651 955 756 1036 templi
774 955 928 1030 maiestati,
948 956 1108 1034 quamillic
1125 954 1200 1038 erigi
1214 956 1308 1016 forum

98 1107 100 1110 Ι
143 1053 243 1103 rerum
261 1031 419 1106 venalium,
439 1042 469 1090 et
488 1029 698 1090 nummularios
719 1029 829 1114 collybi
850 1053 935 1094 causa
954 1033 1069 1108 sedere,
1089 1032 1146 1091 suit
1162 1033 1234 1092 baec
1253 1035 1307 1092 mi-

118 1103 223 1168 ‘nimc
243 1108 368 1170 serenda
385 1105 564 1188 profanatio.
602 1107 643 1167 Et
668 1107 801 1169 Christus
825 1109 857 1168 in
883 1129 947 1168 eam
976 1109 1071 1169 acrius
1097 1108 1226 1170 invectus
1253 1121 1308 1184 est,
1370 1173 1371 1189 ,

63 1199 69 1212 “
143 1185 225 1266 quod
244 1185 342 1266 palam
362 1194 528 1264 constaret,
559 1191 674 1244 morem
699 1183 781 1257 illum
800 1186 986 1246 sacerdotum
1011 1185 1132 1246 avaritia
1156 1184 1192 1244 ad
1210 1185 1306 1264 turpis
1370 1203 1371 1228 ³

144 1275 279 1342 quaestus
299 1273 449 1353 capturam
468 1260 620 1320 inductum
640 1279 711 1322 esse.
749 1265 824 1322 Nam
844 1273 878 1322 ut
898 1261 947 1352 qui
967 1261 1122 1322 tabernam
1140 1261 1306 1351 ingreditur
1370 1273 1371 1330 l

141 1338 230 1400 variis
250 1337 398 1399 mercibus
417 1337 520 1420 pulcre
540 1336 722 1415 instructam,
742 1339 871 1419 quamvis
891 1338 964 1398 nihil
984 1357 1082 1398 emere
1100 1337 1131 1396 in
1144 1338 1305 1397 ammoha-

141 1413 222 1490 beat,
241 1415 390 1476 illecebris
399 1427 497 1475 tamen
512 1423 614 1492 captus·
625 1426 719 1474 mutat
731 1416 898 1476 consilium:
920 1415 962 1474 sic
981 1435 1012 1474 ea
1035 1415 1133 1474 tendis
1145 1414 1307 1473 oblationi-

124 1482 196 1554 ¹llus
210 1489 290 1553 'retia
309 1491 474 1554 tendebant
491 1488 669 1568 sacerdotes,
687 1503 722 1551 nt
733 1513 748 1551 a
758 1491 881 1574 singuiis
891 1491 929 1551 ati
953 1491 1001 1551 uid
1014 1435 1087 1550 lucri
1103 1503 1306 1572 emungerent.

218 1573 265 1634 13.
303 1569 452 1646 scarpum
470 1583 519 1629 est.
549 1563 620 1628 Duo
640 1567 808 1640 testimonia
829 1587 862 1628 er
880 1511 1174 1647 duobus-Prophetis
1194 1577 1305 1658 sumpta

143 1643 278 1706 Christus
298 1646 429 1707 adducit:
449 1667 539 1704 unum
560 1661 594 1702 ex
606 1665 638 1704 ca
663 1644 702 1703 ite
714 1645 894 1719 56.Iesaiae,
913 1644 1036 1704 alterum
1057 1665 1091 1703 ex
1105 1651 1134 1709 7.
1154 1643 1304 1704 Ierermae.
1370 1689 1371 1710 ,

140 1721 239 1782 Porro
260 1724 341 1802 quod
355 1721 495 1802 scriptum
514 1732 558 1780 est
577 1665 659 1800 apud
674 1721 806 1796 Iesaiam,
825 1721 967 1802 temporis
988 1719 1305 1800 circumstantiaeqoa-

141 1798 259 1858 drabat:
279 1796 340 1858 illic
360 1797 438 1856 enim
457 1795 639 1878 praedicitur
658 1796 801 1857 Gentium
819 1799 947 1859 vocatio.
985 1797 1093 1870 lesalas
1113 1813 1190 1877 ergo
1210 1797 1305 1856 Deum

140 1874 285 1934 facturum
306 1873 454 1952 promittit
471 1892 534 1934 non
552 1873 655 1946 brodo,
674 1883 708 1932 ut
727 1873 881 1954 pristinum
894 1874 1081 1954 splendorem
1093 1872 1237 1952 tempium
1257 1894 1304 1932 re-
1370 1953 1371 1956 Ἴ

140 1971 176 2012 cu
200 1960 272 2024 eret,
292 1949 343 2008 sed
365 1949 451 2008 etiam
470 1961 503 2008 ut
522 1947 591 2010 illuc
604 1951 758 2009 confluant
769 1951 899 2031 undique
912 1969 1015 2010 omnes
1033 1959 1149 2032 gentes,
1170 1961 1303 2028 totusque
1370 1971 1371 1990 t

140 1969 223 2086 orbis
242 2025 273 2088 in
292 2047 391 2086 veram
414 2037 444 2085 et
461 2024 604 2086 sinceram
623 2025 763 2106 pietatem
778 2027 954 2087 consentiat.
987 2025 1111 2086 Certum
1128 2027 1247 2104 quidem
1262 2033 1303 2085 est

75 2105 76 2112 ’
139 2102 342 2184 metaphorice
361 2103 455 2182 ipsum
468 2101 562 2182 loqui:
583 2123 651 2168 nam
663 2103 831 2183 Prophetae
843 2101 1022 2184 spiritualem
1037 2102 1097 2161 Dei
1118 2101 1241 2174 cultum,
1254 2103 1302 2182 qni
1370 2107 1371 2123 ¹

140 2179 194 2240 suh
215 2199 311 2262 regno
334 2169 445 2238 Christi
466 2178 581 2238 futurus
600 2191 686 2254 erat,
701 2178 847 2261 ¹legalibus
868 2179 969 2272 figuris
988 2177 1176 2240 adumbrant
1216 2179 1303 2254 Certe
1325 2253 1328 2259 Δ

138 2256 197 2318 hoc
217 2277 369 2336 nunquam
380 2255 530 2337 impletum
545 2256 610 2332 fuit,
630 2268 663 2316 ut
679 2276 782 2317 omnes
792 2257 896 2336 populi
912 2255 1151 2335 Hierosolymam
1163 2255 1303 2315 adorandi

140 2353 225 2393 causa
245 2333 447 2393 ascenderent
479 2333 858 2416 Quumergopronuntiat,
877 2344 937 2392 tem
961 2332 1104 2392 lumfore
1124 2329 1225 2391 locum
1236 2352 1301 2412 pae-
1370 2370 1371 2392 t

140 2409 264 2470 cationis
285 2411 422 2471 om'nihus
442 2408 590 2492 gentihus,
632 2405 734 2469 erindc
753 2409 832 2470 valet
852 2409 924 2470 haee
940 2354 1079 2490 loquutio
1097 2408 1158 2467 acsi
1179 2408 1304 2482 dixisset,

139 2494 301 2570 gentes*ag
323 2483 466 2568 regendas
488 2505 550 2546 esse
569 2487 600 2544 in
649 2485 782 2546 eclesiam
797 2485 867 2562 Dei,
886 2497 921 2548 ut
938 2505 999 2546 uno
1012 2503 1073 2562 ,ore
1091 2505 1198 2544 verum
1207 2485 1303 2545 Deum

138 2583 197 2622 una
218 2585 283 2623 cum
302 2507 369 2624 luis
389 2561 527 2622 Abrahae
547 2561 699 2626 invocent
738 2563 799 2626 Sed
819 2563 887 2641 quia
906 2549 1011 2654 dempli
1028 2561 1180 2636 meminit,
1202 2573 1304 2641 quate-
1370 2575 1371 2628 ἲ

27 2637 31 2648 “
139 2659 194 2700 nus
212 2640 334 2700 visibilis
354 2651 426 2698 tunc
446 2650 509 2698 erat
527 2639 643 2721 pietatis
664 2639 758 2714 sedes,
777 2637 884 2699 merito
905 2639 1037 2700 Christus
1058 2637 1176 2698 Iudaeis
1198 2658 1303 2719 enpro-

138 2715 206 2776 brat
225 2717 256 2776 in
276 2716 387 2777 alienos
408 2735 485 2791 usus,
505 2723 591 2798 qu'am
612 2715 717 2796 quibus
737 2716 958 2791 dicatum'erat,
978 2713 1014 2774 ab
1034 2714 1105 2795 ipsis
1118 2735 1183 2774 esse
1200 2715 1303 2792 trado·
1370 2719 1371 2722 ’

139 2803 228 2852 ctum.
267 2791 375 2852 Sensus
396 2811 477 2874 ergo
490 2803 548 2852 est:
568 2791 711 2873 templum
730 2792 788 2852 hoc
807 2791 890 2852 Deus
915 2793 1055 2854 haetenus
1075 2801 1191 2852 exstare
1211 2792 1304 2850 voluit

137 2880 278 2958 tanquam
297 2867 424 2950 signum,
443 2888 504 3002 quo
523 2868 630 2930 intenti
650 2880 747 2930 esseut
767 2889 868 2930 omnes
884 2867 944 2928 cius
956 2868 1093 2928 cultores.
1125 2867 1226 2942 Quam
1247 2868 1303 2950 igi-
1370 2949 1371 2952 Ἰ

137 2957 187 3010 tur
205 2943 327 3025 indigue
347 2955 377 3003 et
396 2965 444 3004 sce
458 2957 519 3005 este
537 2945 570 3006 in
589 2945 748 3026 profanum
773 2946 871 3008 lorum
901 2944 1103 3005 convertitur?
1142 2943 1304 3004 Caeteru-
1370 2953 1371 2972 ¹

140 3019 251 3095 Christi
271 3027 366 3080 aetate
385 3041 455 3081 vere
474 3021 616 3102 templum
635 3020 707 3082 illud
728 3021 914 3092 domuserat
932 3021 1123 3101 precationis,
1143 3041 1233 3100 quam
1254 3022 1303 3080 diu

138 3096 252 3160 scilicet
270 3097 364 3179 viguit
382 3097 442 3157 Lex
463 3117 528 3158 cum
548 3098 604 3156 suis
620 3097 752 3160 umbris:
771 3099 872 3180 coepit
891 3109 987 3166 autem
1006 3096 1145 3162 ,omuibus
1160 3097 1304 3189 gentibus

138 3191 201 3233 esse
212 3173 314 3234 domus
329 3174 520 3265 precationis,
540 3195 627 3252 quum
642 3175 711 3235 inde
729 3175 884 3255 personuit
902 3173 1057 3256 Evangelii
1077 3175 1227 3248 doctrina,
1247 3195 1305 3253 qua

136 3260 217 3310 totus
238 3251 317 3311 orbis
336 3273 367 3310 ιιι
386 3251 456 3310 lidei
467 3269 642 3312 consensum
656 3251 774 3311 coaluit
804 3253 843 3311 Et
864 3271 1028 3331 quanquam
1042 3249 1131 3330 paulo
1145 3261 1218 3330 post
1234 3251 1304 3310 lun-

27 3379 39 3388 ,
138 3326 213 3388 ditus
233 3347 364 3388 eversum
385 3340 439 3400 est,
458 3327 553 3386 adhuc
571 3338 670 3389 tamen
691 3327 779 3388 bodie
796 3339 920 3408 apparet
930 3329 1014 3388 huius
1025 3327 1206 3419 prophetiae
1227 3327 1303 3387 else-

138 3415 215 3468 ctus:
235 3426 302 3466 nam
323 3403 446 3484 quiade
467 3403 542 3462 Sion
562 3405 651 3464 exivit
670 3403 741 3480 Lex,
764 3425 885 3465 necesse
911 3416 954 3464 est
974 3405 1010 3466 ad
1030 3404 1102 3464 rllutl
1123 3404 1303 3486 principitmr
1370 3461 1371 3476 ,

136 3480 297 3562 respicere,
317 3481 484 3561 quicunque
504 3480 561 3540 rite
603 3481 824 3544 r'ecarivolunt.
855 3481 965 3540 Fateor
975 3481 1095 3571 quidem
1111 3479 1226 3540 nullutn
1238 3501 1303 3539 esse
1370 3479 1371 3552 J

138 3557 272 3622 locorum
293 3558 460 3628 discrimen,
480 3557 546 3636 quia
567 3503 678 3640 ubique
697 3557 761 3619 vult
770 3558 1071 3618 invocariDomrnus:
1092 3557 1146 3618 sed
1159 3557 1298 3638 quemad-

138 3633 257 3696 modum
279 3634 415 3696 dicuntur
433 3633 534 3724 lingua
555 3634 676 3696 Cauaan
695 3635 726 3695 lo
750 3635 779 3694 ui
798 3635 914 3710 lideles,
940 3633 989 3714 qui
1006 3633 1107 3694 llleum
1134 3633 1245 3692 Israelis
1265 3652 1300 3692 se

139 3711 238 3773 colere
258 3711 450 3792 profitentur,
479 3722 521 3771 sta
546 3723 577 3772 et
599 3713 630 3772 in
654 3655 796 3794 templum
811 3711 932 3787 nesure,
952 3711 1019 3790 quia
1039 3711 1109 3770 inde
1129 3709 1213 3770 fluxit
1229 3729 1302 3772 vera
1370 3713 1371 3762 l

138 3788 260 3870 religio:
282 3798 312 3848 et
332 3787 382 3849 illa
402 3791 504 3849 eadem
524 3789 611 3870 origo
633 3789 688 3848 luit
707 3809 857 3868 aquarum,
896 3808 951 3848 uae
977 3787 1059 3851 brevi
1078 3787 1178 3867 spatio
1196 3787 1304 3847 mirum
1370 3829 1371 3845 r

137 3863 167 3922 in
187 3866 306 3926 modum
328 3873 429 3926 auctae
441 3864 521 3948 larga
532 3865 617 3945 copia
629 3865 792 3946 profluunt,
802 3885 842 3926 ac
858 3864 888 3923 b1
912 3875 994 3924 entes
1010 3863 1170 3938 vivificant,
1190 3876 1225 3924 ut
1238 3883 1302 3924 me-

135 3941 667 4021 minitEacchiel(d7‚9.)‚quaeatem
691 3940 1304 4024 loegressaeabortusolisusqueadocca·
1370 3957 1371 3980 t

136 4037 235 4078 sumse
249 4019 429 4094 diffundunt,
440 3963 905 4098 utestaputlZacllariam(ld,8.).
925 4017 1246 4096 Hodiequanquamad
1256 4037 1302 4076 sa·—

31 4128 37 4140 ,
137 4113 203 4152 eros
213 4109 375 4155 conventus
392 4096 523 4178 agendos
539 4095 656 4174 templis
671 4095 789 4168 utimur,
810 4095 922 4154 diversa
937 4103 1035 4152 umen
1047 4104 1091 4152 est
1110 4095 1190 4153 ratio
1198 4117 1212 4185 ι.
1223 4095 1303 4174 quia,
1370 4139 1371 4144 ι

137 4187 172 4228 ex
191 4166 251 4258 qiro
271 4171 414 4238 exhibitus
433 4183 477 4232 est
497 4169 640 4244 Christus,
659 4171 745 4230 nohis
765 4169 1096 4230 externaetumhratilis
1114 4170 1182 4231 eius
1202 4189 1302 4252 imago
1370 4189 1371 4258 ζ

134 4245 254 4304 minime
275 4250 467 4328 proponitur,
487 4248 561 4311 sicut
579 4247 649 4308 olim
671 4247 801 4328 patribus
821 4245 875 4309 sub
895 4249 987 4328 Lege.
1016 4245 1191 4308 Notandum
1235 4265 1302 4306 rae-
1370 4297 1371 4304 ,

138 4331 216 4382 terea
236 4335 295 4399 est,
319 4325 497 4428 precepionis
522 4343 596 4387 voce
620 4335 716 4387 totum
745 4324 805 4386 Dei
829 4319 938 4386 editum
964 4324 1066 4398 notari
1095 4343 1111 4383 a
1136 4323 1221 4404 Prop
1244 4334 1302 4385 eta.
1370 4327 1371 4406 }

350 4537 364 4572 b
