2764 4854
167 247 226 314 36⁰
389 241 505 308 secr.
524 193 617 304 xtx.
644 230 777 304 essuri
795 253 912 304 resero
933 255 976 304 rr
996 255 1095 304 mons.

173 396 332 479 agenerali
352 395 451 458 eximit
469 395 604 458 interitu:
625 397 665 458 ita
677 362 793 476 semper
803 394 941 456 omnibns
953 393 1098 456 humanae
1113 394 1334 458 incredulitatis

69 491 70 496 ’
173 473 330 536 obstaculis
348 472 485 554 superior
503 493 584 534 emer
607 474 629 534 ’t
647 473 708 534 eius
728 471 845 533 veritis.

247 555 296 616 tt.
336 551 423 610 Tm
440 548 582 612 enims
648 546 825 610 Bmttm
862 549 933 609 Non
959 548 1125 628 exprimunt
1150 559 1213 609 tres
1239 550 1337 609 nostri

167 623 389 762 'Evanpelistae
408 627 488 706 quod
507 626 584 718 epqd
603 626 745 739 loannem
765 624 901 715 hahetur,
911 622 1035 714 Pilatum
1056 626 1273 717 conscendisse
1282 627 1335 716 tri-

175 704 254 764 huna
270 745 281 794 2
298 713 332 762 ut
349 701 420 764 rude
438 714 614 764 sententiam
632 704 740 763 ferret.
766 722 834 782 quta
856 712 970 762 unnim
997 703 1184 784 significant,
1208 701 1333 763 lsbrdrne

174 780 329 917 ‘39¹¹th
347 776 473 916 conssrtso
492 778 618 916 tumulttq
636 779 743 840 victum
751 798 837 916 liud,
855 777 1192 915 nt,einttligneogjhpistqpr
1204 779 1334 915 ἓξὲξ

62 923 65 930 ’
175 873 425 1006 iueiihoasibnrisns,
444 875 591 994 ppqangn
609 875 886 1012 idditsniseriodiin
906 875 1145 1011 isiriisenriid
1148 931 1182 990 in
1193 951 1236 992 eo
1257 931 1333 992 dnn-

175 1009 286 1083 nando,
303 1027 391 1144 puem
409 1005 557 1068 insontem
577 1028 638 1068 esse
658 1008 838 1088 pronuntiat.
876 1006 940 1068 Nisi
963 1008 1043 1068 enim
1069 1029 1163 1088 purus
1189 1007 1230 1068 ab
1257 1010 1333 1067 omni

176 1083 284 1153 delicto
318 1083 473 1145 uissetDei
490 1084 593 1159 Filius,
610 1104 673 1145 non
694 1083 826 1146 essetab
846 1083 908 1144 eius
927 1095 1023 1144 morte
1043 1083 1177 1174 expiatio
1190 1085 1333 1164 petenda:

175 1181 289 1222 rursum
307 1161 362 1230 nisi
380 1161 459 1222 vadis
478 1161 599 1221 nomine
618 1160 763 1236 subiisset,
782 1180 868 1240 quam
880 1180 935 1220 nos
954 1161 1111 1240 promereti
1124 1179 1247 1220 cramus
1263 1181 1334 1240 poe-

176 1255 254 1312 nam,
272 1233 351 1297 nun'c
370 1236 503 1316 impliciti
522 1257 648 1298 essemus
666 1237 808 1299 scelerum
820 1249 987 1296 nostrorum
999 1248 1094 1297 reatu.
1132 1237 1250 1296 Filium
1265 1258 1333 1319 ergo

176 1335 259 1374 suunt
278 1312 373 1375 voluit
385 1314 466 1374 Deus
485 1313 613 1376 sollenui
631 1313 691 1374 ritu
710 1312 852 1388 damnari,
872 1325 904 1372 ut
922 1332 977 1374 nos
997 1313 1059 1373 eius
1076 1313 1178 1395 gratie
1198 1313 1332 1374 absolue-

117 1487 122 1504 .
166 1387 1332 1547 t.².¹.·...¹.t⁸t.t.⁰.‘,⁰,tttlt‘..²5:⁰thttmltt’tltttltttltlllt
1376 1479 1377 1484 κ

1106 1509 1117 1540 ἱ

176 1553 345 1603 nostrorum
374 1563 462 1604 sensu
493 1543 696 1605 humiliandos.
735 1543 810 1604 Nam
833 1543 857 1603 si
883 1541 939 1602 rite
963 1541 995 1602 in
1019 1541 1194 1604 meditanda
1227 1541 1332 1604 Christi

175 1629 272 1680 morte
290 1619 437 1711 proficere
456 1620 596 1700 cupimus,
616 1621 685 1680 inde
703 1619 837 1700 incipere
855 1619 957 1693 decet,
970 1628 1008 1698 ut
1027 1627 1084 1699 pro
1105 1639 1231 1699 poenae
1251 1641 1332 1699 qnam

176 1695 313 1756 sustinuit
330 1697 472 1776 gravitate
493 1696 697 1757 exhorreamus
716 1707 818 1758 nostre
837 1706 966 1775 peecata.
986 1695 1031 1754 Ita
1044 1695 1098 1754 het
1114 1706 1226 1756 utnon
1246 1697 1332 1756 modo

176 1789 232 1906 2¹3?
243 1771 351 1908 titt
369 1771 732 1926 ttzt.tt.⁹tl‘trtt.‘l
748 1769 1331 1928 ¹¹5.⁵:53.1d3lt‘t.tlttttt.tt⁰dt

197 1921 240 1978 lus
258 1942 345 2001 quam
364 1921 487 2001 lapideis
507 1923 645 1984 cordibus
664 1943 719 1987 nos
734 1892 807 1986 'esse
826 1935 962 2006 oportet,
985 1923 1043 1985 nisi
1068 1923 1247 1986 uulneribus
1266 1925 1331 1984 lilii

174 1941 234 2056 bet
253 1997 370 2077 penitus
388 1999 560 2074 sauciemur,
578 1999 633 2060 nisi
653 2001 801 2064 oderimus
821 2021 854 2062 ec
874 2001 1052 2062 detestemur
1070 2014 1199 2080 peccata
1223 2014 1330 2075 nosne,

159 2070 281 2152 equibus
301 2073 450 2156 expiandis
469 2085 582 2136 ta'ntnm
623 2097 764 2138 cenerum
784 2075 973 2159 pertulitDei
982 2075 1085 2137 Filius.
1128 2077 1329 2140 Caetctnrnnt

175 2148 223 2210 hic
241 2169 275 2212 se
292 2151 410 2231 profert
428 2151 577 2214 horribilis
596 2097 654 2214 bet
678 2153 821 2231 vindicta,
846 2153 888 2214 sic
907 2174 941 2215 ex
959 2153 1052 2214 altera
1069 2165 1161 2234 parte
1185 2153 1329 2216 uberrima

175 2224 299 2290 fiduciae
315 2226 441 2308 materia,
455 2229 542 2289 nobis
560 2230 754 2311 proponitur:
773 2249 872 2312 neque
892 2229 970 2291 enim
987 2229 1158 2292 timendum
1178 2244 1232 2306 est,
1247 2231 1329 2291 utin

78 2375 82 2385 .
173 2301 234 2362 Dei
252 2303 390 2366 iudicium
408 2304 531 2388 amplius
550 2305 671 2366 veniant
689 2319 810 2387 peccata
828 2317 942 2381 rosus,
960 2325 977 2366 a
994 2305 1101 2386 quibus
1120 2317 1187 2368 tam
1204 2309 1329 2388 pretiosa

172 2377 311 2442 mercede
329 2401 384 2444 nos
403 2381 529 2443 absolvit
547 2380 606 2443 Dei
624 2381 725 2444 Filius.
763 2385 809 2444 Ne
832 2403 869 2444 ue
888 2383 967 2444 enim
984 2381 1101 2466 vulgari
1119 2394 1240 2446 tantum
1252 2406 1330 2446 mor·

174 2455 212 2515 tis
230 2457 327 2536 speeie
354 2457 509 2522 defunctus
534 2471 592 2532 est,
617 2471 650 2519 ut
667 2461 757 2520 vitam
782 2480 823 2521 no
845 2458 869 2520 is
896 2459 1076 2540 acquireret,
1101 2461 1159 2522 sed
1183 2484 1247 2523 una
1270 2483 1330 2524 cun

86 2581 91 2592 .
174 2551 262 2624 cruce
279 2545 410 2596 nostram
425 2536 457 2595 in
475 2555 506 2596 se
526 2533 763 2598 maledictionem
782 2535 920 2617 suscepit,
936 2549 1052 2616 ne‘que
1075 2535 1207 2618 amplius
1227 2538 1259 2600 in
1278 2560 1330 2602 no-

174 2606 219 2669 brs
238 2609 365 2671 resideat
384 2611 589 2674 immundities.
1376 2677 1377 2700 ,

249 2693 296 2753 27.
342 2688 430 2749 Tunc
458 2689 560 2750 utilitas
574 2687 737 2764 praestate
781 2689 863 2750 Haec
896 2688 1076 2770 probrorum
1106 2694 1244 2755 accessio
1274 2715 1329 2754 non
1376 2719 1377 2766 ι

175 2757 281 2823 frustra
301 2775 443 2825 narratur.
465 2766 557 2841 Quod
567 2767 673 2828 Filium
693 2787 777 2827 suum
796 2767 846 2828 uni
870 2766 981 2828 enitum
989 2766 1072 2828 Deus
1092 2766 1235 2831 ludibriis
1245 2791 1330 2831 omne
1376 2767 1377 2788 ¹

197 2857 268 2899 enus
293 2841 442 2920 exposuit,
466 2843 570 2904 scimus
596 2863 658 2904 non
681 2841 825 2904 ludicrum
848 2785 944 2905 iuisse
967 2842 1089 2922 aliquod
1118 2848 1329 2925 spectaculum

173 2857 306 2975 irinum
331 2937 363 2976 er
386 2937 404 2976 o
431 2903 502 2996 quid
525 2919 622 2980 meriti
646 2919 735 2981 simus
755 2919 921 3000 expendere
941 2919 1098 2996 convenit,
1117 2921 1235 2984 deinde
1254 2945 1329 2985 con-

174 2992 338 3072 pensatioa
366 2993 470 3054 ,triste
490 2994 586 3056 ablata
605 2995 637 3056 in
656 2995 767 3057 bonam
784 3016 867 3078 spem
886 2995 1002 3078 erigere
1021 3016 1077 3056 nos
1097 2997 1204 3070 dehet,
1235 3001 1328 3082 Digna

173 3079 219 3128 est
237 3079 338 3130 nostra
357 3067 499 3146 foeditas,
524 3081 610 3162 quant
630 3071 818 3162 abominetur
835 3073 937 3209 Deus&
956 3084 987 3164 et
1006 3072 1106 3155 angeli
1129 3095 1242 3168 omnes
1260 3099 1328 3138 con-

172 3155 439 3312 tttttt't?
454 3148 1214 3304 tltltltt“.t⁰ttttt'¹¹...lttt¹ttttt.tt
1230 3173 1329 3290 “iiii

67 3343 70 3368 ,
175 3297 277 3372 Quare
296 3295 358 3373 rlla,
397 3319 463 3360 uem
482 3301 571 3361 semel
591 3301 622 3361 in
641 3312 720 3361 terra
739 3321 838 3382 pessus
858 3313 913 3376 est,
930 3301 1102 3363 deformitas
1111 3323 1196 3366 nunc
1207 3307 1329 3389 gratiam

172 3375 259 3436 nobis
278 3373 309 3466 in
329 3318 416 3466 eqeio
436 3377 583 3453 conciliat,
603 3389 633 3439 et
651 3377 737 3438 simul
754 3379 897 3440 instaurat
915 3377 1072 3461 imaginem
1080 3379 1155 3454 Dei,
1174 3402 1254 3461 quae
1270 3402 1332 3448 non

171 3452 263 3512 modo
282 3462 434 3542 inquinata
454 3464 518 3514 erat
535 3454 649 3534 peccati
667 3454 815 3532 sordibus,
833 3457 885 3517 sed
904 3455 967 3518 lere
988 3453 1094 3516 deleta.
1113 3455 1197 3518 Hinc
1211 3479 1332 3539 quoqne

172 3526 302 3612 refulget
318 3528 537 3592 tuaestimnbilis
556 3551 627 3613 erge
646 3549 701 3592 nos
719 3531 780 3592 D'ei
798 3531 1015 3604 misericordie,
1039 3532 1121 3613 quod
1141 3535 1331 3616 unigenitum
1376 3603 1377 3610 ἵ

101 3663 108 3672 ,
170 3605 279 3665 Filium
298 3625 382 3666 suum
401 3605 549 3686 hucusque
568 3629 653 3668 causa
673 3621 774 3672 nostra
794 3608 942 3672 deiecerit.
980 3609 1048 3669 Hoc
1068 3607 1250 3670 documento
1271 3613 1330 3670 rui-

172 3702 235 3745 rum
257 3701 327 3765 erga
346 3703 401 3742 nos
420 3705 502 3744 snum
522 3703 650 3745 amorem
670 3683 808 3763 probavit
827 3683 983 3760 Christus,
1001 3685 1083 3764 quod
1104 3686 1216 3746 nullum
1235 3685 1332 3770 igno-
1376 3687 1377 3696 ’

171 3759 280 3820 miniae
299 3780 392 3842 genus
411 3777 467 3839 pro
486 3759 579 3820 salute
597 3773 698 3822 nostra
717 3762 902 3822 recruduerit.
941 3761 1003 3823 Sed
1023 3761 1096 3823 hacc
1112 3763 1332 3843 areanapotius
1376 3773 1377 3822 l

64 3882 67 3898 .
171 3835 468 3928 meditationenquam
481 3835 639 3898 verborum
652 3837 913 3919 ornatnindigent.
950 3837 1245 3913 Docemurinterea,
1265 3862 1331 3901 rar·
1376 3847 1377 3898 3

171 3913 216 3974 nis
234 3933 321 3973 sensu
332 3931 450 3971 mrnrrne
461 3913 670 3973 aestimandum
682 3933 744 3976 esse
755 3912 903 3976 Christum
916 3935 1050 4007 regnum,
1069 3914 1122 3976 sed
1135 3917 1207 3976 hdei
1218 3930 1249 3977 et
1260 3917 1331 3997 Spi-

171 3989 242 4050 ritus
259 3988 379 4049 iudieio.
418 3985 517 4063 Quam
537 3988 586 4048 diu
606 3987 735 4050 enimin
755 3991 866 4052 mundo
884 3989 1043 4052 subsistent
1061 4003 1177 4052 mentes
1197 4005 1332 4066 nostrae,

171 4085 232 4124 non
253 4065 345 4127 modo
365 4063 590 4144 contemptibile
609 4065 696 4128 nobis
714 4064 872 4145 videbitur,
890 4067 941 4128 sed
962 4067 1106 4149 pudendis
1127 4069 1221 4129 etiam
1241 4070 1332 4152 igno-

86 4177 91 4191 .
170 4140 268 4200 miniis
292 4141 447 4202 refertum:
472 4163 572 4202 verum
596 4143 716 4204 simulac
741 4143 798 4204 lide
818 4143 850 4203 in
870 4143 985 4214 coelum
1010 4145 1240 4222 assurrexerint,
1267 4167 1331 4206 non

172 4214 267 4301 splum
287 4230 424 4277 occurret
442 4218 599 4298 spiritualis
618 4220 750 4280 maiestas
764 4219 885 4297 Christi,
905 4242 981 4299 quae
999 4219 1142 4282 obliteret
1156 4211 1249 4284 omine
1260 4244 1331 4282 cru-

172 4310 213 4348 rrs
232 4291 384 4368 probrum,
403 4295 455 4354 sed
474 4307 569 4376 sputa,
589 4295 715 4378 flagella,
734 4295 852 4376 colaphi
872 4307 903 4358 ct
921 4299 977 4358 alia
996 4297 1123 4358 ludibria
1134 4298 1171 4358 ad
1189 4311 1327 4360 contem-
1376 4361 1377 4364 ,

174 4363 310 4440 plaudam
331 4367 392 4428 eius
412 4371 536 4451 gloriam
549 4373 710 4459 deducent:
731 4374 973 4455 quemadmodum
986 4373 1208 4454 docetPaulus,
1228 4377 1329 4438 datum
