2814 4846
144 223 185 288 ns
242 247 244 254 ν
361 170 1093 283 SECT.X111.¹samrortesnraaaanonss.
1192 169 1239 294 ἴ,

144 373 218 436 iecit
236 370 371 436 coelestis
390 373 490 448 Pater,
509 371 683 506 simulatppe
703 369 957 434 aliottransiertur
975 367 1058 444 fidet,
1076 369 1156 430 hunc
1177 367 1207 432 ei
1226 389 1322 431 snum

146 451 294 512 honorem
314 450 389 531 eripi
407 470 526 510 necesse
547 461 600 509 est.
661 469 698 508 oc
719 447 805 507 etiam
825 447 904 506 dieto
925 445 1070 506 refellitur
1090 465 1195 506 eorum
1216 466 1317 522 error,

167 527 198 586 ui
221 538 327 607 putant
351 527 471 588 cariata
495 526 600 587 redimi
620 535 753 604 peccata:
782 523 872 614 louge
898 524 976 582 enirn
1001 522 1091 583 alium
1115 523 1239 584 modum
1265 523 1317 584 hic

146 547 280 664 bhristus
294 603 407 677 definit,
426 605 494 664 dum
509 603 622 663 scilicet
638 601 695 661 fide
713 599 916 678 amplectamur
927 598 1055 659 oblatam
1068 599 1317 661 misericordiam.

145 681 185 750 ln
202 681 304 739 ultima
324 679 460 755 clausula,
479 679 549 740 fidei
567 689 688 738 notatur
705 676 943 756 incomparabilis
954 676 1005 736 ille
1021 675 1142 753 fructus,
1163 697 1252 758 quem
1265 687 1314 736 to·
1398 721 1399 728 .

144 757 201 816 ties
220 755 371 835 Scriptura
391 757 588 830 commendat,
609 755 687 834 quod
707 753 820 814 scilicet
839 752 1026 814 conscientiis
1046 773 1151 833 pacem
1171 754 1262 814 affert
1281 774 1317 814 ac
1398 765 1399 782 ¹

147 832 296 918 gaudium,
316 852 354 892 ne
373 832 578 912 inquietudine
599 845 629 892 ct
647 829 773 892 tumultu
793 829 849 890 huc
868 829 937 889 illuc
957 830 1113 890 iactentur.

229 1045 334 1126 (113.)
363 1044 465 1112 LUC.
487 1045 526 1110 X.
558 1045 611 1110 38.
633 1045 767 1110 Pactum
789 1054 837 1109 est
858 1053 973 1122 autem,
986 1044 1060 1110 dum
1083 1045 1176 1123 irent,
1196 1045 1315 1131 utipse
1398 1041 1399 1044 ’

144 1151 334 1246 intraretsin
356 1147 521 1236 quoddam
544 1147 725 1215 castellnm:
750 1147 873 1214 Mulier
893 1165 972 1214 vero
994 1145 1162 1235 quaedam,
1182 1145 1315 1210 Martha

63 1247 70 1265 ⁸
143 1254 293 1330 nomine,
323 1256 448 1339 excepit
469 1250 560 1316 illurn
583 1253 617 1318 in
639 1252 768 1318 domum
790 1274 888 1318 suam.
930 1251 982 1316 39.
1012 1251 1055 1316 Et
1076 1249 1150 1314 huic
1169 1259 1239 1312 erat
1259 1271 1315 1314 ss-

143 1376 200 1421 ror
226 1358 358 1420 nomine
380 1357 501 1434 Maria,
528 1377 613 1443 quae
635 1359 729 1420 etiam
751 1355 895 1422 assidens
918 1353 960 1420 ad
981 1352 1084 1439 pedes
1106 1355 1179 1418 lesu
1200 1351 1315 1416 audie-

142 1457 200 1525 bat
235 1481 416 1524 sermonem
449 1463 527 1526 eius.
574 1459 626 1524 40.
658 1459 785 1525 Martha
820 1469 925 1526 autem
958 1455 1195 1522 distrahebatur
1227 1456 1324 1547 circa·
1398 1499 1399 1518 .

146 1562 281 1631 multum
301 1564 527 1646 ministerium:
555 1583 639 1650 quae
661 1567 761 1642 stetit,
782 1573 815 1628 ct
836 1566 888 1640 ait,
908 1561 1066 1636 Domine,
1091 1580 1159 1626 non
1183 1569 1232 1623 est
1254 1556 1314 1624 tihi

144 1689 259 1746 corae,
292 1661 382 1753 quod
411 1687 507 1731 soror
526 1687 598 1730 mea
618 1663 752 1752 reliquit
773 1686 839 1744 me,
866 1675 901 1730 ut
927 1665 1000 1731 sola
1025 1661 1226 1728 ministrem?
1259 1663 1313 1729 dic

143 1772 240 1856 igitur
270 1770 315 1848 ei,
342 1776 379 1831 ut
399 1766 611 1832 meedtuvec
653 1769 704 1833 41.
730 1769 773 1834 Et
797 1766 1002 1856 respondens
1029 1765 1111 1832 dixit
1138 1764 1189 1831 illi
1215 1767 1313 1846 lesus,
1398 1765 1399 1768 '

143 1871 285 1948 Martha,
325 1867 471 1949 Martha,
507 1869 647 1937 sollicita
680 1893 729 1950 es,
769 1883 801 1939 et
838 1869 1037 1936 tumultuaris
1077 1874 1163 1935 circa
1203 1869 1312 1936 molta.
1398 1867 1399 1948 ξ

142 1975 195 2039 42.
218 1973 317 2059 Atqui
343 1993 442 2038 unum
456 1983 520 2039 »est
544 1976 776 2056 neceesarium:
809 1975 915 2041 Maria
935 1971 1053 2042 bonam
1075 1984 1201 2060 partem
1223 1975 1312 2042 dele·

143 2079 196 2164 git,
217 2095 301 2164 quae
322 2095 392 2142 non
414 2075 579 2143 auferetur
600 2072 640 2140 ah
664 2095 712 2140 ea

48 2329 53 2354 ι
221 2271 269 2332 38.
307 2263 432 2326 Factam
454 2279 496 2328 est
520 2280 552 2326 ut
569 2269 698 2329 inerma.
748 2267 831 2328 Haec
861 2267 983 2330 historia
1014 2267 1118 2342 docet,
1148 2265 1311 2344 Christum,

143 2363 322 2423 quocunque
342 2343 479 2417 accessit,
496 2364 559 2405 non
579 2342 636 2404 sihi
656 2344 790 2480 privatim
812 2345 900 2406 luisse
921 2344 1060 2418 deditum,
1080 2364 1136 2404 nec
1155 2365 1206 2403 sua
1227 2365 1309 2406 eom-

143 2419 232 2480 moda
251 2421 299 2480 vel
318 2419 444 2480 lautitias
464 2433 605 2499 captasse,
624 2442 654 2482 se

144 2497 315 2576 prodesset,
340 2507 430 2575 utque
455 2517 559 2558 munus
584 2510 742 2578 perageret
766 2497 823 2560 sibi
842 2520 859 2558 a
878 2499 967 2558 Patre
992 2497 1165 2556 iuiunctum.
1202 2497 1311 2557 Narrat

144 2573 224 2634 enim
242 2573 348 2648 Lucas,
369 2594 457 2653 quum
477 2573 663 2653 hospitaliter
683 2586 820 2654 exceptus
840 2587 916 2636 esset
936 2574 1092 2647 ablartha,
1111 2572 1233 2633 simulac
1254 2575 1309 2634 do-

141 2671 221 2710 mum
240 2650 389 2732 ingressus
408 2662 462 2724 est,
482 2650 618 2710 docendo
640 2662 670 2709 et
690 2651 836 2712 hortamlo
857 2671 979 2731 operam
997 2651 1118 2711 dedisse.
1151 2649 1309 2712 Caeterum

166 2727 213 2786 uia
232 2727 361 2806 turpiter
379 2726 427 2786 hic
448 2727 531 2786 locus
551 2727 588 2786 ad
607 2727 722 2792 taudem
742 2728 834 2802 vitae,
857 2739 890 2788 ut
913 2740 1036 2802 vocant,
1062 2727 1309 2807 contemplativae

144 2749 277 2864 detortus
290 2814 343 2874 est,
363 2802 524 2862 eliciendus
544 2803 631 2862 nohis
652 2815 697 2862 est
715 2804 860 2885 genuinus
879 2825 990 2880 sensus,
1008 2803 1086 2862 unde
1104 2814 1214 2882 pateat,
1234 2803 1308 2863 nihil

143 2865 240 2940 niinus
261 2877 382 2938 Christo
403 2878 490 2939 luisse
511 2879 715 2968 propositum,
741 2899 827 2958 quam
852 2881 1010 2960 discipulos
1030 2900 1098 2950 suos
1118 2881 1182 2940 otio
1204 2879 1309 2940 ct'sri-

143 2955 218 3038 gidis
237 2953 488 3034 speculationibus
509 2955 656 3014 addicere.
696 2957 787 3014 Vetus
807 2955 924 3036 quidem
946 2979 1031 3018 error
1050 2969 1110 3032 est,
1134 2956 1310 3038 Angelicarn

143 3033 233 3092 vitam
252 3049 352 3112 agere,
373 3031 423 3108 qui
444 3029 548 3109 procul
568 3031 695 3167 repotiis
714 3032 771 3092 toti
787 3032 817 3092 in
834 3033 1114 3113 contemplationem
1124 3033 1309 3094 incumbunt
1398 3069 1399 3076 .

143 3111 189 3168 Ac
208 3108 345 3168 videntur
358 3106 530 3180 Sorhonici,
550 3127 609 3184 quo
651 3108 704 3173 hac
725 3109 761 3168 de
782 3129 814 3172 re
833 3121 991 3192 nugantur,
1012 3110 1216 3172 exAristotele
1238 3109 1310 3170 hau-

143 3184 228 3258 sisse,
248 3182 299 3262 qui
317 3203 459 3242 summum
480 3183 592 3242 bonurn
612 3196 644 3244 et
661 3184 793 3245 ultimum
814 3185 890 3246 vitae
912 3188 1053 3248 humanae
1074 3187 1162 3246 linem
1183 3187 1213 3246 ia
1236 3207 1310 3246 con-

142 3257 451 3342 templatione'locat‚
478 3279 553 3340 quae
576 3261 736 3322 secundum
762 3283 829 3324 eum
852 3264 967 3323 virtutis
993 3263 1093 3323 iruitio
1113 3275 1166 3323 est.
1206 3262 1309 3337 Quum

83 3397 85 3402 ,
130 3343 214 3399 ‘vero
235 3335 358 3402 ambitio
379 3336 521 3415 quosdam
541 3337 764 3416 impulisset,.ut
782 3361 814 3400 se
835 3361 851 3400 a
870 3341 1019 3401 communi
1034 3340 1112 3402 vitae
1127 3361 1180 3400 usu
1196 3340 1310 3400 suhdu-

143 3425 256 3490 cerent,
274 3413 322 3476 vel
341 3413 453 3473 morosi
473 3413 607 3474 homines
628 3415 659 3474 in
679 3415 869 3476 solitudinem
883 3429 913 3477 ct
931 3418 1024 3478 otium
1041 3437 1072 3478 se
1083 3415 1241 3492 dedissent,
1261 3438 1308 3477 se-

124 3502 233 3571 ,quuta
254 3502 299 3564 est
318 3489 406 3550 etiam
425 3491 498 3551 haec
518 3492 671 3570 superbia,
691 3503 730 3552 ut
754 3514 785 3553 se
810 3493 923 3574 angelis
947 3493 1055 3554 similes
1076 3514 1138 3554 esse
1159 3493 1308 3574 lingerent

142 3568 216 3629 nihil
237 3568 364 3651 agendo.
402 3567 551 3648 Despeeta
572 3569 650 3628 enim
670 3567 706 3633 ab
726 3569 783 3629 illis
803 3571 859 3628 luit
877 3571 969 3630 activa
990 3569 1057 3644 vita,
1077 3591 1139 3630 nou
1152 3568 1310 3634 secusacsi

142 3665 197 3707 nos
217 3665 234 3706 e
254 3645 341 3706 coelo
361 3643 534 3705 retraheret.
573 3645 665 3724 Atqui
684 3645 804 3720 scimus,
829 3647 907 3706 hunc
926 3646 958 3706 in
977 3647 1224 3708 finemconditos
1245 3667 1309 3706 esse

142 3721 287 3798 homines,
306 3733 340 3782 ut
357 3741 390 3782 se
409 3717 560 3782 laboribus
581 3733 746 3798 exerceant,
765 3743 821 3782 nec
840 3722 901 3782 ulla
919 3723 1061 3784 sacrificia
1079 3722 1171 3803 magis
1188 3722 1308 3802 placere

141 3798 220 3875 Deo,
262 3821 327 3860 uam
347 3797 416 3858 dum
437 3798 468 3857 in
487 3819 567 3860 suam
583 3799 705 3878 quisque
716 3799 904 3860 vocatiouem
916 3801 1044 3860 intentus
1056 3800 1168 3860 utiliter
1180 3800 1211 3858 in
1225 3821 1308 3859 com-

696 2421 753 2482 hoc
771 2442 863 2480 unum
883 2422 925 2480 illi
944 2421 1032 2480 fuisse
1045 2420 1183 2494 studium,
1203 2431 1237 2478 ut
1247 2419 1309 2482 aliis
1398 2495 1399 2504 ἵ

60 3882 72 3899 ’
141 3897 231 3938 mune
278 3898 369 3937 onum
394 3873 494 3936 vivere
518 3875 624 3935 studet.
665 3877 762 3949 Quam
787 3897 858 3937 vero
879 3877 983 3938 inscite
1006 3877 1116 3938 Christi
1136 3875 1233 3936 verbis
1254 3875 1309 3935 ab·

96 4013 100 4021 ,
141 3953 186 4013 usi
212 3954 271 4042 sint
294 3953 332 4036 ad
356 3952 543 4032 probandum
562 3973 645 4042 suum
666 3965 879 4042 commentum,
905 3952 992 4014 facile
1017 3974 1052 4013 ex
1075 3951 1201 4043 simplici
1220 3972 1308 4014 sensu

143 4031 264 4108 patebit.
303 4029 426 4090 Mariam
438 4029 531 4089 Lucas
543 4028 614 4087 drcrt
625 4039 738 4090 stetisse
754 4030 792 4089 ad
806 4032 896 4111 pedes
908 4031 989 4090 lesu:
1010 4051 1047 4090 an
1067 4029 1224 4111 significat,
1243 4040 1307 4090 tota

142 4105 201 4164 vita
220 4105 295 4166 nihil
314 4107 393 4165 aliud
413 4105 526 4187 egisse?
557 4103 639 4179 Quin
660 4105 757 4184 potius
777 4107 817 4166 ita
837 4107 981 4167 Dominus
1002 4106 1086 4168 iubet
1105 4118 1240 4186 tempora
1260 4105 1306 4164 di-

141 4181 1397 4320 MMMMMMMMM*

120 4277 474 4418 ‘iirrdiidiliiuetltiribpiiss
494 4281 610 4423 igeddi.
650 4335 746 4398 Stulte
766 4281 996 4420 ergiismodichi
1015 4305 1113 4398 locum
1133 4280 1213 4398 hinc
1232 4334 1307 4395 arri·

220 4507 228 4542 l
