2764 4846
119 285 125 290 '
152 342 157 351 ,
194 297 275 346 mr
534 283 536 286 ’
632 280 900 356 ,10.cntv11t1

201 483 221 516 „
244 457 330 500 essue.
370 435 432 500 Sed
449 435 597 496 Dominus
618 437 667 498 ille
686 437 768 500 Deus
788 427 891 508 noster
909 457 973 513 me,
995 459 1057 514 me,
1077 439 1213 520 inquam,
1236 453 1373 504 natura

200 461 408 594 „ddico'quod
426 532 472 572 res
493 507 552 592 esi)
583 513 702 576 minime
723 517 878 575 audentem
904 517 945 575 ita
964 515 1167 590 confirmavit,
1191 529 1227 579 ut
1254 520 1372 592 nullis

201 592 338 670 „illorum
359 588 512 650 conatibus
533 589 677 652 cesserim.
717 593 881 675 Argentina
896 604 998 672 postea
1019 592 1075 654 huc
1095 594 1181 668 redii,
1201 599 1370 657 vocatio-

199 691 288 746 „nem
309 669 384 726 hanc
404 665 496 726 invito
518 667 615 728 animo
636 681 790 748 sequutus,
811 671 892 748 quod
912 669 1093 730 infructuosa
1114 671 1185 730 mihi
1206 671 1281 734 sore
1303 675 1379 733 vi-t

199 747 349 823 „deretun
398 743 578 824 Ignorabam
613 745 706 820 enim,
744 746 814 826 quid
849 745 994 806 statuisset
1027 745 1191 822 Dominus,
1231 761 1265 809 et
1302 773 1367 812 res

146 825 152 847 ¹
199 833 286 898 „erat
312 819 502 911 plurimarum
534 821 778 900 maximarumque
809 822 1012 883 difficultatum
1039 822 1135 914 plena.
1182 825 1244 886 Sed
1274 848 1366 907 per·

200 943 219 978 „
244 919 294 958 ens
314 917 345 954 rn
365 896 423 957 hoc
450 917 544 976 opere
562 899 639 959 sensi
659 899 777 964 tandem
802 921 836 960 re
857 899 934 980 ipsa,
965 899 1127 960 Dominum
1152 900 1252 962 labori
1277 925 1364 964 meo

199 920 412 1053 „denedixisse
452 973 585 1035 Perstate
605 975 695 1058 igitur
715 987 744 1035 et
763 997 815 1036 vos
840 976 871 1035 in
894 976 948 1037 hac
967 977 1141 1051 vocatione,
1173 978 1362 1040 institutum

200 1050 357 1128 „ordinem
382 1050 525 1126 retinete,
555 1053 621 1111 date
647 1051 732 1112 simul
757 1073 895 1132 operam,
927 1065 960 1111 ut
984 1052 1111 1144 populus
1139 1053 1169 1114 in
1192 1055 1360 1135 obsequio

200 1127 376 1204 „doctrinae
396 1127 592 1188 contineatur.
632 1127 709 1190 Sunt
729 1130 807 1189 enim
826 1129 963 1189 nonnulli
984 1129 1112 1209 improbi
1134 1141 1164 1190 et
1183 1145 1361 1193 contuma-

200 1225 280 1282 „ces
318 1204 389 1278 Res',
408 1216 442 1263 ut
460 1203 575 1279 videtis,
594 1199 657 1264 noir
678 1205 753 1266 male
773 1217 842 1265 sunt
852 1207 1040 1266 constitutae:
1062 1227 1121 1286 quo
1134 1207 1227 1290 magis
1240 1230 1360 1269 corana

198 1281 288 1357 „Deo
308 1292 454 1341 nocentes
475 1281 565 1354 eritis,
585 1280 609 1341 si
628 1293 723 1342 vestra
744 1281 860 1364 ignavia
880 1281 1104 1345 labefactentur.
1133 1283 1244 1344 Testor
1257 1307 1360 1361 vero,

199 1379 268 1434 „me
288 1355 458 1431 vobiscum,
490 1357 596 1418 fratres
640 1375 709 1418 vera
729 1359 902 1438 sinceraque
927 1359 1047 1420 caritate
1068 1360 1358 1422 coniunctissimum

201 1434 341 1511 „uixisse,
372 1445 403 1493 et
428 1455 509 1493 nunc
529 1455 544 1494 a
564 1401 649 1495 rolris
675 1435 834 1496 discedere.
875 1433 993 1510 Quodsi
1018 1436 1136 1515 quando
1162 1437 1264 1498 mein
1288 1440 1358 1500 hoc

200 1509 329 1588 „morbo
350 1513 546 1570 morosiorem
568 1510 636 1570 estis
657 1531 689 1570 es
712 1512 785 1586 erti‚
803 1511 920 1572 veniam
940 1533 956 1571 a
975 1511 1060 1572 robis
1081 1525 1162 1592 peto,
1183 1523 1213 1574 et
1231 1515 1356 1606 ingen-

199 1597 265 1665 „tcs
284 1586 369 1646 vobis
389 1587 498 1680 gratias
518 1606 592 1668 ago,
616 1532 709 1666 quod
720 1599 895 1670 aegrotante
915 1609 962 1648 me
984 1609 1057 1648 onus
1078 1589 1149 1648 mihi
1170 1589 1355 1671 impositum

200 1663 445 1742 „sustinueritss‘l
486 1663 568 1722 Haec
579 1662 717 1743 loquutus
731 1666 860 1724 dextram
871 1665 992 1746 singulis
1003 1666 1145 1745 porrexit.
1177 1667 1241 1728 Nos
1257 1691 1355 1729 moe-

202 1739 333 1800 stissimis
362 1739 481 1814 animis,
520 1761 554 1798 ae
578 1739 699 1800 minime
724 1741 808 1802 siccis
834 1740 925 1801 oculis
952 1740 988 1801 ab
1010 1761 1046 1802 eo
1067 1754 1129 1802 tum
1148 1743 1354 1808 discessimus.

201 1815 243 1874 ΙΙ.
270 1813 342 1876 Maii
368 1837 457 1894 quum
483 1833 518 1876 cx
535 1816 645 1878 Fareili
672 1815 763 1878 literis
787 1817 976 1900 cognovisset
1005 1817 1140 1896 (Viretus
1170 1821 1248 1880 enim
1275 1823 1354 1882 lon-

206 1891 271 1974 gius
293 1891 425 1971 aberat),
454 1891 586 1952 statuisse
606 1892 689 1952 illum
708 1893 766 1954 iam
787 1895 1028 1976 octuagenarium
1048 1907 1079 1955 et
1098 1894 1353 1960 valetudinarium

200 1988 302 2046 senem
322 1969 379 2028 iter
399 1968 435 2028 ad
455 1989 486 2029 se
499 1967 626 2052 ingredi,
645 1971 687 2030 sic
708 1969 737 2030 ei
755 1969 845 2030 latine
865 1971 1031 2052 rescripsit:
1051 1971 1157 2048 „Vale
1176 1974 1217 2032 mi
1228 1977 1353 2054 optime

201 2057 254 2121 „et
272 2045 467 2127 integerrime·
483 2045 585 2122 freter,
606 2057 636 2106 et
656 2047 775 2128 quando
794 2060 825 2108 te
836 2047 919 2107 Deus
938 2049 1126 2140 superstitem
1145 2071 1265 2110 manere
1280 2053 1353 2112 vult

202 2123 255 2198 „in
274 2122 401 2196 mundo,
426 2123 492 2183 vive
511 2143 626 2185 memor
646 2136 764 2185 nostrae
786 2125 1021 2200 coniunctionis,
1042 2147 1117 2206 quae
1137 2139 1171 2185 ut
1189 2127 1350 2190 Ecclesiae

202 2198 283 2276 „Dei
302 2198 359 2258 fuit
377 2197 466 2276 utilis,
488 2199 528 2259 ita
548 2221 603 2261 nos
625 2201 686 2262 eius
707 2202 818 2262 irrtctus
838 2202 873 2262 in*
889 2201 975 2260 coelo
996 2214 1105 2262 manet.
1143 2202 1224 2263 Nolo
1244 2215 1276 2264 te
1298 2205 1350 2264 fa-

203 2276 301 2360 „tiges
321 2297 386 2336 mea
407 2297 500 2337 causa.
539 2277 639 2360 Aegre
653 2279 788 2358 spiritum
800 2279 899 2351 traho,
919 2289 950 2337 et
969 2279 1082 2339 assidue
1103 2291 1250 2359 exspecto,
1272 2281 1349 2342 dum

204 2375 272 2430 „me
303 2353 448 2416 anhelitus
474 2353 597 2415 deficiat.
648 2355 725 2416 Satis
751 2367 795 2418 est
820 2355 899 2436 quod
921 2352 1046 2436 ,christo
1070 2355 1138 2416 vivo
1165 2367 1196 2416 ct
1218 2359 1351 2433 morior,

182 2475 224 2510 ‚„
246 2432 277 2490 ui
297 2431 355 2491 suis
374 2431 488 2494 lucrum
510 2444 554 2492 cst
579 2432 608 2490 in
629 2433 689 2492 rita
710 2443 740 2491 et
755 2444 861 2492 morte.
900 2432 1010 2490 Iterum
1031 2431 1095 2492 vale
1109 2455 1174 2493 cum
1195 2432 1349 2496 fratribus.

192 2553 225 2588 ⁸„
260 2529 370 2570 encvae
386 2497 429 2576 11.
450 2508 522 2569 Maii
542 2507 733 2569 MDLXIV.“
772 2509 865 2569 Venit
882 2519 981 2568 tamen
1003 2507 1155 2569 Genevam
1176 2508 1271 2569 bonus
1292 2510 1349 2572 ille

128 2616 130 2622 v
199 2607 308 2662 ‘senem
329 2597 360 2646 et
399 2607 467 2646 uum
487 2607 545 2664 upa
565 2586 645 2646 inter
664 2605 695 2645 se
715 2586 830 2668 loquuti
851 2598 966 2660 esseut,
996 2585 1138 2666 postridie
1158 2585 1348 2647 Neocomum

204 2665 302 2726 rediit.
341 2607 484 2744 Reiiquos
512 2663 548 2722 ad
577 2661 691 2723 obitum
711 2684 802 2744 usque
823 2663 884 2722 dies
903 2663 934 2721 in
955 2663 1106 2742 perpetuis
1127 2683 1221 2742 paene
1239 2666 1345 2744 preci-

204 2741 259 2801 bus
281 2741 471 2820 consumpsit,
491 2759 565 2800 voce
587 2741 704 2818 quidem
716 2751 840 2820 propter
859 2738 968 2798 asthma
989 2739 1158 2818 suspiriosa,
1177 2739 1228 2800 sed
1249 2741 1347 2800 oculis

166 2852 174 2866 ·
206 2817 307 2908 quales
328 2817 365 2876 ad
383 2828 542 2882 extremum
562 2837 595 2874 us
617 2837 654 2876 ue
676 2816 753 2876 clare
772 2817 913 2877 micantes
933 2814 1037 2874 babuit
1056 2815 1087 2874 in
1108 2815 1223 2876 coelum
1243 2816 1347 2877 subla-

205 2905 253 2968 trs,
274 2893 362 2953 etita
383 2892 548 2972 composito
568 2837 662 2967 wiltu,
681 2905 715 2952 ut
733 2913 796 2954 sese
809 2891 955 2973 precantis
969 2890 1058 2951 ardor
1076 2903 1173 2952 totum
1193 2895 1348 2972 proderet,
1378 2947 1379 2954 ,

205 2990 255 3030 sae
279 2990 295 3029 e
322 2967 444 3028 Daridis
476 2967 548 3028 illud
577 2969 761 3050 ingeminans
791 2970 823 3028 in
854 2967 1024 3041 doloribus,
1063 2969 1175 3042 Tame,
1207 2969 1347 3047 Donatus,

205 3067 276 3128 quo
287 3047 409 3128 fecisti,
443 3055 474 3103 et
500 3045 648 3106 interdum
673 3045 745 3106 illud
770 3045 901 3128 Iesaiae²
930 3043 1084 3107 Gmedom
1107 3051 1180 3106 sicta
1203 3045 1344 3109 colatoria.

207 3123 316 3184 Audiui
346 3141 466 3220 quopue
538 3143 587 3184 um
615 3119 742 3197 diceret,
782 3124 833 3183 To
861 3143 906 3181 mo
935 3125 1073 3199 conteis,
1110 3121 1253 3200 Domine,
1292 3125 1350 3184 scol

207 3199 321 3261 monde
350 3195 421 3258 udde
449 3219 483 3258 su
494 3200 580 3277 ficit,
618 3198 698 3279 quod
723 3214 774 3259 tren
803 3197 874 3262 doec
903 3203 941 3259 sit
968 3221 1081 3259 munau.
1130 3199 1235 3261 Patere
1265 3201 1344 3261 diem

207 3287 240 3338 et
264 3287 383 3336 noctem
410 3275 500 3366 ipsius
529 3275 610 3336 iores
643 3277 838 3358 oportuisset,
877 3275 901 3336 si
933 3275 1049 3335 admissi
1079 3275 1215 3351 fuissent,
1254 3291 1343 3357 quot-

210 3373 327 3432 cunque
348 3351 441 3412 oificti
461 3373 546 3412 causa
571 3351 653 3412 illum
675 3353 756 3414 adire
781 3351 956 3433 cupiebant,
989 3372 1063 3432 quos
1084 3371 1173 3432 quum
1193 3373 1279 3426 voce,
1311 3369 1343 3415 ut

207 3430 346 3504 diximus,
377 3428 549 3508 praepedita
569 3429 747 3519 compellare
768 3428 799 3489 sie
819 3449 881 3489 non
902 3449 988 3508 posse
1008 3417 1139 3503 viderel,
1169 3428 1291 3508 petierat
1310 3444 1344 3490 ut

208 3507 408 3587 unusquisque
436 3503 535 3586 potius
561 3525 617 3584 pro
644 3527 709 3586 rpso
738 3517 924 3588 precaretur,
965 3525 1050 3583 quam
1077 3505 1112 3564 de
1134 3525 1170 3564 eo
1191 3501 1341 3568 ilavisendo

208 3583 388 3652 laboraret„
410 3581 467 3642 Sae
491 3601 507 3640 e
529 3601 648 3661 quoque
667 3583 749 3658 mihi,
769 3582 848 3643 cuius
862 3595 1052 3662 conspectum
1061 3580 1175 3672 ,alioqui
1196 3603 1341 3662 nunquam

208 3661 401 3720 iniucundum
421 3658 449 3717 ei
469 3602 634 3722 inissesum
648 3671 792 3740 expertus,
810 3657 996 3742 significavit
1016 3656 1071 3717 sibi
1081 3657 1255 3794 relrpiouem
1270 3680 1342 3736 esse,

209 3737 257 3800 vei
277 3735 424 3798 tantillum
446 3734 657 3813 occupationes
677 3758 755 3798 meas
776 3735 934 3796 remorari:
965 3735 1039 3794 adeo
1061 3733 1115 3794 fuit
1133 3758 1143 3794 r
1158 3733 1185 3793 le
1204 3737 1340 3814 temporis

209 3835 331 3896 parcus,
352 3812 433 3894 quod
454 3811 594 3872 eeclesiae
613 3811 744 3894 impendi
764 3814 866 3887 sciret,
897 3811 977 3872 etin
998 3831 1035 3871 eo
1055 3811 1120 3890 plus
1141 3810 1229 3871 etiam
1247 3831 1339 3892 aequo

140 3908 145 3925 ¹
210 3891 381 3972 religiosus,
407 3907 445 3948 ne
466 3887 575 3947 amicos
599 3889 646 3949 vel
668 3889 813 3950 tantillum
871 3898 979 3948 averet.
1025 3887 1069 3948 Ita
1089 3887 1182 3970 igitur
1200 3907 1229 3947 se
1249 3887 1339 3968 ipsum

213 3977 244 4026 et
262 3967 372 4034 amieos
391 3963 549 4025 consolans
570 3963 640 4024 vixit
658 3987 750 4046 usque
770 3967 808 4027 ad
826 3909 906 4025 iiix.
926 3963 1013 4039 Maii,
1043 3985 1103 4044 quo
1124 3963 1172 4024 die
1194 3984 1338 4026 censuram

107 4044 111 4054 '
211 4043 290 4102 inter
316 4062 370 4101 nos
391 4042 542 4101 Ministros
568 4061 719 4118 exercere,
759 4054 789 4102 et
808 4064 865 4103 una
891 4040 988 4101 cibum
1010 4061 1115 4121 capere
1137 4039 1275 4102 amicitiae
1292 4053 1337 4102 te-

213 4117 333 4179 standae
367 4139 450 4178 causa
479 4117 699 4194 consuevimus,
739 4119 828 4179 biduo
855 4127 924 4199 post
946 4117 1084 4177 videlicet
1106 4117 1279 4177 Pentecoste
1308 4132 1338 4178 et

213 4193 317 4254 Coena
338 4193 462 4253 Domini
487 4194 676 4272 sequuturisa
711 4197 757 4255 Eo
785 4197 832 4256 die
858 4215 946 4276 quum
972 4193 1058 4254 nohis
1078 4193 1278 4268 concessisset,
1306 4209 1338 4254 ut

108 4332 110 4341 ,
213 4271 290 4351 apud
311 4271 405 4352 ipsum
432 4289 525 4330 coena
550 4273 712 4332 communis
739 4272 948 4347 instrueretur,
987 4282 1017 4328 et
1037 4291 1052 4330 e
1073 4269 1183 4330 lectulo
1215 4269 1336 4332 collectis

211 4337 363 4429 utiunque
386 4345 496 4408 viribus
520 4347 551 4406 in
576 4348 740 4425 proximum
767 4349 906 4409 conclave
932 4356 1009 4405 esset
1034 4346 1165 4421 delutus,
1204 4345 1335 4422 „Postre-

212 4445 322 4502 „mrun,
341 4423 479 4504 inquit,
500 4422 608 4486 advos
628 4427 749 4504 accedo,
769 4426 882 4499 iratres,
902 4441 1050 4512 nunquam
1063 4421 1185 4503 posthac
1205 4424 1239 4500 ad
1256 4443 1334 4484 men-
