2768 4834
629 209 784 276 suerro
805 213 873 306 vr„

171 349 316 456 proximo
335 369 469 432 membro
496 368 683 429 commendat
709 369 770 428 eius
796 363 970 460 potentiam.
1010 367 1089 440 ,Nam
1115 385 1203 446 quum
1225 365 1318 426 Scri-

172 462 257 530 ptura
268 448 365 509 Deum
385 449 416 507 in
438 443 525 506 coelo
546 466 608 508 esse
630 445 710 520 dicit,
731 465 831 505 omma
851 444 970 504 subesse
991 443 1200 534 eiusimperio,
1220 463 1318 502 mun-

174 529 241 588 dum
274 537 305 584 et
348 523 469 602 uicquid
494 522 525 581 in
550 541 587 582 eo
613 533 658 581 est
681 541 771 580 manu
796 521 857 581 eius
884 521 1049 592 contineri,
1080 531 1219 580 virtutem
1247 519 1320 580 eius

173 602 285 662 ubine
316 545 477 673 'diffusam
523 598 711 680 providentia
751 598 812 658 eius
852 609 957 658 cuncta
993 597 1123 658 ordinari
1152 596 1318 680 significat.

172 623 250 738 Psoi.
269 685 306 754 2,
329 685 357 742 d.
382 677 455 736 dicit
477 674 589 750 David,
620 674 778 734 llabitator
803 673 954 734 coelorum
981 673 1117 733 irridebit
1140 693 1207 733 eos:
1239 673 1320 732 item

173 755 384 829 Ps'aln10115,
408 759 452 826 3.,
480 751 562 812 Deus
582 761 684 812 noster
704 753 734 808 in
755 747 858 824 coelo,
884 769 1076 840 quaecunque
1095 746 1205 824 voluit,
1230 749 1320 809 lecit.

177 828 333 892 Caeterum
357 829 485 890 nonita
505 827 621 888 locatur
641 828 671 886 in
692 826 779 886 coelo
788 827 897 897 *Deus,
928 827 1008 905 quasi
1029 827 1089 886 :llic
1110 827 1147 886 sit
1165 821 1320 886 incllrsus:

196 907 273 967 otius
300 907 378 970 enim
404 905 563 964 tenendum
590 915 634 965 est
659 901 836 983 quodalibi
863 903 973 962 dicitur
995 903 1056 980 (II.
1076 901 1172 962 Paral.
1192 909 1226 976 2,
1253 903 1323 980 6.),

174 929 466 1054 lloelos'coelorum
491 1001 556 1041 eum
583 988 645 1039 nod
673 999 788 1058 capere.
833 979 894 1038 Sed
921 979 992 1040 lsaec
1013 979 1126 1040 locutio
1147 978 1184 1038 ab
1206 979 1323 1040 ordine

175 1060 373 1120 creaturarum
394 1077 460 1118 eum
482 1057 609 1118 eximens
629 1055 703 1115 nihil
723 1055 833 1116 humile
853 1055 899 1115 vel
919 1067 1085 1130 terrenum,
1115 1054 1167 1114 ubi
1188 1055 1226 1116 de
1248 1055 1322 1136 ipso

175 1137 288 1220 agitur,
307 1137 409 1196 venire
427 1135 460 1194 in
479 1145 608 1194 mentem
629 1131 739 1197 debere
760 1133 914 1206 admonet,
938 1133 1005 1212 quia
1027 1131 1171 1192 excelsior
1188 1131 1227 1190 sit
1246 1143 1322 1192 toto

85 1259 88 1267 r
174 1214 295 1273 mundo.
318 1213 428 1276 ‚Nunc
453 1223 586 1274 tenemus
612 1205 723 1270 Cbristi
748 1209 918 1286 consilium,
949 1229 1056 1299 nempe
1082 1208 1163 1292 quod
1188 1209 1221 1266 in
1247 1208 1321 1288 ipso

175 1287 321 1369 precandi
343 1288 482 1364 exordio,
515 1307 635 1346 suorum
660 1284 795 1345 fiduciam
821 1285 852 1344 in
877 1285 937 1344 Dei
963 1285 1103 1345 bonrtate'
1122 1297 1154 1344 et
1178 1285 1322 1364 potentia

174 1363 318 1426 stabilire*
331 1364 476 1438 voluerit,
499 1363 574 1443 ‚quia
600 1361 656 1434 nisi
677 1361 707 1422 in
728 1361 786 1422 fide
806 1361 944 1422 fundatae
963 1373 1032 1420 sunt
1052 1380 1153 1442 preces
1174 1361 1320 1440 proiectu

178 1441 330 1500 carebunt.
363 1443 431 1502 'Iam
452 1461 541 1520 quum
560 1439 767 1513 stultae,‘imo
789 1439 908 1498 insanae
929 1439 1116 1520 arrogantiae
1136 1437 1190 1512 sit,
1215 1437 1320 1498 Deum

177 1517 317 1578 invocare
330 1518 471 1592 Patrem,
498 1515 553 1575 nisi
575 1527 717 1606 quatenus
738 1515 767 1574 in
789 1514 900 1576 Christi
921 1533 1049 1595 corpure
1070 1514 1149 1574 insiti
1170 1534 1228 1594 pro
1250 1513 1323 1574 liliis

177 1584 382 1675 aguos'cinru'r,
397 1589 495 1652 “hinc'
515 1591 696 1684 colligimus,
727 1612 788 1650 non
814 1591 903 1650 alium
928 1611 991 1652 esse
1013 1591 1158 1670 *precandi
1183 1591 1324 1666 modum,

179 1692 266 1750 quam
287 1669 338 1729 ubi
349 1669 516 1729 Mediatore
537 1667 605 1728 sretr
626 1670 662 1728 ad
673 1669 771 1730 Deum
790 1667 964 1728 accedimus.
997 1667 1324 1748 Snumsscmrm

178 1757 267 1805 tm.
298 1746 356 1808 llic
377 1745 482 1804 clarius
502 1757 626 1824 apparet
645 1745 725 1824 quod
747 1743 814 1817 dixi,
835 1744 865 1802 in
884 1743 978 1804 tribus
1019 1745 1100 1804 rimis
1119 1743 1323 1824 petitionibus

179 1821 352 1903 posthabito
382 1821 476 1881 nos'tri
506 1841 552 1880 res
577 1831 643 1880 ectu
674 1819 871 1900 quaerendam
902 1835 964 1880 esse
989 1763 1047 1880 Ilei
1073 1821 1214 1903 gloriam:
1255 1841 1322 1879 non

181 1897 261 1978 quod
281 1909 412 1978 separata
427 1898 470 1956 sit
489 1918 505 1957 a
525 1841 618 1958 salute
632 1907 755 1969 nostra,
784 1897 835 1955 sed
897 1897 936 1957 od
955 1910 1087 1958 meretur
1104 1895 1163 1958 Ilei
1182 1895 1323 1956 maiestas

181 1975 318 2034 omnibus
341 1973 406 2033 ‘aliis
432 1975 508 2035 curis
533 1973 585 2032 lon
609 1995 625 2033 e
650 1972 803 2052 praeferri.
879 1973 989 2034 alutare
1016 1986 1060 2034 est
1084 1973 1187 2046 nobis,
1218 1973 1323 2032 Deum

179 2055 305 2134 regnare
325 2055 467 2130 suumque
486 2050 529 2109 illi
549 1993 640 2110 tribui
659 2051 822 2124 bonorem,
841 2051 894 2109 sed
914 2070 1003 2109 nemo
1023 2051 1091 2110 satis
1111 2069 1221 2131 magno
1243 2049 1324 2108 divi-

178 2147 236 2187 nae
261 2123 374 2210 gloriae
401 2127 548 2187 desiderio
574 2127 695 2217 flagrat,
733 2125 789 2184 nisi
814 2126 866 2204 qui
890 2125 935 2188 sui
960 2125 1179 2204 quodammodo
1207 2123 1325 2186 oblitus

181 2203 218 2262 acl
245 2204 441 2284 quaerendam
470 2203 545 2262 illius
570 2202 756 2262 altitudinem
782 2221 845 2262 sese
871 2202 990 2262 attollit.
1033 2203 1131 2264 Porro
1152 2201 1232 2261 inter
1252 2200 1326 2262 istas

181 2292 241 2340 tres
257 2280 422 2371 petitiones
440 2299 547 2364 magua
567 2289 612 2338 est
629 2277 756 2338 allinitas
776 2289 807 2337 et
824 2279 1000 2339 similitudo:
1025 2277 1218 2340 sanctificatio
1240 2279 1325 2338 enim

182 2357 312 2418 nomrnis
329 2357 396 2417 ⁴Dei
424 2377 489 2415 cum
509 2355 571 2416 eius
592 2374 688 2438 regno
708 2370 824 2435 semper
844 2356 1002 2416 coniuncta
1023 2368 1082 2430 est,
1111 2368 1140 2416 et
1159 2355 1325 2436 praecipua

183 2425 321 2494 eiusdem'
334 2433 420 2515 regni
432 2453 507 2568 pars
528 2431 559 2491 in
581 2433 638 2492 hoc
658 2431 712 2491 sita
733 2433 793 2505 e‘st,
818 2444 852 2490 ut
870 2433 921 2490 liat
940 2433 1002 2492 eius
1022 2432 1166 2493 voluntas.
1207 2432 1325 2491 Verum

184 2509 314 2592 quisquis
326 2528 428 2590 ‘espen
452 2519 496 2584 et,
517 2519 657 2588 quantum
676 2508 714 2567 sit
733 2518 867 2568 nostrum
887 2507 995 2592 frigus,
1015 2521 1181 2590 quantaque
1203 2507 1212 2566 i
1258 2509 1325 2570 avia

183 2586 215 2646 irl
236 2583 481 2666 optantlis'rebus
502 2587 633 2645 omnium
652 2583 793 2662 maximis,
813 2605 935 2662 quarum
955 2585 1090 2646 hic¹vota
1104 2583 1192 2644 nobis
1238 2597 1329 2644 etan-

180 2673 245 2737 tur,
270 2661 345 2722 nibil
364 2661 412 2722 bic
430 2685 465 2722 su
488 2681 645 2722 ervacuum
665 2679 728 2720 esse
748 2659 904 2734 fatebitur,
924 2661 976 2721 sed
995 2662 1052 2722 tria
1073 2681 1147 2740 quae
1167 2673 1328 2740 petuntur,

181 2739 254 2800 utile
275 2738 380 2812 fuisse,
405 2737 447 2797 sie
466 2683 617 2818 distingui.
655 2737 844 2816 dunenfieast
861 2737 920 2796 Dei
940 2757 1051 2797 nornen
1071 2737 1145 2797 nihil
1165 2738 1249 2798 aliud
1268 2752 1328 2814 est,

184 2832 372 2898 quamlsuum
392 2814 460 2872 Deo
481 2813 584 2872 baberi
604 2813 761 2886 honorem,
781 2833 841 2906 quo
862 2814 968 2907 dignus
988 2826 1042 2887 est,
1060 2826 1095 2873 ut
1113 2835 1264 2893 nunquam
1287 2817 1328 2877 de

181 2891 248 3025 irpso
264 2891 268 2900 “
283 2890 444 2968 loquantur
480 2888 528 2949 vel
559 2888 695 2971 cogitent
722 2886 857 2950 hommes
886 2911 949 2950 srne
978 2909 1089 2952 summa
1117 2891 1329 2953 veneratione.

214 2966 264 3026 uic
283 2964 447 3058 opponitur
465 2965 595 3027 eiusdem
615 2964 743 3024 nominis
763 2967 949 3046 profanatio:
968 2988 1057 3047 quum
1073 2967 1191 3029 'scilicet
1205 2967 1252 3027 vel
1265 2969 1329 3028 mi-

183 3042 284 3100 nuitur
304 3057 366 3102 esus
385 3040 530 3118 maiestas,
550 3041 595 3102 vel
617 3041 711 3102 minus
724 3055 896 3103 reverenter
916 3053 946 3102 et
965 3043 1130 3104 honorilice
1150 3065 1239 3123 quam
1259 3065 1330 3106 me-

183 3127 267 3176 retur
293 3137 356 3178 eam
383 3115 518 3178 homines
541 3118 711 3198 suspiciunt.
770 3120 866 3194 Porro
891 3120 1003 3202 gloria,
1032 3139 1088 3210 qua
1113 3120 1332 3198 sanctificatur,

183 3193 254 3254 inde
271 3203 371 3256 manat
390 3205 420 3253 et
439 3195 560 3274 pendet,
577 3212 665 3274 quum
685 3196 857 3278 agnoscitur
876 3194 954 3254 iuter
973 3197 1107 3256 hommes
1128 3197 1190 3256 eius
1202 3197 1330 3276 sapien-

184 3271 240 3361 tia,
261 3269 389 3346 bonitas,
409 3269 528 3347 iustitia,
548 3273 692 3350 potentia,
713 3283 744 3331 et
763 3271 902 3352 quicquid
923 3273 953 3331 in
974 3291 1012 3334 eo
1033 3285 1078 3332 est
1095 3272 1251 3332 virtutum:
1271 3295 1331 3335 sna

184 3367 264 3406 emm
282 3345 351 3406 Deo
371 3345 508 3410 sanctitas
527 3367 644 3428 semper
663 3350 740 3407 intus
760 3360 886 3422 constat,
905 3349 956 3410 sed
977 3369 1040 3408 eam
1082 3349 1166 3412 artins
1187 3369 1238 3409 sua
1259 3371 1329 3412 ma-

184 3423 247 3484 litia
273 3434 304 3484 et
328 3424 472 3504 pravitate
492 3424 626 3499 homines
646 3425 822 3498 obscurant,
853 3425 961 3504 partim
980 3369 1126 3506 sacrilego
1146 3437 1330 3507 contemptu

183 3499 299 3561 violant
316 3511 347 3560 et
366 3501 512 3581 polluunt.
543 3503 627 3584 Ergo
647 3523 756 3566 summa
777 3496 860 3560 buius
876 3503 1027 3581 petitionis
1039 3513 1092 3576 est,
1112 3501 1214 3562 utDei
1248 3503 1330 3564 loria

107 3617 108 3620 =
184 3577 215 3636 in
235 3578 347 3637 mundo
366 3577 511 3653 reluceat,
542 3587 572 3638 et
591 3578 683 3658 qualis
704 3589 748 3638 est
767 3576 935 3636 celebretur
954 3579 1032 3638 inter
1051 3576 1196 3638 homines.
1265 3601 1330 3640 unc

186 3666 284 3714 autem
305 3655 418 3734 optime
437 3654 519 3735 viget
538 3665 610 3734 pura
631 3654 756 3790 religio,
776 3675 865 3732 quum
885 3655 1036 3730 homines,
1056 3654 1195 3744 quicquid
1215 3673 1233 3714 a
1253 3655 1330 3716 Deo

183 3731 351 3812 proiectum
372 3741 430 3806 est,
456 3741 569 3792 rectum
591 3742 621 3792 et
642 3732 687 3790 lau
710 3731 803 3807 abile,
823 3731 950 3792 iustitiae
971 3744 1001 3792 et
1019 3733 1181 3812 sapientiae
1202 3730 1330 3810 plenum

185 3828 248 3868 esse
268 3813 411 3868 statuunt*
438 3807 512 3867 Nam
533 3807 603 3867 binc
623 3808 667 3884 lit,
684 3819 717 3868 ut
737 3819 767 3868 et
786 3807 908 3869 verbum
928 3809 990 3868 eius
1009 3829 1065 3890 pro
1085 3807 1154 3869 fidei
1175 3807 1249 3870 obse
1273 3810 1328 3869 uio

183 3882 413 3966 amplectantur,
444 3894 474 3943 et
502 3883 638 3944 omnibus
662 3883 777 3963 placitis
803 3896 834 3946 et
859 3884 999 3964 operibus
1019 3884 1219 3964 acquiescant:
1252 3829 1330 3946 icles

183 3963 279 4036 enim,
291 3980 385 4039 'quarn
406 3959 465 4019 Dei
485 3960 577 4020 verbo
599 3961 757 4020 deserimus
777 3963 833 4041 (ut
852 3959 924 4022 dicit
943 3963 1070 4022 loannes
1089 3969 1120 4035 3,
1136 3961 1221 4038 33.),
1263 3961 1330 4022 uasi

183 4035 362 4115 subscriptio
383 4047 426 4096 est
446 4056 502 4118 qua
522 4047 672 4114 testamur,
691 4027 789 4098 Deum
809 4058 872 4099 esse
891 4057 1036 4112 veracem,
1054 4035 1140 4098 sicuti
1160 3981 1330 4098 increduli-

182 4125 226 4173 tas
258 4124 290 4173 et
314 4124 502 4194 contemptus
525 4114 612 4174 verbi
638 4114 701 4174 eius
726 4115 894 4198 gravissima
920 4133 987 4174 eum
1015 4109 1195 4174 contumelia
1220 4113 1329 4174 allicit.

183 4191 246 4250 lam
266 4189 407 4264 videmus,
427 4209 514 4269 quam
533 4191 601 4250 mali
645 4191 655 4250 i
674 4191 734 4252 sint
752 4192 886 4272 plerique
899 4210 1022 4270 operum
1038 4189 1096 4250 Dei
1109 4189 1331 4266 aestimatores,

185 4275 216 4326 et
236 4277 373 4357 quantam
394 4265 579 4327 obtrectandi
599 4209 747 4328 fidentiam
766 4269 824 4329 sibi
844 4267 1028 4349 permittant:
1048 4267 1072 4328 si
1093 4285 1168 4346 quos
1187 4278 1329 4328 nostrum

183 4351 315 4444 casugat,
335 4339 520 4427 obstrepunt,
542 4357 715 4424 queruntur,
735 4345 967 4422 obmunnnrant,
987 4343 1038 4408 alii
1058 4343 1187 4406 etiamin
1205 4355 1327 4426 apertas

1056 4595 1058 4607 ,
1248 4559 1254 4594 t

1023 4609 1030 4636 t
