2756 4838
58 286 61 306 .
157 253 216 317 16⁰
439 239 557 304 SECT.
576 239 659 302 XVI.
698 251 777 298 rren
795 251 832 298 ru
851 245 1053 295 retruserunt.
1091 263 1097 280 κ

145 383 268 462 'Postea
288 397 396 458 exitiali
414 395 479 458 soti
497 395 605 476 laqueo
625 392 801 455 constrictae
820 400 889 451 snut
898 386 1023 452 miserae
1040 383 1169 462 animae,
1188 394 1226 446 ut
1247 404 1266 446 a
1286 383 1332 446 lo·

161 497 217 540 vea
236 496 388 556 nunquam
410 481 606 555 emergerent.

244 710 352 790 (156.)
394 705 566 772 ΜΑΤΤΗ.
581 701 664 768 XIX.
706 701 765 768 13.
778 699 874 766 Tune
895 695 999 764 oblati
1020 704 1095 762 sunt
1116 695 1149 760 ei
1170 695 1277 779 pueri,
1300 704 1333 758 ut

106 889 108 896 ‚
159 833 273 882 manus
292 813 339 876 eis
368 813 566 896 imponeret,
597 829 635 870 ae
657 814 779 871 oraret:
814 798 966 886 discipuli
986 809 1092 864 autern
1115 794 1333 882 increpabant

161 939 229 983 eos.
272 915 324 980 14.
350 915 439 979 lesus
460 933 540 978 vcro
563 913 608 976 ait
630 913 692 988 eis,
714 908 818 973 Sinite
840 923 975 990 pueros,
1009 913 1105 968 etue
1130 899 1333 986 prohibeatis

164 1040 223 1085 eos
245 1017 286 1082 ad
309 1037 360 1080 mc
381 1017 510 1080 venire:
530 1011 641 1078 talium
665 1021 713 1078 est
735 1013 819 1077 enim
842 1027 975 1092 regnum
997 1002 1177 1072 coelorum.
1221 1005 1273 1069 15.
1292 1003 1335 1068 Et

162 1143 264 1210 quum
287 1121 493 1206 imposuisset
513 1115 579 1182 illis
600 1136 721 1192 manus,
742 1109 822 1177 abiit
841 1109 942 1175 illine

245 1300 386 1370 MARC.
400 1304 439 1368 X.
481 1301 533 1367 13.
550 1301 592 1366 Et
614 1297 789 1364 attulerunt
811 1293 852 1360 ad
873 1293 964 1360 illum
978 1313 1110 1378 pueros,
1131 1301 1166 1356 ut
1183 1301 1337 1374 tangeret

164 1430 236 1476 cos:
270 1404 423 1493 discipuli
449 1425 529 1470 vero
555 1402 769 1492 increpabant
792 1421 864 1477 eos,
897 1401 953 1486 qui
975 1395 1171 1464 ollerebant.
1215 1395 1264 1460 1⁴.
1284 1393 1337 1458 le-

163 1533 218 1578 sus
240 1494 346 1578 autem
369 1531 467 1598 quum
489 1508 638 1586 vidisset,
669 1507 853 1591 indignatus
875 1512 938 1578 est,
974 1500 1116 1586 dixitque
1140 1501 1202 1575 cis,
1231 1497 1336 1562 Sinite

163 1638 286 1704 pueros
305 1617 419 1679 venire
441 1612 482 1678 nd
504 1633 588 1689 me,
613 1629 676 1673 nee
703 1606 875 1694 prohibete
904 1603 994 1670 illos:
1036 1602 1148 1668 talium
1178 1603 1264 1664 enirn
1287 1613 1337 1665 est

163 1735 298 1808 regnum
318 1714 493 1782 coelorum.
537 1711 586 1776 15.
618 1711 722 1776 Amen
745 1709 821 1775 dico
843 1705 952 1787 vobis,
981 1709 1169 1795 quicunque
1193 1725 1261 1770 non
1283 1727 1337 1768 ac-

164 1826 289 1910 ceperit
310 1840 443 1905 regnum
464 1817 530 1880 Dei
557 1827 708 1902 tanquam
735 1835 827 1900 puer,
843 1833 927 1914 ‘uon
954 1810 1156 1898 ingredietur
1183 1811 1218 1874 in
1246 1807 1335 1876 illud

164 1927 216 1992 16.
236 1925 278 1988 Et
299 1943 397 2008 quum
419 1923 558 2005 cepisset
579 1937 637 1984 eos
657 1919 692 1982 in
714 1913 822 1996 ulnas,
851 1916 1009 2002 impositis
1029 1935 1129 2001 super
1150 1935 1212 1980 eos
1240 1919 1337 1980 mani-

166 2025 239 2108 bus,
260 2023 428 2092 benedixit
450 2021 524 2090 illis.

166 2193 169 2202 '
249 2208 352 2278 nne.
380 2207 497 2274 xvnr.
545 2206 595 2273 15.
626 2201 825 2270 offerebant
855 2213 961 2269 autem
994 2201 1025 2268 et
1060 2203 1156 2273 stram
1189 2203 1336 2282 tuens,

165 2325 203 2383 ut
224 2335 283 2381 eos
307 2321 470 2398 tangeret:
504 2309 594 2397 quod
622 2331 721 2396 quum
746 2307 897 2372 viderent
923 2304 1088 2390 discipuli,
1120 2307 1335 2394 increpabant
1375 2303 1376 2326 ¹

166 2417 253 2486 illos.
296 2415 344 2482 16.
366 2415 457 2481 lesus
479 2425 599 2494 autem,
630 2435 727 2501 quum
749 2411 824 2478 illos
846 2411 887 2477 ad
909 2431 944 2476 se
966 2419 1131 2488 vocasset,
1160 2409 1260 2490 dixit,
1291 2412 1337 2476 Si·

166 2525 236 2590 nite
257 2541 378 2608 pueros
401 2522 515 2586 venire
540 2517 581 2583 ad
610 2539 675 2596 me,
702 2525 751 2585 ,et
771 2536 814 2580 ne
843 2511 1015 2601 prohibete
1038 2533 1108 2580 eos:
1152 2513 1271 2580 talium
1293 2529 1337 2580 est

166 2647 301 2712 regnum
323 2623 398 2688 Dei.
441 2624 491 2689 17.
514 2623 618 2688 Amen
640 2620 716 2685 dico
737 2617 848 2694 vobis,
873 2619 1059 2704 quicunque
1081 2637 1150 2684 uon
1177 2622 1338 2706 acceperit

167 2751 302 2817 regnum
322 2727 389 2792 Dei
409 2724 511 2792 veluti
532 2748 630 2814 puer,
650 2745 719 2792 non
741 2719 873 2788 intrabit
894 2725 929 2788 in
949 2719 1041 2788 illud.

246 2993 330 3052 llaec
349 2991 471 3052 historia
491 2989 576 3054 valde
595 2990 747 3065 utilisest,
767 2987 835 3069 quia
855 2989 953 3066 docet,
972 3009 1035 3050 non
1055 3008 1107 3050 eos
1127 2989 1227 3048 solum
1248 2989 1338 3070 recipi

171 3067 335 3146 aCbristo,
354 3069 405 3147 qui
417 3069 509 3128 sancti
529 3067 666 3129 desiderii
686 3067 814 3146 fideique
833 3066 959 3147 impulsu
977 3078 1085 3146 sponte
1107 3067 1143 3126 ad
1165 3087 1235 3125 eum
1256 3087 1338 3126 acce·

172 3145 256 3220 dunt,
276 3145 328 3203 sed
348 3145 453 3225 quibus
473 3146 606 3206 nondum
625 3165 680 3225 per
691 3156 816 3204 aetatem
828 3143 938 3204 sentire
952 3143 1032 3214 lieet,
1052 3157 1244 3278 quantopere
1263 3144 1338 3204 indi-

170 3231 263 3358 ἕεεηι
283 3221 344 3281 eius
364 3222 468 3302 gratio.
505 3221 587 3281 Nihil
607 3222 701 3283 adhuc
722 3220 935 3301 intelligentiae
956 3219 1050 3280 estin
1069 3241 1164 3302 puenu
1179 3221 1201 3279 is
1217 3220 1290 3292 istis,
1309 3230 1339 3278 nt

195 3296 412 3358 en'edictionem
441 3309 593 3379 expetant:
622 3320 674 3359 eos
700 3310 799 3358 tamen
824 3295 881 3356 sibi
903 3295 1019 3358 oblatos
1045 3297 1216 3357 humaniter
1237 3308 1268 3356 et
1287 3297 1338 3356 bc-

171 3373 264 3455 nigne
284 3373 400 3455 recipit,
419 3374 607 3456 sollennique
621 3374 837 3436 benedictionis
851 3374 911 3434 ritu
932 3375 1051 3434 eosdem
1071 3372 1155 3433 Patri
1176 3386 1339 3434 consecret.

170 3451 270 3512 Porro
291 3447 410 3525 edrum,
442 3452 493 3531 qui
512 3472 622 3532 pueros
643 3451 791 3524 usserunt,
821 3449 976 3531 consilium
1001 3451 1161 3512 observare
1183 3451 1339 3510 convenit:

170 3527 230 3586 nisi
249 3527 326 3588 enim
351 3528 438 3587 inlisa
464 3529 565 3590 luisset
590 3549 693 3589 eorum
713 3525 860 3588 mentibus
886 3522 1054 3608 persuasio,
1087 3527 1123 3588 de
1148 3527 1255 3588 ositurn
1274 3545 1338 3585 esse

171 3603 300 3684 Spiritus
319 3605 456 3666 virtutem
473 3607 588 3685 penesi
610 3627 683 3680 sum,
724 3624 790 3663 uam
805 3603 835 3662 in
851 3604 993 3684 populum
1006 3603 1066 3664 Dei
1086 3625 1102 3664 e
1130 3607 1263 3676 underet,
1284 3601 1340 3660 ab·

170 3682 290 3742 surdum
310 3680 414 3741 fuisset
432 3703 540 3762 pueros
561 3627 683 3742 odierno.
704 3627 887 3756 (buarenon
909 3679 1029 3740 dubium
1050 3693 1104 3754 est,
1126 3682 1199 3762 quin
1219 3679 1340 3760 partici-

170 3757 324 3838 pationem
344 3758 456 3840 gratiae
475 3757 532 3818 illis
551 3758 716 3839 postulent:
737 3757 805 3817 ideo
826 3756 1023 3836 amplificandi
1041 3779 1126 3818 cause
1139 3759 1220 3839 apud
1231 3757 1340 3816 Lucam

171 3834 291 3894 additur
309 3834 452 3914 particula
472 3839 565 3909 mam,
586 3835 644 3895 acsi
664 3834 790 3910 dixisset,
810 3846 967 3916 postquam
980 3837 1090 3926 experti
1103 3835 1234 3926 luerent,
1254 3855 1341 3912 quam

170 3911 259 3972 variis
278 3911 373 3972 modis
394 3908 509 3971 adultos
530 3911 658 3984 iuraret,
687 3931 770 3993 spem
796 3933 855 4003 quo
878 3933 915 3972 ue
936 3914 972 3973 de
993 3933 1092 3992 pueris
1113 3932 1243 3992 cepisse,
1278 3929 1340 3968 non

171 4007 292 4066 prorsus
312 4007 420 4048 vacuos
440 3985 576 4048 omnibus
597 3987 725 4067 Spiritus
746 3987 830 4049 donis
850 3934 992 4063 abituros,
1012 3989 1036 4049 si
1057 4009 1159 4048 manus
1181 3987 1224 4047 eis
1245 3987 1340 4122 impo-

171 4073 266 4122 neret.
305 4063 402 4124 Porro
421 4084 559 4122 manuum
579 4064 730 4146 impositio
751 4072 799 4144 (ut
819 4065 889 4125 alibi
909 4065 1044 4141 diximus)
1064 4076 1148 4124 vetus
1169 4075 1201 4124 et
1222 4064 1285 4124 cele
1310 4083 1339 4122 re

171 4137 251 4214 apud
271 4139 397 4200 Iudaeos
418 4139 614 4201 benedicendi
627 4140 793 4224 symbolum
810 4152 887 4200 erat:
907 4141 974 4202 ideo
987 4140 1059 4200 nihil
1073 4141 1192 4214 mirum,
1213 4141 1238 4199 si
1253 4139 1338 4202 Chri·

170 4222 248 4270 stum
267 4233 323 4292 pro
342 4217 439 4296 pueris
460 4217 589 4280 adhibita
608 4218 657 4278 ille
677 4218 807 4278 sollenui
828 4217 997 4276 ceremonia
1030 4217 1123 4276 recerl
1136 4238 1173 4277 cu
1197 4219 1268 4276 ient.
1287 4217 1338 4274 ln-

170 4295 253 4374 teree
272 4299 387 4366 tamen,
418 4315 507 4372 quum
527 4295 729 4374 praestantior*
742 4293 907 4352 minoribus
928 4239 1085 4354 benedicat
1103 4295 1150 4376 (ll
1192 4317 1216 4356 r·
1238 4299 1267 4370 7,
1286 4295 1330 4370 7·)

169 4381 214 4424 rus
234 4373 266 4423 et
283 4364 429 4430 bonorem
447 4371 552 4432 summi
569 4370 739 4453 Proplretae
759 4371 787 4432 ei
807 4369 950 4432 tribuunt.
