2766 4840
495 203 630 265 cannes
648 179 838 258 sammua.
1186 202 1247 267 277

339 299 346 324 l

83 341 316 436 annectionem,
339 353 370 408 et
395 363 521 424 qnorum
541 344 679 406 duntaxat
698 353 815 436 portum
834 339 962 426 aliquem
981 342 1063 406 Deus
1082 345 1139 408 suis
1158 368 1246 426 prae-

84 417 159 496 buit,
178 433 212 481 ut
231 421 349 502 longius
369 441 421 482 eos
441 441 495 500 per
514 419 578 500 spei
598 432 629 481 et
668 419 807 480 auantiae
827 419 903 482 riam
924 419 1091 482 deduceret
1132 421 1247 484 Secun-

83 498 151 559 dum
177 498 253 560 hanc
278 497 424 559 rationem
449 517 542 577 usque
568 497 604 558 ad
629 442 763 558 uitimum
789 496 867 557 diem
895 497 1025 557 bdelium
1050 510 1163 559 mentes
1183 521 1245 560 sus-

103 573 187 635 endit
199 575 344 648 Christus,
362 595 401 634 ne
414 576 527 654 ‘putent
546 573 660 634 irritum
680 595 755 648 esse,
775 574 856 654 qrrod
874 571 973 634 testati
991 584 1060 634 sunt
1076 575 1246 658 Prophetae

82 595 117 710 he
136 652 327 732 reparatione
347 650 462 723 futura,
487 650 554 730 quia
580 649 633 710 suh
661 651 750 720 densa
776 649 972 711 afflictionum
997 650 1123 734 caligine
1150 653 1201 712 lon
1226 675 1244 713 o

79 736 216 808 tempore
235 729 417 790 submersum
436 728 533 788 lateat.
573 725 733 808 Perperam
758 747 830 791 vero
856 721 1049 788 afflictionem
1074 728 1188 790 dierum
1204 675 1244 790 ᾗ·

79 801 177 866 lorum
197 805 315 885 quidam
336 804 513 886 interpretes
533 803 570 864 de
590 800 815 886 Hierosolymae
836 805 948 864 excidio
969 805 1030 865 acci
1054 806 1133 881 iunt,
1155 828 1244 887 quum

79 881 179 960 potius
198 881 334 943 universa
353 881 391 942 sit
409 880 554 942 malorum
575 879 720 956 omnium,
747 879 782 941 de
810 880 914 959 quihus
939 893 1008 940 ante
1029 825 1162 944 horisius
1184 883 1243 944 dis-

81 957 188 1034 seruit,
206 965 292 1024 ἆνακε
317 968 457 1027 elaturus.
502 957 599 1018 Porro
626 957 683 1018 hoc
708 979 740 1017 ar
762 969 884 1018 umento
909 958 945 1019 ad
969 957 1157 1020 tolerantiam
1191 979 1244 1022 eos

78 1034 203 1110 animat,
228 986 316 1126 quoii
334 1031 512 1094 afflictiones
538 1033 654 1095 felicem
680 977 799 1094 tamiem
821 1033 988 1115 laetumque
1008 1033 1163 1096 habebunt
1182 1037 1242 1098 exi-

77 1121 155 1186 tum,
186 1132 246 1174 acar
269 1109 401 1184 dixisset,
432 1131 519 1190 quam
547 1110 598 1172 diu
629 1109 869 1193 peregrinabitur
901 1111 932 1172 io
958 1111 1069 1172 mundo
1098 1113 1243 1190 Ecclesia,

77 1196 193 1268 lempna
219 1186 353 1248 nubilum
378 1186 445 1247 fore
470 1199 501 1248 et
525 1187 696 1249 obscurum:
723 1203 824 1247 verum
849 1185 969 1248 simulac
995 1187 1061 1248 finis
1081 1188 1262 1270 contigerit,
1304 1219 1310 1235 ι

75 1263 218 1340 miseriis,
241 1274 485 1344 superventurum
511 1264 603 1340 diem,
629 1285 688 1344 quo
703 1263 832 1324 ‘illustris
858 1276 1000 1346 appareat
1023 1285 1074 1324 sua
1099 1265 1243 1327 maiestas.

78 1335 237 1402 Caeterum
257 1339 408 1421 quomodo
427 1339 473 1400 sol
493 1340 693 1402 obsecrandus
711 1339 760 1415 sit,
780 1339 869 1400 hodie
890 1339 1040 1401 coniicere
1058 1361 1120 1402 non
1137 1362 1242 1420 possu-

75 1437 154 1492 mus,
173 1417 226 1479 sed
247 1429 369 1479 eventus
389 1415 453 1496 ipse
474 1418 619 1481 ostendet.
644 1415 766 1479 ,Stellas
787 1417 910 1496 'quidem
936 1438 998 1477 non
1023 1438 1056 1476 re
1077 1417 1139 1498 ipsa
1159 1439 1241 1477 casu-

75 1513 121 1552 ras
134 1493 231 1554 intelli
255 1493 287 1570 it,
305 1493 358 1554 sed
376 1493 535 1554 secundum
557 1494 709 1556 hominum
729 1515 861 1554 sensnm:
881 1493 950 1555 ideo
963 1494 1041 1574 apud
1052 1493 1162 1553 Lucam
1174 1505 1242 1554 tau-

74 1578 135 1629 tum
160 1515 321 1650 praeiicit,
345 1568 411 1630 fore
435 1570 518 1663 signa
543 1570 574 1630 io
599 1571 663 1632 sole
690 1582 721 1630 et
746 1570 815 1630 luna
842 1581 872 1630 et
895 1569 996 1631 stellis.
1035 1570 1145 1630 Sensus
1167 1589 1241 1654 ergo

75 1657 132 1721 est,
156 1659 269 1708 tantam
289 1646 356 1706 fore
375 1647 528 1708 machinae
548 1647 626 1708 coeli
647 1646 889 1722 concussionem,
917 1659 949 1706 ut
967 1646 1070 1708 stellae
1089 1646 1171 1726 ipsae
1192 1670 1241 1709 ea-

74 1719 144 1784 dere
164 1736 316 1806 putentur.
353 1719 481 1784 Additur
501 1723 587 1786 etiam
608 1724 685 1804 apud
697 1723 817 1796 Lucam,
842 1723 878 1783 de
887 1721 1069 1784 'formidabili
1082 1735 1166 1785 motu
1178 1745 1241 1784 ma-

73 1796 124 1875 ris,
143 1812 178 1861 ut
198 1799 333 1862 homines
351 1819 424 1882 prae
442 1812 522 1862 metu
543 1812 573 1862 et
592 1799 739 1860 anxietate
760 1799 907 1860 deficiant
948 1801 1066 1860 Summa
1080 1811 1242 1878 autemest,

74 1890 221 1938 creaturas
248 1897 351 1940 omnes
374 1898 487 1938 sursum
513 1889 544 1938 et
567 1879 704 1938 deorsum
731 1876 813 1958 quasi
837 1897 1003 1956 praecones
1030 1875 1095 1938 forb
1117 1876 1240 1938 citandis

73 1949 245 2015 hominibus
263 1954 299 2015 ad
320 1953 463 2014 horribile
484 1953 558 2015 illud
576 1954 718 2030 tribunal,
738 1953 820 2014 euius
839 1965 1014 2034 contemptu
1033 1952 1124 2036 impie
1144 1956 1182 2015 ad
1193 1954 1240 2015 ul-

72 2027 176 2090 timum
195 2052 287 2110 usque
308 2029 384 2090 diem
405 2029 566 2091 lascivient.

148 2105 253 2166 Matth.
272 2111 319 2172 30.
361 2107 450 2166 Turro
467 2105 618 2184 rappmhit
634 2109 759 2182 siguum.
800 2103 916 2164 Clarius
935 2105 994 2165 hoc
1013 2107 1107 2168 verbo
1129 2108 1239 2169 discer-

70 2182 114 2242 nit
136 2181 272 2259 Christus
298 2194 483 2261 praesentem
509 2181 595 2264 regni
614 2182 659 2241 sui
678 2193 784 2241 statum
805 2201 821 2239 a
842 2181 940 2240 futura
960 2181 1022 2240 eius
1063 2183 1146 2243 loria.
1184 2185 1240 2246 Est

70 2259 150 2319 enim
169 2259 283 2338 speeies
303 2257 513 2332 concessionis,
533 2259 613 2338 quod
633 2256 664 2316 in
685 2255 879 2316 afflictionum
899 2255 1026 2338 caligine
1041 2202 1160 2318 {bristi
1173 2280 1235 2319 ma-

68 2333 158 2396 iestas
179 2355 242 2393 non
262 2332 319 2392 erit
338 2331 507 2412 conspicua,
526 2355 581 2394 nee
602 2331 838 2414 redemptionem
859 2331 895 2392 ah
917 2352 955 2392 eo
976 2331 1091 2392 allatam
1108 2336 1239 2406 sentient

68 2410 216 2484 homines.
252 2410 329 2468 Nam
349 2419 430 2468 certe
451 2408 573 2469 confusa
593 2430 691 2470 rerum
735 2408 868 2469 ermirtio
895 2428 971 2487 quae
996 2430 1076 2470 nune
1097 2411 1237 2504 cernitur,

65 2497 132 2547 tum
152 2496 267 2546 menter
288 2495 402 2544 nostras
423 2483 589 2560 obnubilat,
609 2497 670 2544 tum
742 2483 803 2541 risti
823 2484 946 2564 gratiam
968 2483 1085 2560 obruit,
1105 2499 1136 2546 et
1154 2509 1236 2567 quase

68 2582 247 2624 evanescere
273 2559 344 2620 facit
369 2581 403 2620 ex
429 2560 521 2622 oculis
547 2563 670 2633 nostris,
694 2559 796 2622 saltem
823 2573 856 2619 ut
879 2558 973 2620 earnis
993 2568 1161 2624 sensu'non
1182 2585 1236 2644 ap-

68 2631 272 2718 prehendatur
288 2636 365 2697 salus
384 2637 419 2698 ah
443 2658 479 2698 eo
493 2649 591 2772 ¹parta.
630 2638 705 2700 Ideo
724 2656 755 2698 se
776 2635 879 2698 ultimo
892 2637 1018 2696 adventu
1029 2638 1125 2717 palam
1140 2660 1236 2701 emer-

66 2737 168 2776 surum
188 2713 359 2789 denuntiat,
383 2726 417 2774 nt
436 2735 491 2776 coe
504 2705 557 2774 esti
577 2715 711 2797 potentia
731 2713 895 2794 praeditus,
922 2713 1004 2792 quasi
1027 2714 1114 2797 signo
1134 2716 1165 2775 in
1185 2739 1234 2776 su-

71 2789 160 2856 blime
192 2803 310 2866 erecto,
338 2791 375 2850 ad
400 2811 431 2858 se
456 2803 610 2852 convertat
635 2792 725 2852 totius
751 2791 851 2850 mundi
879 2789 1024 2850 intuitum.
1076 2789 1235 2852 Caeterum

69 2869 138 2947 quia
164 2867 284 2929 ridebat
308 2867 449 2928 maiorem
470 2867 621 2928 hominum
641 2880 754 2950 partem
775 2866 928 2927 doctrinae
947 2887 1017 2927 suae
1038 2869 1234 2950 contemptri-

69 2967 132 3005 cem
153 2945 231 3020 fore,
251 2965 406 3028 regnoque
425 2966 478 3004 suo
492 2946 653 3020 adversam,
672 2945 757 3004 simul
773 2943 923 3022 planetum
944 2954 974 3003 et
993 2943 1235 3006 lamentationem

68 3021 223 3082 denuntiat
236 3019 372 3083 omnihus
386 3020 517 3102 populis:
538 3023 605 3101 quia
625 3021 739 3084 seilicet
757 3040 883 3100 aequum
904 3031 948 3080 est
968 3031 1001 3079 ut
1020 3021 1146 3082 rebelles
1158 3043 1233 3084 con-

67 3108 160 3175 terat,
185 3099 348 3189 perdatque
373 3119 424 3158 sua
450 3098 614 3177 praesentia
642 3099 693 3179 qui
718 3096 847 3157 absentis
868 3097 1027 3176 imperium
1047 3109 1231 3178 spreverunt.

67 3173 134 3236 Hoc
158 3187 257 3236 autem
283 3175 371 3248 dreit,
394 3175 501 3266 partim
523 3186 556 3233 ut
574 3175 708 3254 superbis
728 3196 762 3235 ac
781 3171 953 3252 praefractis
973 3185 1119 3238 terrorem
1146 3177 1231 3237 ineu-

66 3251 140 3312 tiens
161 3253 200 3326 ad
219 3251 449 3332 resipiscentiam
471 3271 522 3311 eos
543 3247 682 3312 adducat:
701 3249 808 3331 partim
830 3249 917 3310 etiam
937 3261 969 3309 ut
984 3271 1104 3311 suorum
1117 3253 1231 3316 animos

68 3329 225 3390 confirmet
242 3328 273 3388 in
293 3340 373 3388 tanta
393 3327 495 3387 mundi
515 3327 709 3388 contumacia.
748 3329 802 3386 Est
822 3326 904 3390 „enim
926 3348 987 3386 non
1008 3327 1079 3388 levis
1100 3329 1231 3390 offendi·

69 3403 268 3484 culimateria,
287 3404 444 3483 impiorum
452 3403 605 3478 securitas,
626 3403 692 3485 qnia
712 3403 851 3463 videntur
869 3405 990 3484 impune
1000 3403 1068 3465 Deo
1088 3405 1230 3465 illudere:

69 3481 172 3544 deinde
193 3480 266 3541 nihil
281 3479 445 3571 proclivius
467 3492 511 3540 est
531 3501 617 3560 quam
637 3499 797 3572 prosperae
819 3478 972 3554 fortunae,
998 3501 1055 3560 qua
1083 3481 1230 3558 fruuntur,

68 3555 213 3620 illecebris
224 3578 300 3638 capr,
319 3568 352 3615 ut
371 3556 458 3617 nohis
479 3555 651 3617 effluatDer
671 3555 846 3617 reverentia.
875 3557 958 3640 Ergo
979 3576 1018 3616 ne
1038 3556 1138 3616 ebriae
1160 3555 1229 3616 illo-

68 3653 130 3694 mm
149 3633 280 3696 laetitiae
299 3631 452 3696 invideant
466 3632 585 3707 fideles,¹
600 3633 734 3696 Christus
756 3654 819 3694 earn
840 3633 872 3692 in
892 3633 1001 3693 luctum
1023 3643 1053 3691 et
1071 3631 1229 3693 stridorem

68 3708 198 3774 dentium
218 3708 392 3792 pronuntiat
410 3711 528 3771 tandem
550 3731 724 3773 conversum
744 3709 789 3770 iri.
828 3709 943 3771 lllludit
962 3721 1075 3783 autem,
1094 3728 1162 3768 meo
1182 3707 1228 3768 iu-

68 3785 153 3880 dicio,
172 3789 209 3850 ad
230 3785 435 3863 duodecimum
455 3798 543 3868 caput
563 3787 733 3860 Zachariae,
750 3794 846 3862 v.11.‚
865 3785 916 3846 nbi
932 3787 1014 3847 Deus
1035 3783 1228 3846 memorabile

67 3860 163 3926 iudicii
182 3863 227 3928 sui
246 3862 397 3946 specimen
417 3862 526 3924 instare
547 3864 673 3938 docens,
698 3863 847 3945 planctum
872 3863 950 3953 apud
976 3882 1078 3921 omnes
1103 3860 1226 3922 familias

67 3935 130 4000 fore
155 3939 273 4016 asserit,
297 3938 393 4020 qualis
415 3937 479 3999 lieri
503 3937 632 4000 solatio
651 3940 757 4000 funere
783 3939 938 4031 unigeniti.
978 3937 1080 4012 Quare
1101 3949 1228 3998 nonest

68 4018 144 4093 quod
163 4017 264 4078 mundi
284 4014 510 4078 conversionem
531 4017 594 4096 quis
614 4037 661 4077 ers
684 4027 773 4090 ectet‚
794 4037 860 4096 qula
876 4035 944 4076 sero
965 4024 995 4073 et
1012 4015 1076 4073 sine
1088 4015 1226 4096 profectu

67 4094 181 4156 tandem
192 4093 321 4156 sentient
334 4115 420 4174 quern
436 4091 618 4153 confixerint.
675 4094 793 4174 equitur
812 4090 919 4151 deinde
938 4089 1015 4182 signi
1034 4090 1112 4152 illius
1132 4093 1225 4174 expli-

68 4169 152 4244 catio,
171 4173 250 4251 quod
261 4169 368 4230 ltitium
385 4169 512 4231 hominis
529 4169 673 4232 videbunt
691 4191 779 4250 super
798 4166 892 4227 nubes
910 4177 1090 4244 venientem,
1109 4169 1222 4250 quisob

67 4239 165 4312 habitu
183 4247 260 4310 servi
281 4245 515 4330 contemptibilis
535 4255 606 4309 tune
625 4247 756 4336 interra
775 4243 892 4330 agebat.
937 4243 1035 4326 Atque
1054 4243 1113 4308 boc
1132 4246 1223 4308 modo
