2778 4838
243 251 326 328 (141.
365 247 436 324 „Tra
453 265 486 306 er
506 244 648 320 Christus,
666 245 757 306 l'ilius
776 246 836 307 liei
855 245 1025 323 viventis.“)
1171 255 1229 316 1oe

67 421 124 482 per
144 420 179 459 os
199 400 352 460 hominnm
370 397 496 460 minitas
512 397 550 457 ait
566 397 724 460 illislleus.
761 398 901 480 Denique
920 399 974 460 tue
994 398 1101 461 fidutia
1119 400 1234 462 instru-¹

64 479 105 538 cti
123 477 167 558 pii
188 477 329 536 dectores
349 475 404 538 sibi
421 489 451 536 et
469 475 530 534 aliis
544 475 620 534 intre
633 475 683 535 ridi
700 477 758 535 siet
773 496 931 556 sponsores
947 475 1077 536 vivificae
1089 475 1148 536 Dei
1159 480 1227 558 gra-

63 555 136 625 tiae,
156 573 215 612 nec
235 553 331 614 miuus
352 555 483 630 animose
500 552 531 610 in
551 563 733 632 praeuectus
753 553 906 613 doctrinae
924 573 993 614 suae
1007 565 1228 634 contemptores

66 626 238 690 fulminent.
272 631 428 690 llactenus
445 649 615 712 germanum
634 628 793 690 verborum
813 649 929 692 sensum
949 629 1076 690 dilucide
1096 629 1229 722 erpcem,

63 721 98 766 ut
116 707 195 766 nihil
215 707 375 768 desiderari
403 717 505 786 queat,
531 704 588 766 nisi
606 705 756 766 Romanus
774 706 970 768 Antichristus
989 707 1139 788 tyrannidi
1159 725 1229 768 snae

63 783 203 846 colorem
223 783 362 843 inducere
380 783 485 844 volens
505 803 567 842 non
592 782 687 842 minna
711 783 864 863 improbe,
891 803 977 862 quam
1019 783 1108 860 erlide
1129 783 1227 844 locem

66 863 145 921 hunc
165 871 264 919 totum
285 873 457 939 pervertere
477 879 562 918 ausus
582 857 667 918 louet.
708 859 885 938 Quanquam
896 804 1053 920 autemlux
1065 861 1126 940 ipsa
1138 879 1225 920 verae

63 936 332 1016 interpretationis,
353 957 439 1015 quam
459 935 554 1009 attuli,
571 935 730 1017 purgandis
741 937 804 996 eius
813 936 945 998 tenebris
954 933 1090 996 sulficere
1101 937 1227 1012 ridetur,

63 1035 104 1150 piel
117 1013 190 1094 quid
202 1025 302 1148 talrpen
318 1025 452 1148 mpretur
462 1011 683 1148 piostmlectores,
693 1013 825 1148 'pptidlas
836 1014 898 1148 einp
918 1013 1081 1150 cqlumnitas
1097 1011 1228 1165 Melite?

106 1111 186 1150 uam.
251 1111 327 1149 mmo
368 1110 386 1147 n
488 1111 504 1148 e
553 1109 582 1148 ιιι
601 1109 700 1149 vocam
740 1113 772 1150 cc
786 1109 862 1150 esrae
892 1111 930 1150 un
954 1109 1037 1150 amen
1053 1109 1110 1149 ram.
1183 1112 1227 1150 urs

64 1178 164 1228 autem
185 1185 248 1224 ιιοιι
269 1166 360 1238 videt,
380 1101 459 1246 gild
478 1165 621 1225 transfert
637 1165 674 1224 ad
695 1166 822 1225 hominis
840 1187 1008 1246 personam,
1028 1165 1226 1226 deletrilrde

63 1243 94 1302 in
116 1241 271 1302 Christum
292 1242 401 1303 dictam
421 1243 502 1302 esse?
542 1241 642 1315 Idem,
667 1242 779 1316 fateor,
804 1245 881 1334 apud
902 1243 1035 1302 Graecos
1059 1241 1227 1324 significant

52 1319 169 1379 -Petrua
191 1331 223 1379 et
241 1317 345 1392 Pena,
371 1319 427 1378 nisi
447 1317 526 1398 qnod
547 1318 627 1398 princ
645 1338 755 1380 nomen
775 1320 905 1380 Astacum
924 1331 984 1392 est,
1008 1319 1132 1379 alterum
1151 1337 1225 1380 vero

63 1395 230 1460 eommunis
250 1395 380 1478 linguae,
399 1395 451 1455 sed
471 1395 544 1461 haec
564 1394 687 1454 varietas
706 1415 768 1454 non
790 1407 900 1456 temere
920 1416 935 1454 a
956 1395 1107 1455 lllatthneo
1128 1395 1225 1486 posita

63 1485 117 1544 est,
138 1471 211 1552 quin
232 1473 331 1552 potius
351 1471 488 1532 consulto
508 1481 650 1530 mutatum
670 1483 715 1531 est
730 1493 832 1554 genes,
852 1484 884 1529 ut
898 1471 1225 1555 diuersumaliqurdex-
1274 1489 1277 1494 ·

61 1549 222 1629 primeret:
243 1569 300 1610 nee
319 1547 434 1640 dultito,
454 1547 524 1627 quin
540 1547 599 1638 tale
617 1545 773 1608 discrimen
790 1547 1082 1610 notaveritChristus
1098 1569 1147 1608 sua
1165 1547 1223 1608 lin·

60 1624 195 1762 llari
196 1625 689 1791 alterumalteum
692 1625 908 1774 ttulittd.
919 1625 1093 1762 {ilidii
1102 1624 1224 1762 pilii

61 1799 102 1839 ιιι
125 1777 250 1860 longior
274 1777 345 1854 sim,
397 1799 465 1838 uum
490 1777 562 1837 1llud
587 1774 671 1838 Pauli
696 1779 736 1859 (1.
757 1779 878 1852 Cora,
898 1779 961 1853 11.)
984 1778 1063 1838 inter
1086 1797 1141 1838 nos
1166 1799 1223 1858 pro

62 1867 147 1916 certo
170 1867 201 1913 et
220 1855 357 1915 confesso
376 1799 545 1916 labendum
566 1854 619 1928 sit,
644 1875 707 1915 non
727 1855 797 1916 alibi
818 1875 907 1934 posse
925 1853 1225 1916 lundari.Ecclesiam

63 1919 150 2011 quim
162 1931 194 1992 in
210 1929 330 1992 Christo
343 1931 420 2006 solo,
439 1952 502 1992 non
522 1931 584 1991 sine
606 1931 748 2014 sacrilega
768 1930 949 2012 blasphemia
959 1931 1038 1993 aliud
1047 1930 1224 1992 fundamen-

60 2020 124 2068 tum
144 2007 226 2088 Papa
248 2019 431 2070 coronentur
451 2019 504 2068 est.
541 2009 583 2068 Et
607 2021 686 2070 certe
711 2021 898 2088 quantopere
922 2008 970 2068 vel
996 2027 1057 2068 uno
1084 2009 1141 2069 hoc
1166 2029 1224 2068 no-

61 2085 141 2144 mine
163 2083 349 2165 tyrannidem
361 2084 489 2176 Papams
509 2084 646 2144 detestari
666 2106 720 2144 uos
741 2086 855 2156 deceat,
875 2084 962 2145 nullis
983 2083 1079 2144 verbis
1100 2084 1224 2165 exprimi

61 2161 130 2221 satis
151 2171 266 2241 potest,
293 2162 374 2240 quod
398 2182 429 2219 ιιι
444 2161 511 2220 eius
530 2162 652 2242 gratiam
673 2161 817 2222 sublatum
839 2161 928 2222 luerit
946 2161 1098 2220 Ecclesiae
1118 2161 1224 2220 lunda-

61 2249 205 2312 mentum,
225 2248 260 2297 ut
278 2249 395 2317 apertus
414 2236 526 2296 inlerni
546 2257 653 2319 gurges
672 2237 792 2298 miseras
809 2238 918 2297 animas
931 2236 1098 2296 absorbeat.
1136 2235 1223 2298 adde

62 2316 143 2394 quod
163 2333 232 2396 pars
251 2313 312 2374 ista-
332 2313 432 2392 (sicuti
452 2312 533 2392 prius
551 2313 650 2395 attigi)
674 2315 808 2376 nondum
827 2315 864 2374 ad
884 2313 1034 2394 publicum
1052 2311 1136 2376 Petri
1155 2312 1223 2374 olli·

62 2391 138 2450 cium
159 2401 283 2470 spectat,
302 2391 353 2449 sed
372 2389 585 2450 tantominter
603 2411 702 2450 sacros
720 2389 824 2472 templi
843 2389 955 2470 lapides
974 2410 1046 2448 unus
1060 2409 1094 2448 ex
1107 2389 1223 2470 praeci·

60 2467 126 2548 puis
147 2467 221 2527 locis
240 2465 284 2526 illi
304 2465 398 2525 datur.
439 2465 525 2540 Quae
545 2477 708 2544 sequuntur
727 2465 872 2538 encomia,
892 2465 928 2524 ad
947 2485 1052 2524 munus
1066 2465 1222 2544 Apostoli-

62 2565 127 2604 cum
147 2553 294 2635 spectant.
310 2541 583 2620 ¹alindesequitur,
602 2541 678 2601 nihil
689 2541 780 2601 Patre
793 2542 861 2614 dici,
883 2543 964 2620 quod
985 2562 1055 2600 non·
1066 2542 1224 2600 conveniat

60 2621 184 2712 reliquus
203 2620 293 2680 etiam
312 2618 450 2702 collegis:
470 2639 537 2678 nam
557 2619 583 2680 si
602 2619 764 2680 eommunis
784 2631 829 2680 est
846 2617 925 2680 inter
940 2618 1021 2697 ipsos
1029 2617 1223 2700 Apostolatus

61 2697 90 2757 di
134 2709 200 2772 stas,
221 2715 378 2758 commune
398 2695 486 2756 etiam
506 2693 544 2756 sit
564 2706 695 2775 oportet,
722 2689 860 2776 quicquid
880 2695 907 2754 ei
928 2714 1071 2754 annexum
1092 2705 1143 2753 est
1181 2694 1224 2754 At

60 2773 197 2834 Cristus
224 2772 346 2833 Petrum
373 2791 463 2830 unum
489 2771 662 2832 nominatim
688 2771 863 2851 alloquitur:
894 2789 1002 2850 nempe
1032 2769 1116 2830 sicuti
1147 2790 1222 2830 unus

60 2851 194 2912 omnium
214 2849 335 2910 nomine
357 2847 507 2912 Christum
525 2845 678 2912 consessus
698 2850 794 2928 luerat
812 2849 871 2909 Dei
889 2847 1012 2921 llilium,
1036 2848 1076 2907 ita
1096 2847 1222 2918 vicissim

60 2928 98 2988 ad
121 2948 214 2988 unum
242 2925 378 3010 dirigitur
402 2946 516 2995 sermo,
542 2926 592 3005 qui
619 2939 717 2988 tamen
743 2946 891 3006 peraeque
917 2925 954 2986 ad
982 2925 1056 2986 alios
1081 2924 1222 3004 pcrtirlet.

59 3005 122 3064 Nec
141 3023 216 3064 vero
238 3003 403 3083 spernenda
424 3013 468 3062 est
488 3001 548 3072 illa,
568 3023 642 3082 quae
659 3025 674 3062 a
690 2999 842 3083 Cypriane
858 3015 887 3061 et
898 3001 961 3062 aliis
971 3001 1126 3062 adducitur
1135 3001 1222 3076 ratio,

61 3079 214 3142 Christum
235 3077 266 3138 in
279 3078 364 3138 unius
382 3096 508 3158 persona
525 3078 680 3159 l'cquutum
701 3101 763 3139 esse
781 3079 927 3154 omnihus,
947 3091 980 3138 ut
991 3077 1142 3139 Ecclesiae
1155 3077 1232 3151 uni-p

59 3169 150 3216 tatem
171 3156 402 3220 commendaret.
440 3155 610 3237 Excipiant,
627 3155 691 3216 aliis
710 3155 847 3216 omnihus
865 3155 1021 3236 praeferri,
1039 3153 1222 3244 cuihoc'pe3

59 3233 212 3295 euliariter
232 3230 331 3292 datum
353 3243 405 3291 est.
444 3232 512 3292 Hoc
531 3253 603 3292 vero
624 3231 747 3313 perinde
768 3244 822 3309 est,
841 3231 900 3294 acsi
919 3231 1013 3316 magis
1031 3231 1119 3298 luisse
1136 3233 1224 3312 Apo-

58 3311 169 3370 stolum
190 3308 418 3382 contenderent,
438 3329 524 3387 quam
539 3329 608 3370 suos
620 3308 764 3390 collegas:
785 3330 823 3369 ne
847 3330 882 3370 ue
895 3309 973 3369 enim
987 3330 1003 3368 a
1017 3309 1145 3370 docendi
1155 3331 1221 3368 mu-

58 3407 131 3446 nere
153 3395 184 3446 et
203 3383 383 3464 Apostolum
401 3385 494 3466 magis
515 3383 601 3446 avelli
643 3395 719 3444 otest
743 3331 854 3466 ligandi
880 3398 910 3446 et
929 3385 1062 3446 soluendi
1082 3396 1223 3466 potestas,

58 3481 149 3541 quan
173 3481 191 3522 a
212 3460 276 3523 sola
296 3459 378 3520 calor
396 3460 443 3520 rel
464 3464 571 3522 lamen.
612 3405 771 3524 gaeterum
791 3475 824 3522 ut
842 3463 959 3536 demus,
985 3463 1077 3523 Petro
1097 3481 1222 3522 conces-

57 3536 715 3675 {tlelmtltlllltttttJ‘lttls
725 3537 1224 3676 tt12³tttautta²¹⁰t¹tu

56 3691 173 3752 versele
193 3702 271 3752 esset
288 3689 380 3750 totius
392 3635 541 3752 Ecctellae
561 3658 658 3772 eaput.
696 3691 771 3750 Nam
791 3705 820 3751 et
835 3693 892 3753 aliu
932 3705 975 3751 est
994 3659 1120 3826 dignitas
1133 3709 1220 3768 quarn

57 3767 228 3850 imperium,
247 3765 367 3828 etaliud
381 3764 459 3826 inter
471 3787 581 3847 paucos
600 3787 713 3830 summo
734 3767 857 3830 honoris
876 3769 969 3852 gradu
989 3789 1028 3846 po
1042 3770 1113 3840 lere,
1134 3785 1222 3856 quam
1338 3805 1346 3816 -

55 3843 111 3904 sub
133 3843 218 3904 ulnas
238 3865 302 3903 suas
322 3841 465 3925 colligere
483 3855 580 3904 totum
599 3844 712 3908 orbem.
751 3846 792 3906 Et
809 3867 879 3906 sane
898 3865 961 3904 ιιοιι
977 3845 1042 3924 plus
1061 3841 1103 3904 illi
1122 3861 1222 3904 oneris

56 3921 203 4012 imposuit
214 3917 359 3992 chrissus,
379 3939 465 3998 quam
486 3919 571 3980 obire
591 3932 699 4003 posset.
738 3922 862 3984 Iuhetur
880 3919 967 4014 regni
986 3919 1138 4012 coelorum
1158 3937 1220 3980 esse

56 3999 181 4070 ruitum
200 3997 320 4057 iubetrrr
339 3995 460 4078 ligando
481 4007 511 4056 et
530 3996 674 4058 eeucado
693 3999 861 4079 dispensare
871 3996 930 4058 Der
982 4009 1079 4066 auam,
1099 3995 1220 4076 eiusque
1319 4037 1327 4056 ,

55 4073 201 4134 indicium
221 4073 251 4134 in
272 4085 351 4134 terra
371 4073 502 4152 exsequi:
522 4093 630 4154 nempe
650 4087 793 4154 quatenus
813 4097 845 4136 se
864 4086 950 4136 exten
974 4073 998 4132 't
1014 4071 1146 4134 mortalis
1164 4075 1221 4134 ho-

54 4151 145 4210 minis
166 4147 298 4210 facultas.
336 4150 420 4242 Ergo
446 4149 585 4230 quicquid
611 4150 639 4210 ei
664 4149 762 4210 datum
784 4163 843 4226 est,
867 4153 903 4212 ad
923 4169 1087 4211 mensuram
1108 4150 1222 4244 gratiae

52 4225 241 4308 restringere
262 4238 418 4302 convenit,
443 4247 500 4306 qua
525 4228 650 4288 donatus
676 4241 719 4288 est
743 4229 775 4290 in
799 4226 951 4288 Ecclesiae
977 4226 1220 4292 aedificationem.

53 4304 103 4364 Ita
124 4302 260 4363 concidit
277 4301 448 4364 immensum
470 4302 542 4363 illud
561 4301 727 4383 imperium,
751 4303 831 4385 quod
852 4302 893 4364 illi
913 4324 980 4364 arro
1003 4316 1055 4364 ant
1073 4303 1220 4386 Papistae,

54 4382 174 4442 Veram
194 4389 228 4440 nt
247 4377 387 4446 detero
407 4379 483 4442 nihil
500 4380 539 4444 sit
558 4381 777 4446 controversiae
797 4391 847 4443 aut
867 4379 935 4457 litis,
954 4323 1136 4444 nililtamen
1150 4383 1220 4444 inde

331 4660 385 4732 'x
