2768 4834
332 265 491 354 (at-ad
524 275 606 340 teins
625 267 715 340 docet
733 279 941 362 Neminie.)
1150 295 1209 367 tit
1232 233 1235 246 ·

52 425 136 491 oculi
160 439 260 493 erant
282 433 402 498 intenti
422 435 461 498 in
481 454 563 500 enni.
592 435 644 502 ai.
665 433 788 524 Coepit
804 451 916 506 autem
938 438 1048 507 dicere
1062 440 1201 525 adillos,

52 528 158 593 Hodie
183 530 325 616 impleta
347 541 396 596 est
416 531 499 600 baec
520 535 684 622 Scriptura
706 539 740 603 in
764 537 895 604 auribus
916 543 1039 608 vestris.
1081 543 1132 613 22.
1157 540 1201 616 Et

51 653 159 696 omnes
184 634 424 699 testimonium·
439 634 488 701 illi
516 635 649 716 dabant,
684 647 717 704 et
743 637 941 706 mirabantur
961 661 1060 728 super
1079 665 1200 712 sermo-

50 731 142 797 nibus
173 737 323 816 gratiae,
356 738 413 820 qui
441 736 668 822 procedebant
698 759 736 804 ex
764 763 823 808 ore
841 743 955 830 ipsius,
987 763 1026 808 ac
1047 743 1201 816 dicebant

49 833 166 898 bonne
191 833 252 898 bic
274 846 324 900 est
344 835 434 903 filius
456 837 593 924 loseph?
859 837 865 844 ’

117 1032 170 1091 itt
217 1026 315 1088 Venit
337 1026 499 1088 Nazareth.
539 979 576 1089 Iri
602 1031 659 1092 hoc
685 1052 746 1094 uno
771 1033 909 1098 insistunt
931 1007 1139 1130 Euangelistae
1158 1052 1192 1102 ut
1290 1081 1294 1088 ι

49 1103 218 1177 ostendant,
240 1105 348 1195 quibus
369 1107 553 1166 documentis
572 1106 890 1188 innotueritChristus‚
910 1113 991 1173 cuins
1010 1135 1055 1174 rei
1074 1137 1188 1178 meino-
1225 1181 1227 1188 χ
1303 1186 1305 1194 ,

49 1179 135 1239 rahile
164 1202 325 1260 specimen
346 1181 394 1242 hic
413 1182 507 1242 refert
524 1183 633 1244 Lucas:
665 1206 771 1266 nempe
792 1190 873 1268 quod
892 1189 990 1250 locum
1009 1190 1119 1252 Iesaiae
1140 1216 1190 1254 ex-

48 1277 178 1334 ponens,
207 1268 242 1317 et
260 1259 487 1336 accommodans
506 1259 543 1320 ad
562 1271 747 1340 praesentem
767 1286 865 1340 usum,
883 1265 987 1326 oculos
1006 1267 1137 1328 omnium
1158 1271 1189 1332 in

47 1353 72 1390 se
91 1334 293 1394 converterit.
333 1334 437 1410 Quum
457 1335 538 1412 dicit,
558 1358 593 1396 eii
612 1357 695 1397 more
714 1340 828 1400 venisse
847 1341 877 1399 in
897 1362 1093 1425 synagogam,
1119 1345 1189 1407 hinc

48 1409 235 1491 colligimus,
266 1432 330 1472 non
357 1424 470 1470 tantuin
497 1411 528 1471 iri
553 1413 689 1494 compitis
712 1415 761 1474 vel
785 1415 877 1476 triviis
901 1417 996 1496 ipsum
1017 1420 1054 1477 ad
1072 1419 1191 1510 plebem

46 1486 130 1545 rerba
152 1487 275 1561 secisse,
294 1489 347 1548 scd
362 1501 503 1568 qnantum
524 1489 648 1565 licebat,
667 1512 796 1552 servasse
812 1493 949 1554 usitatum
964 1493 1115 1555 Ecclesiae
1134 1518 1186 1557 or-

47 1560 152 1624 dinem.
202 1563 301 1624 Simul
327 1565 416 1625 etiam
436 1566 583 1641 videmus,
614 1568 744 1647 quamvis
764 1570 992 1651 degenerassent
1010 1571 1127 1647 Iudaei,
1157 1573 1193 1638 in

47 1639 128 1698 relius
149 1651 255 1700 tamen
276 1641 408 1702 confusis
430 1653 459 1702 et
477 1644 582 1704 misere
603 1657 745 1724 corrupto
756 1646 906 1707 Ecclesiae
925 1657 1001 1706 statu
1022 1647 1078 1708 boc
1099 1648 1187 1711 luisse

47 1713 114 1774 boui
134 1717 306 1792 residuum,
332 1719 416 1808 quod
435 1719 617 1799 Scripturam
639 1719 779 1802 legebant
797 1743 896 1783 corani
916 1723 1048 1804 popido,
1067 1737 1100 1785 ut
1117 1725 1188 1790 inde

47 1806 195 1854 sumerent
213 1794 350 1854 'docendi
375 1808 408 1856 et
431 1797 604 1856 exhortandi
626 1797 787 1858 materiam.
831 1800 919 1860 Unde
947 1799 1034 1860 etiam
1054 1815 1191 1883 apparet,

47 1889 116 1945 quae
138 1869 233 1930 suerit
250 1871 383 1952 genuina
404 1883 435 1932 et
455 1872 584 1964 legitima
604 1872 722 1934 colendi
733 1875 857 1936 Sabbati
876 1877 969 1938 ratio:
989 1896 1086 1956 neque
1107 1880 1186 1942 enim

48 1944 109 2004 ideo
144 1948 292 2026 populum
322 1969 409 2008 suum
441 1949 528 2010 serias
547 1949 636 2031 ager'e
662 1950 744 2012 iussit
767 1953 866 2027 Deus,
906 1954 986 2033 quasi
1012 1954 1187 2035 simpliciter

48 2021 102 2080 eins
130 2024 197 2083 otio
224 2024 441 2099 delectaretur,
471 2027 523 2086 sed
546 2027 644 2104 potius
669 2038 703 2088 ut
725 2027 756 2094 iii
777 2049 901 2110 operum
920 2051 1040 2090 snorum
1058 2032 1184 2093 medita-

47 2098 124 2159 tione
149 2100 232 2162 illuni
259 2113 422 2162 exerceret.
465 2101 562 2163 Porro
584 2103 721 2182 quoniam
742 2104 773 2164 in
792 2105 1011 2170 considerandis
1030 2104 1090 2167 Dei
1108 2129 1184 2189 ope-

47 2175 121 2237 ribus
133 2178 318 2242 'caecutiunt
337 2177 490 2238 hominum
510 2189 634 2253 mentes,
653 2179 824 2260 scripturae
844 2203 860 2240 r
900 2183 946 2242 ula
966 2181 1053 2266 dirigi
1063 2205 1185 2244 necesse

47 2265 92 2311 cst
153 2253 342 2334 Quanquam,
369 2265 466 2314 autem
496 2255 574 2315 inter
602 2255 691 2338 Legis
721 2257 838 2324 umbras
861 2203 1025 2327 {ibbatu'm
1050 2271 1187 2330 numerat

46 2325 160 2402 Paulus,
180 2331 235 2390 hac
256 2343 357 2390 tamen
378 2331 408 2390 in
428 2344 511 2411 parte
531 2333 693 2393 communis
712 2333 800 2393 nobis
821 2344 865 2394 est
884 2333 1008 2400 feriandi
1027 2338 1104 2399 ratio
1116 2354 1184 2406 cuin

47 2403 166 2481 Indaeis,
185 2419 220 2466 ut
240 2408 370 2487 populus
390 2409 427 2468 ad
446 2408 623 2468 audiendum
641 2409 780 2482 verbum,
804 2412 840 2471 ad
860 2409 993 2490 publicas
1033 2433 1131 2486 renes,
1151 2423 1184 2478 et

47 2483 151 2561 reliqua
178 2484 299 2564 pietatis
327 2485 463 2545 exercitia
488 2483 653 2545 conveniat.
697 2486 733 2543 In
754 2506 841 2563 quem
861 2487 998 2544 usumin
1020 2485 1182 2547 aicoSab-

48 2556 111 2618 bato
130 2561 275 2621 successit
293 2559 356 2622 dies
377 2561 560 2622 Dominicus.
606 2560 712 2620 Iamsi
732 2573 899 2640 temporum
920 2560 971 2618 liat
989 2562 1186 2642 comparatio,

46 2633 125 2696 sicile
151 2637 201 2698 rel
230 2659 264 2696 ex
313 2637 439 2698 raesenti
465 2638 533 2697 loco
561 2636 727 2707 constabit,
757 2635 908 2698 foediores
928 2635 1017 2695 bodie
1038 2650 1069 2699 et
1087 2638 1179 2718 magis

46 2713 187 2774 deformes
209 2735 273 2774 esse
292 2659 411 2804 i’apalis
430 2713 611 2776 hierarchiae
631 2712 829 2792 corruptelas,
850 2733 944 2802 qnam·
955 2712 1033 2792 apud
1053 2711 1184 2778 Iudaeos

46 2789 93 2847 sub
113 2793 224 2852 ilanna
245 2802 276 2850 et
296 2791 351 2851 Cai
376 2791 411 2850 ha
433 2790 551 2850 suerint.
590 2791 665 2852 Nam
685 2789 855 2870 Scripturae
876 2787 982 2862 lectio,
1014 2809 1087 2869 quae
1107 2799 1178 2848 tnnc

45 2869 174 2956 vigebat,
205 2887 270 2926 non
290 2889 340 2926 mo
365 2887 382 2926 o
403 2867 456 2926 sub
476 2863 558 2946 Papa
577 2865 740 2940 obsolevit,
764 2866 816 2926 sed
835 2865 916 2925 ferro
937 2877 967 2924 et
985 2865 1048 2948 igni
1067 2887 1084 2927 a
1103 2876 1181 2926 tem-

65 2945 96 3002 lis
120 2956 256 3014 arcetur,
286 2943 343 3006 nisi
390 2945 449 3004 uod
474 2942 573 3024 lingua
598 2943 751 3026 incognita
776 2941 966 3022 quodvisuui
988 2942 1081 3005 estin
1101 2941 1179 3002 ludi-

46 2964 133 3080 brium
160 3020 324 3082 cantillant.
368 2965 501 3081 durrexit
526 3020 659 3081 Christus
683 3019 720 3079 ad
746 3017 920 3102 legendum,
949 3039 1011 3082 non
1031 3019 1126 3080 solum
1145 3031 1183 3090 ut

44 3119 95 3156 roa
114 3099 176 3157 eius
195 3098 300 3156 melius
322 3097 516 3170 exaudiretur,
534 3096 586 3156 sed
605 3095 636 3158 in
656 3095 772 3230 signum
791 3095 982 3184 reverentiae.
1020 3096 1095 3156 Nam
1116 3097 1175 3156 boc

47 3185 169 3234 meretur
193 3173 368 3254 scripturae
393 3173 542 3246 maiestas,
570 3184 604 3231 ut
627 3193 682 3252 pro
706 3184 823 3240 teantur
841 3172 902 3232 eius
921 3181 1119 3253 interpretes,
1144 3193 1181 3236 sc

46 3254 172 3311 modeste
192 3261 223 3310 et
240 3261 416 3309 reverenter
434 3249 469 3310 ad
490 3271 554 3309 eam
573 3250 753 3309 tractandam
772 3249 922 3309 accedere.

114 3333 162 3393 17.
200 3325 317 3386 lanarii
341 3326 445 3390 locum.
489 3327 559 3384 Non
587 3324 706 3384 dubium
733 3336 792 3397 est,
824 3323 895 3415 quin
922 3323 1057 3384 consulto
1077 3324 1179 3390 locuni

48 3404 116 3464 hunc
138 3403 272 3464 Christus
293 3403 447 3484 delegerit.
484 3401 595 3460 Putant
613 3401 740 3480 quidam,
760 3400 896 3461 divinitus
915 3400 958 3460 illi
977 3401 1066 3462 luisse
1087 3401 1173 3461 ohla-

48 3493 117 3553 tnm,
145 3480 197 3541 sed
219 3501 310 3558 quum
330 3479 425 3538 libera
445 3478 488 3538 illi
508 3479 627 3539 daretur
647 3477 769 3550 electio,
798 3477 876 3536 malo
897 3475 1014 3537 adeius
1035 3477 1175 3538 iudicium

48 3559 160 3632 referre,
180 3557 263 3636 quod
284 3558 363 3618 bunc
383 3555 481 3616 locurn
498 3567 571 3634 'prae
591 3553 654 3614 aliis
673 3554 793 3615 invenit.
831 3551 928 3614 Porro
949 3553 1008 3614 illic
1028 3551 1176 3642 promittit

48 3633 143 3694 lesaias
173 3647 244 3714 post
277 3631 408 3693 exsilium
433 3629 646 3711 Babylonicum
672 3631 786 3690 futuros
809 3629 903 3689 adbuc
928 3631 1040 3720 aliquos
1101 3628 1182 3700 etiae

47 3708 96 3769 Dei
121 3723 226 3787 testes,
257 3709 309 3789 qui
329 3728 374 3788 ,po
399 3707 476 3766 ulum
503 3706 539 3766 ab
560 3708 680 3766 interitu
701 3719 731 3767 et
748 3705 851 3772 mortis
870 3707 1001 3776 tenebris
1021 3726 1057 3776 co
1083 3707 1180 3786 igant,

48 3799 72 3844 tt
97 3785 258 3848 Ecclesiam
288 3796 337 3844 tot
365 3730 494 3844 cladibus
525 3783 663 3844 afflictam
690 3781 833 3864 spirituali
862 3783 974 3844 virtute
1000 3779 1178 3869 instaurent,

47 3861 99 3922 Sed
122 3865 192 3945 qnia
218 3863 306 3924 unius
333 3861 443 3922 Christi
463 3860 585 3920 noniine
605 3873 636 3920 et
655 3858 788 3940 auspiciis
808 3857 1021 3940 promulganda
1042 3867 1105 3921 erat
1123 3853 1177 3945 illa

48 3941 219 4031 redemptio,
252 3939 284 3997 in
305 3937 446 4018 singulari
464 3957 588 3996 numero
609 3935 758 4016 loquitur,
790 3946 821 3998 et
840 3931 1058 4016 quodammodo
1077 3933 1175 4022 induit

49 4017 147 4076 Christi
167 4035 340 4096 personam,
360 4034 418 4104 quo
440 4010 586 4074 efficacius
606 4013 723 4092 piorum
742 4012 854 4078 animos
874 4007 1174 4100 inbonapihdncram
1212 4033 1215 4038 ·

49 4094 139 4175 erigat.
186 4093 313 4154 Certum
334 4091 451 4170 quidem
473 4103 524 4166 est,
545 4111 619 4169 quae
637 4087 852 4160 hichohentnr
869 4108 935 4157 non⁴
953 4086 1058 4176 nisiin
1077 4083 1175 4176 solum

51 4169 187 4230 Christum
208 4170 251 4228 ob
273 4168 343 4227 duas
362 4187 461 4228 causas
480 4167 603 4248 proprie
623 4177 806 4246 competere:
826 4165 952 4246 primurn
968 4182 1034 4241 quia
1047 4163 1173 4244 Spiritus

51 4245 224 4321 plenitudine
251 4243 332 4304 solus
358 4245 486 4304 donatus
512 4255 572 4316 est,
600 4254 634 4302 nt
658 4243 738 4304 testis
764 4261 796 4312 ac
821 4241 934 4324 legatus
959 4250 1036 4320 esset
1053 4249 1174 4299 nostrae
1222 4249 1230 4264 ⁸
1258 4301 1267 4314 ⁸

51 4325 196 4393 eumlleo
225 4319 477 4382 reconciliationis
501 4323 581 4399 (qua
605 4320 720 4382 ratione
744 4316 851 4380 Paulus
875 4316 1004 4396 (Ephes.
1029 4323 1065 4392 2,
1094 4315 1174 4390 fh),

51 4401 118 4478 qued
140 4395 305 4480 Evangelii
328 4397 468 4461 ministris
492 4411 650 4465 commune
675 4407 735 4472 est,
763 4394 951 4484 peculiariter
968 4392 1014 4456 illi
1031 4392 1176 4476 assignata
