2764 4854
430 211 580 290 (hm-⁵2.
621 210 701 308 Iqsus
721 211 859 290 capitur.)
930 293 937 300 ἢ
1132 165 1149 188 s
1165 217 1226 280 335

69 363 142 422 timis
162 361 269 444 opibus
288 373 319 423 et
338 363 512 424 adiumentis
532 361 713 436 destituitur,
744 363 780 423 ad
800 381 887 442 prava
908 361 1030 422 consiiia
1051 372 1082 420 ct
1100 361 1222 426 vitiosos

68 449 188 499 conatus
212 457 354 520 praeceps
379 441 505 522 rapitur:
531 459 639 520 nempe
659 441 724 519 quia
767 439 830 500 auci
850 441 885 498 ad
905 459 1040 498 arcanam
1059 437 1119 498 Dei
1142 451 1221 502 tute-

69 516 121 574 iant
146 518 318 590 attendunt,
343 537 417 596 quae
442 516 504 577 soia
529 517 565 576 ad
591 528 728 595 praestan
751 537 796 576 am
823 515 910 576 nobis
937 515 1066 594 quietern
1085 515 1222 579 sufficere

69 592 202 652 debebat.
241 593 380 652 Imminet
398 593 484 652 nobis
526 592 681 652 ericuiuur:
712 593 780 674 quia
805 592 895 654 exitus
920 593 1079 652 secuudum
1102 613 1222 656 carnem

69 690 126 728 non
147 680 280 750 apparet,
301 669 357 729 hoc
378 670 423 730 vei
443 613 743 750 disiungimur,
764 668 844 748 quasi
865 667 937 728 nulii
956 669 1015 728 siut
1027 669 1155 729 incoeio
1168 690 1221 731 an-

88 745 134 819 eii,
154 767 227 826 quos
247 745 335 806 toties
356 745 508 826 Scriptura
527 745 639 825 positos
658 745 758 806 salutis
775 755 893 824 nostrae
909 765 994 806 causa
1013 746 1148 806 custodes
1158 766 1222 809 esse

68 765 144 881 dicit.
177 823 280 900 ltaque
300 843 355 881 nos
376 843 477 882 eorum
497 822 603 881 auxilio
622 822 783 912 privamus:
804 842 869 881 natu
890 841 1082 902 quoscunque
1100 843 1152 884 sua
1173 824 1220 884 in-

68 898 206 978 quietudo
227 909 257 958 et
277 897 363 958 nimia
385 899 512 959 anxietas
531 898 720 978 praecipitat,
740 911 773 958 ut
791 919 892 958 manus
913 899 948 960 ad
968 899 1057 958 vetita
1077 900 1231 962 maiorum·

67 975 193 1035 remedia
214 976 382 1048 extendant,
402 987 513 1036 certum
534 987 577 1034 est
597 995 648 1034 eos
667 975 725 1035 liei
746 974 950 1056 providentiae
970 977 1148 1036 renuntiare.

139 1059 188 1116 tt.
230 1050 379 1134 Qwrnsdo
397 1073 467 1144 erpo
487 1050 678 1126 implebuntur
694 1055 874 1127 scriptur-ne?
912 1053 978 1112 Hoc
998 1051 1091 1112 verbo
1110 1053 1223 1114 inteiii-

66 1127 108 1208 git
129 1120 274 1264 Christps‘,
295 1129 368 1188 nihii
386 1127 442 1187 aibr
463 1128 635 1188 tentandum
657 1147 720 1188 esse
741 1125 929 1210 eiiugiendae
948 1129 1051 1188 mortis
1071 1150 1166 1205 causa,
1185 1133 1223 1191 ad
1247 1154 1252 1184 r
1293 1187 1297 1196 ,

67 1225 150 1294 quam
171 1204 229 1263 s'cie
252 1217 282 1264 at
301 1225 317 1264 a
338 1205 425 1264 Patre
446 1223 477 1264 se
496 1204 606 1264 vocari.
645 1205 713 1264 Non
740 1205 848 1286 egebat
867 1205 984 1283 quidem
1004 1205 1066 1285 ipse
1085 1207 1222 1287 Scriptu-

66 1302 112 1350 ra,
133 1301 167 1340 ex
188 1281 293 1360 quibus
314 1280 454 1355 disceret,
473 1280 529 1340 sibi
549 1281 684 1340 divinitus
705 1281 866 1342 iniunctum
887 1301 948 1342 esse
969 1295 1039 1342 tunc
1059 1283 1222 1358 mori,-scd

65 1357 129 1436 quia
151 1377 213 1418 non
234 1369 338 1418 tenent
358 1357 507 1430 mortales,
527 1357 595 1436 quid
617 1357 695 1448 apud
714 1379 746 1418 se
758 1357 839 1418 Deus
858 1358 1002 1433 statuerit,
1019 1360 1115 1419 donec
1126 1359 1222 1420 verbo

64 1434 192 1511 patefiat,
212 1433 345 1493 Christus
365 1433 523 1513 discipulos
542 1434 713 1513 respiciens,
732 1437 813 1515 quod
832 1433 990 1494 voluntatis
1003 1455 1072 1494 suae
1086 1436 1222 1495 testimo-

65 1509 143 1569 nium
164 1510 294 1570 redrttdtr
312 1510 404 1584 Deus,
424 1510 530 1571 merito
550 1510 580 1568 in
600 1511 728 1570 medium
746 1512 894 1602 producit.
933 1511 1063 1586 Scimus,
1083 1511 1227 1592 quiequid

64 1586 205 1645 maiorum
228 1587 313 1647 nobis
333 1587 453 1661 accidit,
480 1607 496 1648 a
515 1586 583 1646 Deo
605 1588 670 1667 ipso
691 1587 801 1668 inilrgi,
829 1588 880 1648 scd
901 1588 968 1666 quia
989 1588 1025 1647 de
1046 1599 1152 1648 eventu
1172 1611 1222 1648 su-

63 1683 124 1720 mus
144 1661 242 1736 dubii,
262 1663 391 1724 remedia
412 1683 486 1743 quae
528 1663 650 1723 ermittit
669 1663 850 1742 quaerendo,
871 1683 932 1723 non
952 1664 1127 1746 insurgimus
1147 1685 1222 1724 con-

64 1747 105 1796 tra
126 1739 188 1798 eius
208 1739 379 1820 imperium,
404 1740 455 1800 sed
482 1683 533 1798 nii
559 1752 710 1820 comperta
731 1751 775 1799 est
794 1741 857 1799 eius
875 1739 1025 1815 uoluntas,
1050 1740 1123 1799 niirii
1142 1741 1222 1801 aliud

63 1825 152 1874 restat
177 1831 262 1894 quam
289 1817 448 1896 quiescere.
489 1817 667 1896 Quanquam
693 1828 792 1876 autem
812 1817 946 1877 Christus
966 1817 1013 1877 hic
1033 1827 1144 1878 tantum
1166 1820 1222 1878 do-

63 1901 123 1966 cet,
148 1893 296 1972 patienter
315 1893 466 1954 serendam
486 1893 542 1952 sibi
563 1913 625 1954 esse
645 1905 787 1966 mortem,
812 1894 880 1972 quia
899 1893 1059 1973 Scripturis
1084 1905 1221 1954 testatum

63 1967 99 2025 sit
119 1979 260 2048 oportere
279 1969 321 2030 sic
340 1970 415 2044 fieri,
435 1970 519 2028 huius
538 1981 637 2030 tamen
654 1969 808 2030 doctrinae
825 1991 890 2030 usus
906 1970 991 2030 iatius
1003 1981 1093 2049 patet,
1113 1992 1221 2051 nempe

62 2043 243 2124 scripturam
272 2045 413 2106 idoneum
445 2065 508 2106 esse
539 2046 706 2106 domandae
736 2045 831 2108 carnis
860 2047 1064 2107 contumaciae
1088 2047 1221 2107 ireuum:
1267 2109 1276 2128 .

63 2121 128 2197 quia
151 2118 180 2180 in'
202 2122 280 2181 hunc
299 2121 388 2181 finem
407 2121 495 2182 nobis
516 2123 647 2182 ostendit
664 2123 766 2196 Deus,
792 2122 862 2200 quid
881 2122 936 2182 sibi
956 2121 1087 2201 placcat,
1113 2136 1146 2182 ut
1164 2145 1222 2183 uos

62 2198 214 2256 contineat
235 2199 266 2256 in
292 2197 451 2258 voluntatis
475 2217 544 2256 snae
565 2198 720 2276 obsequio.
760 2197 961 2261 idco.Pauius
981 2198 1031 2256 has
1050 2197 1222 2277 Scripturae
1305 2213 1334 2269 ‘¹

62 2274 196 2352 proprias
216 2272 351 2334 attribuit
364 2283 485 2354 partes,
504 2285 537 2330 ut
557 2293 611 2330 nos
632 2273 669 2331 ad
688 2271 860 2350 patientiam
881 2273 1010 2346 erudiat,
1031 2285 1060 2332 et
1080 2273 1111 2332 in
1130 2273 1220 2335 rebus

60 2349 186 2410 ariversis
210 2348 396 2428 suppeditet,
422 2359 562 2426 quantum
583 2367 657 2427 opus
677 2359 722 2406 cst
741 2347 962 2408 consolationis.
1000 2347 1123 2410 Brevius
1143 2353 1221 2430 apud

60 2425 169 2484 ituream
196 2422 354 2502 discipulos
380 2424 505 2504 castigat
524 2421 674 2498 Christus,
698 2427 781 2482 sinite
798 2419 959 2504 lacumque:
985 2425 1036 2485 sed
1056 2438 1153 2486 tamen
1174 2449 1220 2487 as-

60 2519 131 2580 pere
153 2500 182 2557 in
204 2499 475 2559 eorum-audaciam
496 2500 664 2574 invehitur,
684 2501 751 2578 quia
771 2499 807 2558 ad
829 2500 996 2562 damnabile
1017 2501 1128 2561 facinus
1148 2525 1220 2582 pro-

81 2575 245 2652 ressi'sint,
265 2596 432 2658 quanquam
451 2575 536 2636 simui
554 2595 636 2656 spem
655 2575 759 2636 reniae
780 2575 861 2654 iacit,
879 2577 903 2636 si
924 2597 1015 2657 pravo
1036 2577 1153 2640 fervore
1172 2599 1220 2640 se-

59 2597 129 2716 dato
150 2653 225 2712 nitra
246 2673 307 2712 non
349 2651 490 2712 rosiiiant.

135 2729 207 2789 Luc.
226 2735 274 2795 51.
428 2731 562 2806 tetigisset
579 2729 741 2790 noandum
759 2731 828 2789 eiras
872 2729 972 2788 Stuito
996 2749 1050 2789 suo
1074 2729 1141 2792 acio
1161 2731 1219 2792 Pe-

59 2817 120 2866 trus
151 2819 272 2888 gravem
301 2805 450 2865 infamiam
481 2805 621 2884 magistro
652 2826 706 2868 suo
738 2807 860 2941 eiusque
890 2806 1043 2866 doctrinae
1067 2807 1219 2868 inusserat.

59 2883 121 2942 Nec
148 2903 220 2942 vero
247 2881 367 2944 dubium
393 2893 452 2956 est,
476 2883 548 2961 quin
573 2883 632 2944 hoc
657 2882 781 2944 artificio
827 2893 893 2941 atan
919 2883 1076 2943 tentaverit
1095 2895 1219 2946 aeterno

60 2959 173 3038 probro
194 2959 387 3050 Evangciium
429 2979 539 3034 ravare,
564 2959 646 3039 quasi
667 2957 800 3020 Christus
820 2959 857 3018 ad
877 2979 922 3018 res
943 2960 1091 3020 novandas
1110 2961 1219 3022 sicariis

59 3055 92 3094 ac
112 3036 298 3096 tumultuosas
318 3036 417 3096 comitr
441 3057 474 3095 us
493 3056 560 3094 usus
580 3047 666 3096 esset.
706 3037 790 3096 Hauc
811 3034 901 3118 igitur
921 3055 1034 3096 cansam
1056 3036 1143 3098 fuisse
1157 3039 1218 3098 exi-

57 3111 156 3187 stimo,
177 3133 229 3171 cur
247 3111 350 3174 suiuus
369 3112 406 3171 ab
428 3131 466 3172 eo
486 3111 629 3171 inflictum
643 3112 775 3174 Christus
788 3112 943 3172 sanaverit.
976 3111 1134 3174 Caeterum
1147 3115 1216 3174 hor-

58 3187 151 3250 ribilis
177 3209 211 3249 ac
237 3189 424 3270 prodigiosus
448 3199 552 3267 stupor
575 3189 673 3248 tenuit
696 3189 813 3262 hostes,
834 3207 908 3268 quos
932 3189 1005 3248 nihii
1032 3190 1125 3250 movit
1144 3193 1234 3252 tanti

57 3263 189 3326 miraculi
213 3278 398 3344 conspectus.
449 3265 545 3323 Minus
567 3269 668 3330 tamen
691 3263 796 3324 mirum
826 3277 885 3340 est,
914 3266 945 3324 in
970 3265 1065 3326 aliena
1092 3289 1218 3359 persona

59 3338 170 3402 Christi
189 3341 327 3402 virtutem
347 3361 409 3400 non
429 3361 493 3402 esse
512 3340 765 3420 intuitoquuum
785 3361 860 3402 voce
880 3342 940 3403 eius
960 3353 1099 3420 prostrata
1119 3344 1218 3406 sur-ere

58 3437 118 3476 non
140 3417 317 3479 destiterint.
357 3418 415 3476 Hie
436 3429 482 3478 est
499 3416 618 3496 spiritus
637 3417 802 3499 vertiginis,
822 3438 881 3508 quo
902 3417 1047 3497 reprobos
1068 3419 1216 3482 dementat
1282 3467 1286 3476 ,

58 3493 166 3570 Satan,
190 3493 241 3554 ubi
266 3495 296 3554 in
323 3493 496 3557 coecitatem
521 3491 689 3553 aDomiuo
715 3494 842 3574 proiecta
866 3505 943 3553 sunt.
982 3494 1018 3552 In
1045 3495 1110 3575 ipso
1130 3517 1216 3575 prae·

56 3571 155 3630 sertim
166 3591 264 3646 servo,
284 3569 334 3652 qni
352 3583 468 3630 sanatus
485 3569 549 3643 suit,
570 3569 702 3631 notabile
712 3581 803 3630 exstat
812 3569 1029 3652 ingratitudinis
1040 3571 1217 3650 exemptum:

56 3645 199 3726 siquidem
226 3667 281 3707 nec
307 3646 403 3707 divina
425 3647 535 3708 Christi
563 3647 670 3708 virtute
695 3646 831 3706 subactus
858 3647 927 3720 init,
950 3657 984 3704 ut
1003 3666 1019 3705 a
1038 3669 1088 3706 sua
1109 3647 1217 3708 duritie

56 3724 113 3782 resi
137 3719 260 3799 isceret,
290 3739 346 3782 nec
377 3722 525 3782 beneficio
556 3723 667 3796 rictus,
698 3733 733 3781 ut
764 3741 797 3782 ex
827 3723 914 3782 hoste
941 3721 1098 3801 discipulus
1123 3721 1217 3784 fieret.

57 3745 152 3860 Stniie
174 3803 252 3862 enirn
273 3799 433 3860 commenti
453 3808 523 3860 suut
541 3799 806 3873 monachi,'animo
827 3817 946 3878 quoque
967 3798 1053 3856 fuisse
1072 3812 1217 3876 sanatum,

56 3895 94 3932 nc
113 3877 246 3938 mutilum
267 3889 343 3938 esset
363 3874 474 3936 Christi
494 3895 583 3954 opus,
603 3875 776 3954 quasivero
796 3895 864 3934 uon.
877 3895 917 3934 se*
929 3871 1061 3952 quotidie
1080 3874 1139 3934 Dei
1160 3877 1215 3936 bo-

55 3949 129 4011 nitas
150 3953 186 4013 ad
206 3953 267 4012 indi
290 3973 344 4013 uos
364 3951 505 4026 eiiundat.
813 4012 815 4024 ,

131 4029 236 4088 Matth.
250 3973 297 4095 bh.
338 4029 495 4108 Tempsam
510 4025 555 4088 nd
571 4027 719 4088 hnmana
760 4027 812 4086 His
831 4025 929 4086 serbis
950 4025 1214 4103 expostulatChri·

56 4111 115 4164 stus
140 4127 206 4165 curn
231 4105 363 4166 hostibus
382 4105 459 4180 suis,
489 4105 538 4184 qui
559 4104 595 4163 ad
615 4105 801 4164 conflandam
822 4102 849 4162 ei
870 4099 1007 4180 invidiam
1028 4104 1141 4184 maguis
1162 4127 1214 4166 ro-

56 4179 110 4256 piis
135 4181 267 4242 instructi
292 4193 447 4243 venerant:
472 4202 539 4239 nam
566 4180 612 4240 hic
637 4201 738 4241 sensus
758 4189 816 4253 cst,
846 4179 916 4257 quid
942 4198 1015 4256 opus
1036 4179 1091 4238 fuit
1110 4194 1213 4242 contra

56 4275 106 4313 ure
124 4267 206 4316 tanto
227 4277 373 4317 armorum
394 4267 556 4338 apparatu,
577 4256 635 4315 acsi
657 4257 732 4316 istro
753 4253 894 4336 quispiam
914 4257 1095 4333 superandus
1117 4257 1214 4317 foret?

56 4333 147 4412 Atqui
167 4353 225 4412 ego
245 4353 362 4414 semper
381 4333 499 4396 inermis
520 4353 552 4393 ac
573 4331 703 4412 placidus
724 4331 872 4392 intervos
893 4331 962 4390 visi:
983 4352 1072 4411 quum
1092 4334 1120 4392 in
1140 4347 1213 4394 tem·

658 4531 663 4558 i
737 4538 745 4556 a
