2790 4838
391 199 909 314 Arosroamlmtmsrrromo..
1038 271 1044 278 ·
1144 237 1204 300 ‘tta
1302 295 1304 302 .

63 397 200 446 terrenae
221 380 300 443 ritae
320 378 405 440 nimis
424 381 525 470 cupidi
543 391 626 456 sunt,
645 379 714 442 dum
732 382 791 446 sibi
809 394 914 444 carent
933 382 969 446 ab
990 383 1125 446 omnibns
1143 407 1203 477 pe-

65 461 178 536 riculis,
214 458 299 518 inani
322 457 427 518 fiducia
452 457 508 518 sibi
532 457 665 538 placent,
693 461 776 550 quasi
799 459 877 522 bene
901 453 957 520 sibi
982 475 1201 542 prospexerint:

64 538 141 617 atqui
161 537 265 596 anima
285 531 405 594 illorum
423 545 481 594 tam
503 534 591 594 firmis
610 537 761 614 praesidiis
780 537 893 598 munita
912 537 1030 613 effluet,
1049 539 1120 620 quia¹
1137 553 1203 600 tan-

64 617 124 674 dem
146 613 343 674 moriendum
363 611 435 684 erit,
462 631 541 670 mors
561 623 657 694 autem
677 612 734 674 illis
754 613 811 674 erit
821 614 927 674 exitio.
968 613 1152 678 Corrtraubi
1172 636 1204 676 se

64 691 161 750 fideles
189 691 231 750 ad
257 700 384 750 mortem
411 687 559 762 esserunt,
588 689 821 763 communiora,
854 711 928 770 quae
948 691 1063 752 videtur
1082 695 1118 754 ad
1138 715 1203 752 mo·
1283 763 1288 770 Ι

64 781 194 828 utentum
223 785 415 839 evanescere,
446 765 477 824 in
504 763 657 824 meliorem
680 767 768 828 vitam
789 763 963 826 restituitur.
1012 768 1109 829 Porro
1136 771 1203 850 quia

65 839 257 922 reperiuntui·
278 843 444 915 Interdum,
471 841 522 922 qui
542 853 652 902 temere
672 843 718 902 vel
738 843 906 906 ambitionis
926 863 1009 904 causa
1029 845 1075 906 vel
1096 846 1203 906 suroris

64 925 145 982 sitam
167 939 255 980 suam
276 919 467 999 profundant,
488 919 596 978 diserte
616 937 730 980 causam
750 921 885 1010 exprimit
898 919 1041 994 Christus,
1061 943 1113 982 cur
1123 945 1202 983 mors

65 999 146 1058 nobis
175 996 352 1076 oppetenda
377 995 423 1054 sit.
460 993 592 1054 Dubimu
613 1006 672 1069 est,
704 1019 741 1056 an
761 997 819 1058 alto
840 1011 974 1088 ternpore
995 999 1093 1060 habita
1113 999 1203 1060 suerit
1258 1029 1263 1036 ·

64 1075 180 1148 concio,
204 1093 304 1152 ¹quam
329 1083 429 1130 narrat
452 1071 559 1131 Lucas:
591 1069 650 1130 illie
677 1093 795 1152 quoque
815 1075 961 1136 Dominus
981 1075 1116 1136 bortatur
1134 1097 1202 1138 snos

64 1153 96 1210 ad
129 1149 228 1211 crucis
254 1149 458 1222 tolerantiam,
492 1148 544 1207 sed
571 1159 716 1208 nontam
740 1149 856 1228 prolixo
880 1171 1026 1212 sermone.
1083 1153 1203 1216 Deinde

64 1229 150 1289 huius·
163 1225 335 1285 sententiae
356 1223 573 1284 confirmandae
594 1245 677 1284 causa
691 1226 760 1286 duas
779 1226 981 1286 similitudines
997 1249 1065 1290 mox
1074 1229 1203 1303 subiicit,

64 1326 185 1396 quarum
208 1301 289 1382 apud
309 1301 487 1361 Matthaeum
508 1301 587 1360 nulla
606 1301 640 1358 ht
659 1303 785 1362 mentio:
815 1303 867 1362 sed
887 1315 1009 1382 propter
1028 1326 1203 1366 consensum

65 1405 92 1454 tq
111 1381 157 1440 rei
175 1399 311 1453 summa,
332 1379 403 1438 milti
422 1377 501 1438 nulla
521 1375 627 1459 religio
648 1377 813 1464 fuit,·quae
833 1379 910 1460 apud
929 1379 1038 1440 Lucam
1059 1381 1205 1444 habentur
1270 1406 1275 1415 ¹

65 1459 116 1518 hac
136 1457 314 1518 transferre.
1153 1517 1155 1522 ,

135 1536 216 1594 Luc.
240 1538 289 1597 28.
337 1529 409 1613 (luis
431 1533 506 1590 euim
531 1545 571 1590 est
595 1553 636 1590 ea·
658 1529 736 1591 eolis
759 1546 810 1592 etc.
853 1533 899 1594 Ne
925 1532 972 1594 eui
992 1533 1148 1594 molestum
1166 1534 1204 1594 sit

64 1613 113 1671 bac
134 1611 210 1693 lege
224 1607 375 1668 Christum
395 1608 489 1697 sequi,
509 1620 541 1666 ut
561 1609 710 1668 desideriis
730 1610 787 1669 suis
802 1611 938 1670 omnihus
949 1611 1115 1684 renuntiet,
1152 1633 1201 1672 ro·
1300 1638 1306 1657 ι

64 1689 189 1768 ponitur·
207 1686 288 1746 utilis
308 1685 488 1756 admonitio,
518 1687 715 1746 meditandmn
736 1707 798 1746 esse
819 1699 887 1746 ante
907 1699 966 1746 tem
991 1707 1051 1762 us„
1065 1634 1202 1767 quidpre-

65 1767 159 1843 quirat
182 1761 340 1842 Evangelii
359 1759 516 1852 protessio.
555 1765 629 1822 Nam
649 1763 717 1824 inde
738 1765 786 1838 stt,
811 1777 844 1823 ut
863 1758 946 1824 multi
967 1709 1116 1826 levissimis
1137 1766 1213 1845 qui--

66 1843 178 1921 busque
205 1839 422 1900 tentationibus
447 1840 653 1916 succumbant,
706 1841 764 1900 uod
785 1861 878 1902 meras
897 1841 953 1902 sibi
975 1841 1091 1902 delicias
1112 1843 1203 1901 firrxe-

55 1926 139 1994 bunt,
161 1915 249 1996 quasi
268 1917 299 1974 in
320 1915 422 1974 umbra
442 1937 557 1996 semper
577 1931 606 1975 et
619 1861 793 1976 otioiuturi.
822 1919 979 1998 Nunquam
993 1941 1066 2001 ergo
1080 1920 1223 1979 idoneus

66 1997 116 2053 erit
144 1992 260 2056 Christi
284 2013 399 2065 servus,
430 1993 485 2050 nisi
511 1995 564 2072 qui
587 1993 681 2075 longo
706 1993 785 2073 prius
805 2007 940 2074 tempore
961 1997 997 2056 ad
1017 1996 1151 2058 militiam
1170 2017 1204 2056 se

64 2072 220 2150 paraverit
265 2069 328 2128 lam
354 2071 409 2128 hue
436 2069 546 2148 optime
573 2071 754 2134 conveniunt
777 2071 989 2132 similitudines.
1033 2074 1090 2134 Res
1114 2074 1203 2152 plena

66 2163 106 2208 est
130 2146 286 2208 molestiae
313 2165 346 2206 ac
366 2145 453 2206 taedii
475 2149 644 2219 aedificare,
675 2161 763 2226 atque
784 2149 869 2206 etiam
890 2150 929 2208 ob
950 2161 1080 2228 sumptus
1101 2171 1203 2230 parurn

65 2239 162 2306 grata:
196 2223 308 2284 bellum
329 2223 416 2282 etiam
436 2225 521 2302 (quia
538 2235 585 2282 tot
604 2244 702 2285 seeum
722 2225 811 2282 trahit
830 2225 1031 2298 incommoda,
1060 2227 1119 2286 imo
1140 2227 1204 2286 sere

66 2307 195 2362 humano
217 2299 322 2382 generi
341 2301 454 2358 ruinam
475 2301 617 2376 minatur)
637 2321 725 2358 nemo
745 2301 801 2358 nisi
821 2301 927 2362 inritus
946 2303 1079 2380 suscipit:
1109 2316 1139 2364 et
1158 2314 1202 2362 ta-

65 2402 129 2440 men
152 2381 217 2459 ipsa
238 2375 391 2437 babitandi
403 2365 511 2436 utilitas
525 2377 657 2436 homines
671 2376 770 2450 allicit,
791 2390 824 2435 ut
834 2399 915 2438 suam
927 2378 1116 2438 substantiam
1131 2399 1201 2456 pro-

66 2459 189 2517 fundere
217 2475 279 2514 non
307 2453 457 2514 dubitent:
489 2452 571 2536 cogit
591 2453 867 2534 etiamnecessitas,
898 2465 933 2512 ut
952 2454 1045 2521 nullas
1065 2455 1095 2512 in
1116 2455 1202 2516 bellis
1256 2519 1261 2534 Χ

66 2535 201 2613 gerendis
233 2551 373 2610 expensas
406 2531 563 2611 refugiant.
620 2530 711 2607 Atqui
744 2529 846 2608 templi
877 2529 936 2588 Dei
965 2529 1141 2590 architectos
1173 2543 1203 2590 et

66 2609 175 2672 Christi
196 2609 316 2668 militiae
338 2627 448 2666 nomen
469 2615 570 2670 dantes
591 2606 682 2688 longe
704 2605 892 2665 excellentius
910 2617 1010 2665 ananet
1027 2606 1201 2696 praemium:

66 2699 162 2768 neque
184 2687 264 2747 enim
284 2683 331 2743 vel
352 2705 408 2763 pro
430 2686 540 2744 caduco
562 2683 696 2744 aedilicio
718 2683 855 2742 laborant
875 2683 1051 2757 Clnistiam,
1079 2683 1125 2744 vel
1146 2705 1203 2762 pro

66 2767 191 2826 eretrido
212 2760 360 2840 triumpho
382 2773 522 2852 pugnant.
554 2763 710 2822 Caeterum
732 2759 811 2839 (quod
831 2760 903 2820 dicit
923 2759 1065 2832 Christus,
1085 2759 1118 2818 Si
1139 2761 1203 2839 quis

66 2867 112 2902 ιιι
133 2846 229 2921 impar
248 2839 287 2898 sit
307 2840 343 2896 ad
362 2841 560 2898 sustinendam
581 2839 651 2898 belli
672 2838 791 2930 nqolem,
811 2857 850 2896 ne
870 2859 934 2896 cum
955 2837 1117 2918 ignominia
1137 2837 1202 2897 vin·

66 2934 161 2993 catur,
193 2913 389 2998 paeem'cum
416 2917 498 2976 hoste
528 2928 684 3006 quaerere,
718 2913 754 2988 ad
774 2929 958 2994 praesentem
978 2936 1092 2978 causam
1109 2915 1203 2994 aptari

67 3021 124 3058 non
151 2998 258 3067 debet,
287 2991 368 3072 quasi
392 2992 450 3052 ulla
470 2991 557 3053 nobrs
576 2994 615 3052 sit
633 2991 836 3052 reconciliatio
858 3012 924 3051 cum
945 2992 1028 3052 hoste
1049 2993 1204 3073 spirituali,

66 3078 161 3135 sinos
182 3093 257 3152 opes
277 3091 311 3129 ar
332 3071 413 3129 nervi
434 3069 579 3129 deficiant.
619 3071 692 3128 Nam
714 3069 845 3147 ineptum
867 3069 959 3143 foret,
984 3069 1113 3152 singulas
1133 3091 1202 3149 par·
1265 3098 1271 3108 ·

66 3153 164 3212 ticulas
186 3151 215 3209 in
259 3146 386 3207 arabolis
405 3147 523 3228 exigere
542 3148 579 3206 ad
599 3167 660 3205 rem
681 3147 717 3204 de
738 3163 795 3224 qua
814 3146 921 3227 agitur.
959 3147 1072 3206 Verum
1090 3147 1203 3227 simpli-

66 3230 137 3289 citer
156 3172 305 3307 intelligit
320 3223 477 3297 Domirms,
497 3224 606 3284 debere
627 3243 688 3282 nos
702 3222 741 3284 ita
762 3243 824 3282 esse
845 3225 1017 3298 instructos,
1037 3245 1075 3284 ne
1096 3226 1203 3303 depre-
1242 3282 1248 3292 ,

68 3305 145 3366 bensi
172 3306 285 3384 absque
313 3301 389 3359 iusto
411 3301 556 3380 praesidio
577 3312 662 3380 terga
683 3300 809 3378 turpiter
827 3311 986 3358 vertamus:
1019 3321 1203 3394 narransque

66 3383 265 3462 unusquisque
285 3388 418 3436 nostrum
437 3399 487 3437 rex
508 3389 561 3451 est,
582 3381 631 3456 qui
651 3377 708 3434 suis
728 3373 862 3456 auspiciis
883 3375 992 3435 bellum
1013 3389 1107 3460 gerat.
1151 3378 1201 3436 si-

66 3463 122 3519 cuti
147 3471 246 3518 autem
272 3457 326 3516 bac
353 3454 488 3514 doctrina
513 3455 682 3536 coarguitur
709 3472 812 3512 eorum
833 3453 995 3529 temeritas,
1015 3456 1075 3534 qui
1095 3453 1203 3514 stolide

66 3537 138 3596 ultra
159 3555 327 3596 mensuram
347 3553 427 3590 suam
447 3529 613 3610 prosiliunt,
632 3525 679 3591 vei
698 3529 755 3588 sibi
776 3529 893 3590 delicias
914 3530 1036 3604 faciunt,
1057 3533 1094 3591 de
1108 3549 1202 3590 'crrrce

66 3613 185 3673 serenda
207 3633 271 3671 non
292 3609 473 3690 cogitantes:
499 3609 539 3667 ita
560 3608 721 3668 cavendum
742 3619 800 3680 est,
827 3627 864 3666 ne
883 3605 957 3667 baec
977 3608 1145 3680 meditatio,
1166 3607 1203 3664 ad

67 3711 150 3768 quam
172 3711 228 3750 nos
249 3689 385 3748 bortatur
399 3680 541 3760 Christus,
562 3705 616 3744 nos
638 3686 786 3743 deterreat
805 3683 851 3744 vel
872 3683 1050 3744 alacritatem
1071 3695 1202 3744 nostram

66 3768 203 3828 retardet.
255 3763 357 3836 Multi,
390 3762 457 3842 quia
483 3781 545 3822 non
571 3762 667 3821 statim
693 3761 730 3819 ab
755 3761 825 3840 ipsis
851 3763 1016 3820 carceribus
1043 3755 1203 3839 patientiae

66 3841 159 3926 legem
179 3843 238 3902 sibi
256 3839 432 3914 indixerant,
453 3851 577 3930 propter
595 3837 750 3898 mollitiem
771 3837 961 3898 retrocedtmt
980 3836 1202 3898 astudiicursu:

65 3941 123 3980 non
149 3921 232 3980 enim
257 3918 315 3977 alio
362 3929 430 3978 acto
455 3925 601 3975 sustinent
627 3936 688 3974 esse
715 3911 891 3986 Christiani,
922 3936 1009 3992 quam
1035 3913 1094 3971 sia
1116 3931 1203 3970 cmce
1250 3933 1259 3948 ⁸

66 3997 208 4058 immunes
228 3997 295 4055 sint.
334 3939 412 4068 titii,
442 3993 510 4052 dum
532 3992 587 4051 illis
608 3991 787 4074 proponitur
806 4011 908 4070 aspera
929 4003 959 4050 et
979 3989 1059 4050 carni
1079 3987 1203 4048 insuavis

66 4076 213 4148 conditio,
243 4074 280 4134 ad
301 4069 450 4131 Christum
472 4070 610 4129 accedere
630 4089 692 4127 non
714 4069 830 4148 audent.
868 4069 960 4145 Atqui
979 4087 1042 4126 non
1063 4079 1121 4142 est,
1152 4087 1204 4126 cur

65 4153 150 4211 nobis
165 4150 287 4225 animos
307 4147 419 4208 minuat
438 4147 556 4226 inopiae
577 4157 696 4205 nostrae
717 4145 865 4229 cognitio,
897 4145 943 4204 eui
962 4143 1109 4204 Dominus
1129 4153 1204 4202 tem·

67 4229 176 4306 pestive
202 4225 353 4288 succurrit.
398 4226 508 4294 Fateor
534 4236 630 4297 certe,
661 4221 685 4282 si
703 4234 834 4302 surnptus
854 4222 1058 4300 expendimus,
1088 4221 1128 4280 ita
1149 4241 1205 4278 nos

66 4325 167 4366 omnes
188 4303 316 4376 destitui,
337 4313 425 4361 utne
445 4301 573 4382 lapidem
593 4301 711 4380 quidem
731 4301 829 4358 unum·
842 4299 1021 4378 ponere⁸rel
1043 4299 1121 4356 hosti
1139 4295 1205 4376 gla-

68 4383 145 4444 dium
172 4399 329 4461 opponere
355 4379 450 4442 liceat.
488 4379 560 4462 §ed
585 4399 675 4458 quum
700 4377 865 4454 materiam,
894 4389 1039 4458 surrrptus,
1069 4395 1149 4436 artua
1175 4383 1207 4431 et

665 4597 678 4634 l
