2756 4838
99 303 104 324 ,
134 238 193 304 214
295 229 410 305 SECT.
430 227 527 290 xvtt.
565 188 827 296 encaemorum
846 233 1145 317 uacnrsarrosms.

140 387 242 470 plausu
266 405 303 445 ne
323 393 476 465 exceptum
494 380 542 458 iri,
561 402 595 443 ac
606 401 668 442 non
679 379 776 460 potins
791 379 873 459 ipsos
886 376 1031 458 primores
1048 363 1115 437 lore
1134 374 1180 436 illi
1200 376 1309 438 adrer-

139 464 207 524 eos?
244 405 341 524 Porro
361 461 453 534 locus,
474 479 559 540 quern
579 459 660 530 citat,
680 477 714 518 ex
735 456 840 516 eodem
861 452 977 513 Psalmo
997 464 1129 532 sumptus
1151 463 1208 528 est,
1227 455 1310 515 unde

140 553 171 600 et
190 541 283 601 lausta
300 538 351 599 illa
370 536 552 612 acclamatio,
572 535 690 596 Salvum
709 533 757 592 lac
776 531 923 604 Domine,
950 530 1132 590 Benedictus
1154 529 1206 609 qui
1226 531 1312 590 venit

140 617 171 676 in
191 617 313 676 nomine
332 613 464 674 Domini.
501 614 574 672 Esse
593 622 691 670 autern
709 607 878 671 vaticinium
898 607 935 666 de
954 625 1050 688 regno
1070 605 1218 680 Messias,
1238 606 1310 668 inde

140 703 265 768 constat,
285 691 364 772 quod
384 689 480 750 David
499 690 554 750 hac
573 687 601 747 le
625 707 641 746 e
661 707 711 746 rex
726 707 742 746 a
755 685 823 744 Deo
842 695 955 744 creatus
975 682 1042 757 luit,
1061 693 1095 742 ut
1114 683 1226 744 solium
1247 683 1308 744 eins

81 793 84 814 ¹
138 781 284 850 perpetuo
304 779 410 842 staret,
436 786 521 848 quam
541 763 592 824 diu
603 707 745 823 inserent
768 761 799 820 in
821 759 908 820 coelo
928 758 974 820 sol
995 771 1025 818 et
1044 758 1131 832 luna,
1163 771 1197 819 et
1215 759 1308 822 colla-

99 873 102 876 ·
161 867 223 905 sum
242 865 355 905 rursum
374 842 434 904 Dei
453 843 546 926 gratia
574 841 604 899 in
624 839 779 920 pristinum
805 847 910 896 statum
935 836 1056 896 rediret.
1101 835 1208 911 Quum
1234 857 1306 919 ergo

111 971 113 984 .
137 867 270 982 Psalmus
289 919 588 1000 illedesoriptionem
606 916 694 998 regni
713 912 835 977 Davidis
848 912 1009 986 contineat,
1029 911 1116 972 simul
1130 933 1246 974 annexa
1264 925 1306 972 cst

139 997 331 1078 perpetuitas,
350 996 437 1088 quam
456 995 589 1086 sequitur
607 993 765 1054 restitutio.
798 989 831 1050 Si
851 990 888 1050 de
907 996 1003 1072 regbo
1024 988 1127 1068 aliquo
1148 990 1308 1070 temporali

140 1094 236 1135 sermo
258 1077 525 1154 esset,1mpropt1e
545 1070 581 1131 ad
602 1091 633 1130 se
652 1069 784 1130 traheret
804 1064 947 1126 Christus.
977 1064 1040 1125 Sed
1050 1066 1214 1126 notandum
1227 1087 1308 1126 sem-

138 1171 194 1230 per
220 1161 278 1224 est,
310 1149 395 1229 quale
420 1149 451 1208 in
478 1147 599 1208 Davidis
626 1165 754 1226 persona
779 1163 904 1226 regnum
922 1143 1164 1232 Densereserit:
1192 1162 1305 1222 nempe

60 1247 64 1254 ’
159 1227 269 1288 nodio
290 1245 362 1287 vcro
382 1226 487 1285 Messia
507 1247 539 1284 us
562 1243 599 1284 ue
620 1223 656 1283 ad
680 1223 769 1282 finem
795 1218 897 1278 mundi
921 1217 1074 1278 stabiliret
1119 1219 1193 1278 Nam
1217 1233 1303 1278 vetus

138 1247 191 1362 llta
210 1302 313 1364 unctio
333 1301 496 1362 umbratilis
515 1299 579 1361 lust.
616 1299 707 1359 Unde
729 1295 894 1378 colligitur,
920 1295 1001 1430 guod
1020 1293 1052 1354 in
1072 1295 1189 1354 Davide
1208 1308 1304 1355 actum

138 1390 193 1454 est,
212 1379 396 1460 praeludium
416 1389 446 1439 et
465 1373 587 1464 figuram
609 1372 837 1437 Christi'luisse.
872 1371 917 1431 Re
940 1391 1037 1434 camos
1056 1391 1138 1461 nunc
1158 1371 1196 1432 ad
1214 1372 1305 1432 rerba

138 1455 257 1516 Psalmi.
295 1452 475 1517 Incredibile
495 1454 643 1514 ducebant
661 1449 773 1511 scribae
794 1459 824 1509 et
843 1447 1029 1523 sacerdotes,
1050 1448 1206 1509 Cinctum
1226 1449 1307 1510 reiici

137 1531 175 1592 ab
195 1533 347 1594 Ecclesiae
367 1529 538 1612 praelectis:
558 1528 667 1622 probat
686 1538 783 1586 autem
803 1545 841 1594 es,
857 1523 992 1599 Psalmo,
1021 1524 1144 1584 mirifica
1165 1525 1229 1584 Dei
1247 1525 1305 1584 vir-

138 1618 214 1682 tute,
233 1607 330 1670 invitis
349 1607 534 1682 hominibus,
558 1627 589 1666 m
615 1623 668 1664 suo
693 1603 770 1664 solio
796 1601 953 1662 locandum
979 1620 1056 1678 esse,
1081 1613 1174 1680 atque
1200 1601 1232 1660 id
1250 1602 1305 1661 iam

141 1682 212 1743 olim
233 1685 321 1746 luisse
341 1685 372 1744 in
391 1682 507 1743 Davide
519 1682 734 1755 adumbratum,
754 1697 841 1758 quem
852 1675 1021 1738 reiectnma
1037 1677 1219 1757 proceribus
1227 1677 1304 1738 Deus

138 1761 278 1840 suscepit,
298 1771 332 1821 ut
349 1781 362 1818 s
385 1759 499 1819 ecimen
519 1779 553 1819 ac
574 1759 782 1818 documentum
802 1752 919 1828 ederet,
945 1753 1016 1832 quid
1035 1753 1157 1813 tandem
1180 1753 1305 1815 lacmros

140 1848 218 1895 esset
235 1837 267 1894 in
288 1855 341 1895 sno
361 1780 493 1895 Ehristo.
524 1833 676 1914 Propheta
696 1842 794 1891 autem
813 1830 1015 1910 metaphoram
1034 1831 1124 1889 sumit
1143 1831 1183 1891 ab
1206 1831 1304 1892 aedih-
1368 1875 1369 1882 1

138 1910 203 1970 ciis:
224 1931 292 1971 nam
311 1911 379 1989 quia
399 1909 530 1984 Ecclesia
550 1908 610 1969 Dei
629 1907 786 1968 sacrarium
807 1919 867 1980 est,
887 1907 994 1967 merito
1015 1905 1169 1980 Christus,
1196 1907 1228 1966 in
1248 1927 1304 1988 quo

138 1987 260 2047 lundata
282 1997 335 2060 est,
353 1997 478 2046 vocatur
497 1985 570 2066 lapis
582 1984 740 2066 angularis,
759 1984 816 2042 boc
835 1993 887 2056 est,
907 1982 957 2072 qui
973 1983 1098 2042 sustinet
1117 1995 1215 2043 totam
1229 1985 1302 2043 aedi-

65 2131 66 2140 ,
141 2063 201 2124 ficti
220 2063 338 2124 molem.
376 2064 446 2123 Non
468 2063 549 2122 omni
569 2081 603 2122 er
622 2071 706 2140 parte
727 2061 884 2137 quadraret
903 2057 1075 2133 similitudo,
1094 2059 1121 2118 si
1140 2061 1209 2139 quis
1221 2061 1302 2122 vellet

123 2138 255 2222 ‘singola
275 2139 400 2220 quaein
421 2138 572 2200 Christum
592 2147 765 2216 competunt
785 2146 932 2209 excutere,
950 2136 1002 2196 sed
1022 2135 1138 2216 optime
1156 2137 1303 2208 convenit,
1368 2133 1369 2154 ¹

159 2218 206 2276 uia
226 2217 257 2276 in
278 2236 343 2276 eum
364 2213 510 2275 recumbit
527 2213 678 2275 Ecclesiae
698 2211 790 2286 salus,
819 2211 930 2291 etipse
950 2213 1011 2272 cius
1031 2223 1139 2272 statum
1161 2215 1301 2274 continet

136 2237 243 2373 itaque
264 2291 312 2352 alii
332 2292 439 2352 deinde
459 2291 629 2372 Prophetae
649 2289 772 2350 eandem
786 2287 928 2368 loquendi
943 2288 1068 2347 l'ormam
1089 2291 1211 2369 sequuti
1229 2301 1302 2362 sunt,
1368 2309 1369 2359 3

160 2369 309 2430 raesertim
328 2368 436 2429 Iesaias
456 2379 487 2428 et
505 2367 624 2430 Daniel.
653 2365 716 2426 Sed
736 2364 841 2426 lesaias
861 2369 924 2501 328,
941 2367 1003 2439 16.)
1023 2365 1148 2446 propius
1171 2367 1209 2426 ad
1229 2367 1301 2426 bunc

137 2389 237 2506 locum
256 2445 368 2519 alludit,
389 2446 438 2524 qui
459 2445 555 2505 Deum
575 2445 617 2510 sic
636 2444 808 2522 loquentem
828 2441 858 2499 in
880 2441 950 2515 ucit,
970 2443 1050 2504 Ecce
1069 2447 1155 2522 poho
1177 2443 1210 2502 in
1231 2443 1301 2501 Sion

138 2521 267 2603 lapidem
286 2521 481 2596 fundamenti,
500 2521 628 2601 lapidem
648 2518 811 2600 pretiosum
832 2529 862 2578 ct
878 2516 1014 2592 electum,
1035 2518 1071 2579 ad
1085 2540 1178 2598 quem
1197 2519 1302 2599 impin-

138 2609 213 2689 gent
229 2595 332 2658 ambae
359 2597 462 2658 domus
488 2598 589 2658 Is'rael.
628 2598 664 2655 In
690 2614 770 2654 novo
796 2605 893 2654 autern
913 2593 1107 2655 Testamento
1130 2597 1239 2676 passim
1257 2595 1304 2654 bic

137 2675 216 2736 adem
236 2675 378 2755 loquendi
396 2673 500 2734 modus
521 2673 658 2734 occurrit
698 2671 817 2730 Summa
837 2689 911 2754 ergo
933 2682 986 2745 est,
1005 2691 1133 2752 regnum
1154 2673 1216 2732 Dei
1235 2671 1301 2730 lun-

139 2746 266 2810 dandu'm
287 2751 398 2810 esseio
419 2749 532 2830 lapide,
556 2771 643 2830 quem
670 2747 821 2808 architecti
846 2746 901 2828 ipsi
926 2759 1064 2827 tanquam
1089 2748 1254 2828 reprobum
1272 2760 1303 2807 et

138 2827 224 2887 nihili
248 2825 400 2886 abiicient:
427 2847 460 2886 ac
478 2845 580 2886 sensus
601 2836 660 2897 est,
679 2817 830 2900 Messiam,
856 2823 907 2903 qui
931 2823 1030 2884 salutis
1055 2825 1212 2886 Ecclesiae
1236 2823 1302 2884 sun·

139 2901 307 2962 damentum
333 2911 391 2975 est,
421 2923 483 2961 non
516 2899 719 2962 communibus
752 2900 903 2960 hominum
930 2900 1021 2961 sullra
1044 2900 1078 2960 iis
1105 2901 1234 2962 electum
1258 2902 1303 2974 iri,

138 2979 189 3037 sed
216 2999 304 3058 quum
327 2977 409 3036 D'eus
434 2997 538 3038 arcana
564 2989 595 3038 et
624 2976 772 3056 insperata
799 2977 909 3036 virtute
939 2975 1032 3037 mirab
1057 2977 1114 3038 iter
1139 2997 1209 3038 eum
1236 2999 1301 3038 eve-

138 3053 200 3127 het,
220 3054 384 3114 contrarios
405 3052 447 3113 illi
468 3054 532 3113 lore
552 3065 584 3112 et
596 3053 729 3113 infensos
770 3053 908 3132 rineipes,
928 3053 1032 3134 quibus
1048 3055 1187 3115 mandata
1200 3067 1302 3115 estao-

140 3129 229 3189 dilicii
249 3151 327 3190 eura.
368 3127 528 3190 Caeterum
554 3130 612 3189 duo
638 3129 686 3190 hic
712 3075 799 3190 nohis
819 3131 980 3210 spectanda
995 3143 1072 3190 suot.
1112 3131 1197 3192 Deus
1217 3133 1302 3204 enim,

137 3225 176 3265 ne
197 3206 373 3286 perturbent
386 3225 441 3269 nos
453 3203 537 3287 impii
549 3205 700 3266 bominum
713 3218 845 3282 conatus,
866 3207 916 3286 qui
931 3207 968 3267 ad
980 3205 1204 3287 impediendum
1217 3207 1303 3270 Chri-

137 3281 174 3341 sti
194 3285 322 3364 rc‘gnum
343 3295 534 3364 consurgunt,
554 3303 609 3343 nos
630 3294 697 3342 ante
707 3295 823 3363 tempus
834 3283 988 3344 admonuit
1005 3283 1046 3344 ita
1063 3282 1142 3344 iore.
1173 3285 1301 3354 Deinde,
1367 3317 1368 3348 r

139 3358 278 3439 quicquid
297 3358 456 3421 moliantur
474 3358 627 3435 homines,
647 3359 732 3419 simul
750 3371 871 3420 testatus
898 3374 943 3423 est
967 3361 999 3420 in
1022 3360 1170 3443 erigendo
1193 3361 1301 3422 Christi
1367 3409 1368 3420 ,

138 3455 234 3518 regno
254 3436 402 3496 victricem
422 3435 494 3497 iore
512 3457 592 3497 snam
610 3436 783 3516 potentiam.
824 3437 990 3517 Utrumque
1010 3437 1114 3498 sedulo
1135 3437 1227 3498 nobis
1247 3437 1301 3498 ob-

138 3512 313 3574 servandum
333 3523 386 3577 est.
425 3512 559 3596 Prodigii
579 3512 672 3574 simile
693 3525 754 3590 est,
778 3513 863 3575 reiici
888 3513 987 3574 salutis
1007 3525 1163 3574 auctorem
1183 3535 1242 3574 non
1260 3512 1295 3570 ab
1367 3561 1368 3581 ,

139 3589 293 3664 extraneis,
313 3590 364 3651 sed
384 3611 400 3648 a
422 3589 602 3652 domesticis:
622 3609 720 3670 neque
740 3590 857 3650 astulta
869 3589 968 3682 plebe,
988 3591 1039 3650 sed
1051 3589 1173 3672 abipsis
1190 3589 1294 3670 prinei-

137 3666 235 3745 pibus,
256 3667 305 3746 qui
325 3666 523 3750 gubernacula
541 3667 691 3728 Ecclesiae
710 3679 822 3729 tenent
854 3667 968 3745 Contra
987 3677 1047 3726 um
1067 3666 1223 3729 absurdum
1241 3666 1295 3725 bo-

136 3743 249 3804 minum
270 3743 399 3806 surorem
419 3744 578 3805 munienda
600 3751 644 3804 est
663 3743 745 3819 fides,
762 3763 802 3803 ne
822 3744 951 3804 labascat
969 3743 1013 3804 rei
1034 3741 1180 3804 novitate.
1214 3743 1299 3803 Nune

137 3830 271 3882 tenemus
292 3841 378 3900 quam
397 3820 475 3880 utilis
495 3820 533 3880 sit
542 3819 716 3900 praedictio,
736 3820 884 3910 quaepias
901 3831 1040 3880 mentesa
1058 3831 1177 3880 terrore
1196 3818 1299 3890 eximit,

137 3917 226 3974 quem
253 3897 364 3977 alioqui
390 3917 424 3958 er
448 3896 523 3957 tristi
546 3897 712 3976 spectaculo
744 3909 946 3977 conciperent
995 3895 1077 3956 Nihil
1103 3897 1185 3956 enim
1210 3897 1299 3956 mium

138 3986 372 4048 consentaneum
394 3993 479 4054 quam
498 3972 629 4034 membra
649 3973 680 4032 in
700 3984 798 4054 eaput,
818 3973 945 4034 colonos
964 3973 993 4032 in
1015 3971 1302 4048 domiuum,consi·

139 4045 238 4107 liarios
257 4051 288 4106 in
309 4068 410 4130 regem
430 4069 512 4109 suum
528 4050 691 4132 insurgere,
712 4061 742 4109 et
757 4049 931 4110 architectos
943 4049 1168 4110 fundamentum
1179 4050 1300 4110 reiicere

141 4120 177 4208 ab
198 4123 342 4184 aedificio.
372 4123 441 4185 Plus
457 4127 544 4185 etiam
558 4126 695 4208 energiae
712 4125 813 4186 subest
827 4124 910 4186 alteri
930 4125 1075 4200 memhro,
1095 4126 1149 4186 ubi
1170 4146 1300 4210 pronun·

139 4197 295 4283 l'lhnem
314 4199 435 4280 impios,
465 4201 612 4262 Christum
638 4202 828 4282 reprobando
849 4203 922 4262 nihil
942 4202 1142 4281 profecturos,
1164 4205 1237 4283 quin
1256 4222 1301 4264 soa

141 4269 184 4327 alh
205 4281 322 4350 integra
341 4289 458 4338 maneat
478 4279 618 4362 dignitas:
638 4299 746 4360 nempe
765 4291 799 4338 ut
818 4279 918 4339 fideles
937 4279 992 4339 hae
1035 4275 1300 4346 romissiouehcfi,

143 4363 308 4441 perversam
329 4350 479 4416 hominum
498 4353 665 4434 superbiam
684 4355 716 4415 in
737 4353 856 4418 Christo
882 4303 1068 4436 spernendo,
1094 4376 1199 4420 secure
1224 4351 1300 4436 quati
1366 4411 1367 4414 ,
