2766 4840
410 235 417 249 ·
475 215 608 264 cnmsrr
627 219 814 268 vartonus.
1165 215 1225 276 279
1321 227 1325 247 ¹

55 357 142 424 lolia
162 357 284 425 fne'riut
305 369 411 438 enata,
438 361 544 439 scitis,
571 360 661 450 quod
688 363 859 450 proposit
888 370 1001 428 aestas.
1042 361 1093 429 33.
1119 362 1167 448 ita
1187 375 1222 430 et
1304 435 1307 442 Δ

54 484 128 539 vos,
150 481 247 548 quum
269 461 414 529 videritis
435 463 517 532 baec
537 469 661 543 omnia,
679 469 797 532 scitote
819 463 908 552 quod
930 486 1033 551 prope
1054 461 1150 530 sitin
1172 465 1223 531 le-

52 563 157 629 ribns.
199 565 251 630 34.
274 563 374 632 Amen
398 567 479 636 dico.
495 569 604 647 vobis,
630 588 698 634 non
719 567 908 654 praeteribit
930 579 1018 632 aetas
1039 567 1135 645 baec,
1161 567 1221 632 do-

51 690 119 734 nec
142 670 251 734 omnia
272 671 331 735 ista
354 671 441 736 liunt.
472 673 522 737 35.
546 671 685 739 Coelutn
708 681 739 736 et
761 683 846 736 terra
869 669 1099 756 praeteribunt,
1120 669 1221 736 verba

52 781 164 838 autem
190 793 262 837 mea
290 795 358 840 non
386 775 617 860 praeteribunt.
661 777 712 841 36.
744 777 919 842 Caeterum
949 774 992 840 de
1020 773 1073 838 die
1098 771 1159 839 illo
1188 784 1221 840 et

51 875 137 940 bora
158 891 256 942 nemo
276 881 351 957 scit,
376 900 419 946 ne
442 877 548 968 angeli
571 878 701 970 quidem
723 876 905 956 coelorum,
930 860 1110 954 nisi³Pater
1129 899 1224 944 meua·

50 976 157 1044 solue.
329 985 330 988 ’

65 1197 70 1272 j
137 1176 278 1248 MA'RC·
310 1183 393 1252 Xlll.
467 1185 518 1248 28.
567 1181 692 1248 A'ficu
718 1201 799 1246 vcro
829 1183 942 1248 discite
969 1179 1219 1256 similitudinem.

50 1281 167 1368 Quum
194 1275 397 1368 rameseiae
418 1289 481 1352 ium
509 1297 602 1352 tenor
630 1285 741 1363 luerit,
766 1283 1019 1372 produxeritque
1042 1282 1134 1364 lolta‘,
1153 1287 1220 1348 sci·
1287 1285 1290 1296 ⁴

50 1388 108 1464 tis,
137 1387 229 1474 quod
251 1409 355 1475 prope
376 1390 548 1454 sir-aestas.
590 1389 641 1452 29.
674 1389 730 1454 Sic
757 1401 790 1454 et
815 1411 875 1452 vos
902 1410 1001 1472 quum
1029 1388 1110 1453 baec
1130 1367 1220 1452 vide·
1301 1385 1316 1392 ”

49 1491 121 1555 ritis
151 1489 237 1570 lieri,
265 1495 380 1556 scitote
409 1491 497 1578 quod
524 1513 628 1578 prope
651 1493 746 1556 sitin
768 1487 902 1554 loribus.
943 1490 996 1554 30.
1017 1491 1120 1554 Amen
1143 1489 1219 1557 dico

49 1591 165 1672 vobis,
195 1593 286 1681 quod
318 1614 385 1680 nep
416 1593 606 1682 praeteribit
637 1605 726 1659 aetas
758 1593 855 1674 baec,
888 1592 996 1660 donee
1021 1596 1129 1658 omnia
1157 1595 1219 1658 ista
1292 1622 1293 1631 ¹

49 1696 142 1764 fiant.
194 1697 245 1760 31.
279 1695 419 1762 Caelum
448 1710 480 1763 et
507 1710 591 1763 terra
620 1697 858 1783 praeteribunt,
885 1696 988 1762 verba
1014 1707 1121 1764 autern
1147 1717 1220 1762 mea

47 1821 117 1865 non
150 1797 380 1885 praeteribunt.
429 1803 480 1866 32.
507 1802 681 1870 Caeterum
710 1801 752 1866 de
781 1801 835 1866 die
864 1801 923 1868 illo
953 1811 985 1865 et
1012 1800 1092 1866 hora
1119 1821 1218 1867 nemo

48 1907 158 1980 novit,
182 1925 226 1967 ne
247 1901 354 1988 angeli
375 1906 519 1992 quidem,
546 1908 602 1993 qui
628 1909 664 1972 in
692 1903 788 1972 coelo
814 1917 906 1985 sunt,
932 1927 995 1974 nee
1015 1907 1086 1993 ipse
1107 1903 1219 1986 Filius,

48 2005 111 2071 sed
135 2005 224 2072 solus
246 2007 349 2074 Pater.

136 2207 238 2275 LUC.
259 2209 342 2274 xxl.
383 2211 434 2273 29.
454 2209 496 2274 Et
518 2209 598 2274 dixit
619 2207 684 2273 iliis
704 2201 956 2299 similitudinem,
977 2205 1098 2271 Videte
1119 2201 1218 2290 ticum
1337 2255 1339 2268 .

47 2321 81 2376 et
112 2332 227 2378 omnes
255 2308 404 2374 arbores:
440 2315 498 2376 ao.
527 2312 636 2396 Quum
664 2309 947 2396 protendentium
973 2329 1126 2394 gemmas,
1151 2325 1220 2369 cer-

45 2427 169 2480 nentes
197 2434 236 2476 cx
260 2408 356 2476 vobis
377 2415 454 2496 ipsis
475 2415 575 2492 scitis,
602 2411 691 2500 quod
719 2416 781 2478 bra
810 2416 907 2477 instet
935 2421 1058 2486 aestas,
1089 2409 1141 2476 31.
1170 2408 1219 2472 lte

47 2526 83 2583 et
110 2537 188 2592 vos,
214 2535 311 2600 quum
333 2513 483 2580 videritis
502 2515 583 2580 baec
603 2515 699 2592 fieri,
721 2516 835 2580 scitote
857 2513 946 2602 qnod
967 2517 1061 2578 instet
1083 2530 1218 2595 regnum

46 2621 127 2685 Dei.
168 2619 220 2685 32.
242 2619 347 2683 Amen
368 2615 443 2683 dico
464 2618 573 2695 vobis,
600 2639 668 2683 non
689 2617 879 2704 praeteribit
900 2629 988 2681 aetas
1007 2617 1101 2691 baec,
1129 2622 1218 2677 ante-

48 2746 148 2810 quam
171 2723 280 2788 omnia
301 2709 388 2786 fiant.
431 2720 483 2784 33.
505 2717 640 2788 coetum
665 2734 698 2789 et
721 2734 805 2788 tersa
827 2719 1022 2800 nansibunt,
1040 2714 1142 2784 verba
1163 2735 1224 2779 au-

48 2836 114 2896 tern
136 2845 208 2890 mea
232 2845 303 2894 non
322 2821 515 2892 transibunt.
823 2817 828 2828 '

56 3021 70 3055 k

128 3095 198 3154 Non
216 3103 329 3183 tanturn
343 3093 491 3186 intelligo,
511 3109 608 3173 aeque
626 3105 739 3154 certum
761 3095 828 3154 fore
848 3093 963 3176 signum
983 3089 1146 3172 propinqui
1160 3089 1216 3178 ad-

50 3182 155 3230 ventus
177 3169 288 3231 Cbrrsti
307 3171 336 3228 in
357 3170 405 3230 illa
427 3191 523 3230 rerum
546 3171 786 3250 perturbatione,
810 3170 892 3230 cuius
918 3171 995 3228 lacta
1021 3179 1066 3228 est
1090 3177 1218 3238 rnentro,

51 3259 140 3336 atque
163 3259 245 3306 certo
267 3247 473 3384 capnoscimus
493 3247 601 3308 instare
622 3259 777 3324 aestatem,
796 3247 864 3307 dnm
885 3245 1006 3310 arbores
1025 3245 1123 3304 virere
1142 3241 1217 3302 inei·

50 3335 149 3459 pppgtg
168 3323 297 3458 gibelli?
309 3419 409 3480 rigore
430 3397 549 3484 frigoris
569 3411 740 3460 contractae
760 3401 824 3480 plus
841 3399 961 3460 roboris
976 3419 1049 3481 prae
1064 3394 1218 3466 scierant,

51 3496 121 3535 vere
142 3486 239 3535 autern
259 3476 354 3535 solnta
375 3477 481 3536 duritie
501 3477 592 3554 magis
612 3477 730 3558 fragiles
751 3488 927 3568 appareant,
956 3475 1027 3554 quin
1052 3473 1139 3533 etiam
1159 3470 1217 3528 bn·

327 3325 477 3414 'quiddam
497 3343 566 3382 meo
587 3324 696 3384 iudicio
718 3325 840 3384 denotat
853 3323 995 3383 Christus.
1030 3322 1107 3380 Nara
1127 3337 1218 3398 quum

52 3549 160 3612 dantur
179 3564 212 3611 ut
232 3552 323 3612 exitus
342 3553 427 3612 noris
446 3553 616 3612 ramusculis
636 3565 752 3631 pateat,
772 3575 813 3612 stc
833 3553 905 3612 nibil
927 3551 1045 3612 obstare
1064 3545 1216 3608 Ecclesiae
1337 3613 1344 3628 ,

51 3627 160 3710 rigori,
180 3629 260 3708 qnod
281 3649 344 3688 eam
365 3628 542 3689 alilictiones
561 3630 722 3690 secundum
736 3631 833 3690 carnis
845 3650 961 3690 sensnm
973 3627 1134 3688 emolliant.
1166 3621 1216 3681 Si-

52 3706 111 3763 cuti
132 3705 211 3764 enim
231 3725 333 3764 succus
355 3705 480 3765 interior
500 3725 553 3784 per
568 3717 660 3766 tetam
676 3707 814 3768 arb'orem
831 3706 952 3778 inlusus,
971 3714 1128 3784 postquam
1138 3697 1215 3758 mol-

52 3778 145 3840 litiem
166 3781 294 3856 induxit,
318 3781 450 3841 collectis
470 3781 580 3840 viribus
600 3783 728 3864 erumpit
748 3785 783 3843 ad
804 3783 1005 3843 renovandum
1021 3779 1101 3914 (pnod
1117 3794 1217 3836 entor-

52 3867 218 3933 enumerat,
238 3857 279 3918 sic
290 3857 437 3918 Dominus
458 3858 504 3918 ab·
516 3859 627 3918 externi
649 3860 773 3919 bominis
791 3858 986 3938 corruptione
1040 3874 1125 3914 enam
1145 3869 1216 3911 suo-

52 3953 115 3991 rnm
137 3933 377 3995 instaurationem
404 3935 566 4026 producit„x
591 3935 709 3996 Summa
737 3949 796 4010 est,
821 3957 859 3995 ne
885 3955 919 3994 ex
944 3877 1034 3993 debili
1054 3942 1085 3991 et
1105 3929 1216 3990 caduco

54 4007 207 4070 Ecclesiae
226 4022 303 4072 statu
323 4011 476 4070 interatum
498 4011 672 4085 coniiciant,
691 4014 742 4073 sed
762 4011 864 4092 potins
880 4019 1002 4090 sperent
1021 4004 1227 4068 immortalem,

54 4084 189 4164 gloriam,
208 4088 245 4146 ad
266 4107 353 4167 quarn
372 4088 519 4148 Dominus
539 4109 626 4149 cruce
646 4101 677 4148 et
695 4087 841 4150 aerumnis
860 4107 927 4147 suos
947 4097 1111 4168 praeparat
1140 4083 1217 4142 Nam

55 4163 136 4239 qnod
154 4162 262 4224 Paulus
281 4165 337 4242 (ΙΙ.
359 4163 431 4224 Cor.
451 4172 480 4240 4,
500 4167 563 4242 tlt.)
583 4164 619 4224 de
639 4165 760 4247 singulis
779 4162 920 4224 membris
941 4161 1215 4242 emanationes
1263 4214 1268 4227 ,

57 4257 182 4317 corpore
203 4238 319 4319 impleri
339 4263 358 4301 ο
382 4252 475 4301 ortet:
501 4261 607 4320 nempe
627 4241 651 4300 si
671 4254 806 4301 externus
826 4241 917 4300 horno
936 4239 1150 4320 corrumpitur,
1167 4237 1215 4296 in·

56 4321 172 4377 ternum
191 4316 330 4380 renovari
370 4327 387 4380 e
407 4317 455 4381 dic
474 4317 506 4385 in
526 4317 613 4380 diem.
653 4317 811 4381 Caeterum
831 4317 913 4399 qnod
932 4315 1085 4378 obscurius
1104 4315 1214 4376 ablat-
