2814 4846
165 205 205 270 aa
379 195 496 286 §ch.
516 195 602 258 xm.
640 210 813 260 snauouns
832 211 876 258 er
895 161 1109 258 rsnanoriae.

186 352 287 432 uisque
311 371 437 434 regnum
461 350 521 412 Dei
550 351 665 412 caducis
694 350 802 414 divitiis
829 350 878 412 vel
910 349 974 411 aliis
1006 349 1169 412 commo-dit
1193 349 1340 430 praefert.

164 371 343 507 Quanquam
362 439 461 488 autem
479 446 543 490 uon
563 428 668 489 eodem
684 450 787 488 ornnes
803 426 942 489 laborant
957 425 1076 503 morbo,
1097 425 1222 507 quisque
1234 438 1339 490 umen

163 526 216 567 sua
240 504 400 585 cupiditate
426 506 458 576 in
482 505 625 566 diversum
646 503 774 583 rapitur:
799 504 841 568 ita
867 505 918 577 fic,
943 516 976 563 ut
995 524 1098 566 omnes
1118 504 1177 564 buc
1195 502 1244 564 vel
1259 503 1338 566 illuc

164 581 309 642 diffluant.
348 579 517 642 Notandum
539 592 690 660 praeterea
710 592 770 656 est,
790 581 826 642 ab
847 579 1016 641 bominibus
1036 581 1170 661 profanis
1189 579 1337 642 honestos

163 658 363 739 repudiandae
410 658 499 718 ratiae
518 658 577 716 Dei
598 669 763 737 praetextus
784 656 924 733 obtendi,
950 657 1032 737 quasi
1058 655 1232 719 excusabilis
1258 668 1337 718 esset

163 756 268 797 eorum
287 755 375 796 socor
397 755 434 808 ra,
454 734 522 793 dum
541 733 649 794 intenti
668 735 831 815 praesentis
849 735 928 794 vitae
948 755 986 793 ne
1009 734 1076 794 otiis
1089 733 1251 795 coelestem
1263 733 1336 794 bae·
1399 767 1400 772 κ

163 811 320 872 reditatem
345 811 577 892 parvipendunt.
614 811 705 902 Atqui
730 811 879 886 videmus,
904 821 937 870 ut
959 755 1032 871 tales
1058 810 1178 871 delicias
1199 809 1336 870 Christus
1399 811 1400 826 ¹

162 886 251 948 nobis
271 886 406 962 excutiat,
425 909 462 946 ne
484 887 546 966 quis
565 905 597 946 se
619 908 774 968 quicquam
792 888 939 968 proficere
959 887 1113 964 existimet,
1134 890 1204 964 dum
1220 908 1253 947 se
1271 899 1334 947 ter-

162 964 241 1024 renis
261 962 479 1043 impedimentis
498 962 595 1023 teneri
616 976 784 1024 causantur:
805 965 866 1025 imo
887 963 1054 1044 duplicatur
1071 962 1335 1044 homiuumculpa,
1399 1001 1400 1012 κ

164 1039 233 1102 dum
252 1060 283 1100 se
304 1038 392 1100 rebus
412 1038 522 1134 alioqui
542 1038 637 1100 ticitts‘
648 1039 827 1121 impediunt,
847 1040 952 1121 quibus
973 1041 1103 1102 adiuvari
1123 1041 1225 1132 potius
1246 1041 1335 1100 dece-

163 1113 224 1176 bat.
264 1115 414 1190 Quorsum
436 1137 515 1176 emm
534 1117 697 1195 praesentis
718 1117 794 1182 vitae
814 1117 1038 1179 commoditates
1057 1116 1145 1178 nobas
1155 1115 1240 1177 Deus
1257 1137 1335 1177 con-

163 1193 251 1267 cedit,
270 1191 327 1252 uisi
345 1204 378 1252 ut
398 1193 434 1253 ad
454 1213 556 1253 senos
573 1191 702 1255 alliciat?
721 1195 802 1275 atqui
817 1207 930 1257 tantum
947 1193 1033 1257 abest
1043 1207 1076 1254 ut
1087 1192 1219 1274 quisque,
1240 1203 1337 1274 prout

160 1267 277 1330 iuvatur
295 1267 354 1328 Dei
375 1268 541 1344 beneficiis,
565 1267 596 1328 in
617 1270 734 1331 coelum
754 1271 878 1363 aspiret,
904 1283 937 1332 ut
962 1282 993 1331 et
1017 1292 1117 1332 sacrae
1136 1269 1274 1350 nuptiae,
1301 1281 1336 1330 et

161 1347 236 1427 agri,
250 1357 286 1438 et
304 1345 436 1426 reliquae
453 1365 526 1427 opes
545 1345 670 1406 totidem
691 1347 788 1429 laquer
806 1348 876 1424 sint,
896 1347 947 1428 qui
964 1347 1097 1430 singulos
1117 1358 1213 1408 terrae
1226 1345 1335 1407 affixos
1399 1415 1400 1424 χ

161 1435 292 1484 consum
317 1434 378 1483 unt.

238 1507 266 1566 t.
294 1443 379 1559 ‘lter
401 1513 495 1558 meat
518 1519 606 1578 quum
623 1497 758 1561 audisset.
796 1501 881 1562 Hanc
906 1521 1034 1582 poenam
1059 1500 1139 1561 solus
1163 1498 1333 1560 Matthaeus

161 1577 385 1650 conmemorat,
405 1574 473 1655 quia
491 1576 569 1653 apud
584 1576 693 1636 Lucam
710 1579 746 1638 de
761 1575 841 1638 illata
856 1579 946 1642 servis
960 1577 1067 1639 iniuria
1085 1575 1183 1638 nullus
1203 1574 1332 1636 babetur

160 1673 269 1714 sermo.
307 1653 375 1712 Hoc
395 1663 519 1736 uterque
539 1651 627 1724 dicit,
648 1653 778 1716 exclusos
798 1655 987 1735 privatosque
1007 1655 1095 1714 fuisse
1115 1654 1235 1722 bonore
1255 1673 1331 1712 con-

132 1724 135 1740 '
161 1728 248 1804 vivii,
273 1729 324 1810 qui
343 1728 381 1792 ad
399 1740 515 1808 tempus
535 1729 704 1790 condictum
724 1751 787 1790 non
806 1745 961 1792 venerunt
999 1733 1080 1792 llaec
1099 1749 1172 1791 vero
1193 1729 1332 1803 doctrina

161 1804 251 1866 nobis
271 1805 358 1864 etiam
379 1804 542 1864 communis
563 1817 622 1866 est:
642 1827 709 1866 nam
730 1807 836 1887 impios
857 1828 969 1884 ornnes,
989 1807 1040 1888 qui
1058 1807 1206 1870 violenter
1226 1817 1332 1866 contra

160 1881 317 1964 Evangelii
335 1879 484 1940 ministros
503 1879 674 1964 insurgunt,
697 1885 775 1944 idem
799 1896 901 1946 manet
924 1885 1067 1959 exitium‚·
1082 1883 1164 1962 quod
1183 1881 1332 1962 praedicit

162 1956 298 2019 Christus
316 1957 441 2020 ludaeis.
482 1957 568 2032 Quos
588 1969 685 2018 autem
704 1961 746 2020 sic
765 1974 913 2040 occupant
931 1974 1067 2032 terrenae
1087 1979 1192 2036 curae,
1218 1971 1254 2017 ut
1271 1958 1331 2020 Dei

159 2031 366 2095 invitationem
385 2055 442 2114 pro
462 2033 555 2094 nihilo
576 2035 694 2110 ducant,
714 2036 744 2097 bi
764 2057 867 2098 omnes
887 2039 1013 2099 famelici
1029 2038 1147 2098 tandem
1159 2035 1265 2116 inopia
1274 2033 1331 2094 mi-

159 2131 226 2248 splre
251 2110 414 2248 tabespent.
451 2111 556 2192 Itaque
576 2111 691 2190 quoties
712 2131 767 2174 nos
787 2126 884 2191 vocat,
904 2115 1030 2177 accincti
1050 2126 1081 2174 et
1098 2111 1210 2174 alacres
1238 2111 1328 2177 simus

160 2207 178 2248 a
216 2207 409 2248 seuerum.

236 2208 269 2332 oi
302 2263 349 2324 Ite
366 2285 436 2341 ergo
454 2261 497 2324 ud
513 2267 610 2324 exitus
626 2267 749 2326 υἰαννηι.
794 2265 955 2348 Postquam
980 2266 1120 2350 indiguos
1144 2263 1204 2326 Ilei
1232 2263 1329 2356 gratia

161 2361 224 2403 esse
244 2339 388 2419 ostendit,
435 2341 464 2402 ui
489 2340 546 2402 sibi
571 2340 701 2403 oblatam
727 2343 877 2405 fastidiose
902 2355 1061 2426 respuunt,
1084 2362 1163 2401 nunc
1184 2340 1273 2416 dicat,
1296 2341 1329 2399 in

111 2439 114 2454 ·
160 2437 264 2479 eorum
283 2417 382 2478 locum
402 2363 474 2480 aiios
493 2416 646 2494 substitui,
671 2433 701 2480 et
726 2419 844 2501 quidem
868 2422 990 2482 maxime
1016 2419 1158 2481 obscuros
1183 2416 1277 2556 7111ῇο
1299 2429 1330 2477 et

160 2493 408 2574 contemptibiles.
439 2498 538 2574 Atque
558 2493 607 2556 bic
625 2498 758 2578 gentium
777 2497 896 2572 vocatio
916 2497 1102 2571 describitur,
1122 2514 1197 2576 quae
1218 2515 1236 2554 a
1277 2515 1328 2555 ze-

160 2571 304 2652 lotypiam
325 2572 451 2635 ludaeos
470 2571 613 2647 stimulet,
632 2573 718 2634 sicuti
737 2572 863 2634 habetur
881 2575 912 2634 in
934 2573 1061 2636 Cantico
1080 2571 1189 2648 Musis,
1208 2571 1327 2632 Provo-

160 2663 266 2710 carunt
284 2671 331 2710 me
351 2649 383 2708 in
402 2640 452 2723 iis,
472 2651 521 2729 qui
542 2669 604 2708 non
624 2663 709 2710 erant
728 2649 784 2723 dii,
804 2662 835 2709 et
855 2671 871 2712 e
895 2651 1059 2712 ovicissim
1079 2669 1132 2710 eos
1150 2646 1326 2728 provocabo

115 2747 122 2762 ‘
160 2724 193 2786 in
213 2747 267 2804 eo,
287 2726 418 2805 quinon
440 2738 484 2786 est
526 2724 647 2804 opulus,
666 2725 698 2785 in
717 2736 807 2810 gente
826 2671 914 2788 stuita
932 2727 1058 2789 irritabo
1078 2746 1129 2786 eos
1150 2725 1258 2804 (Dent.
1277 2729 1327 2800 32,

158 2803 233 2880 db).
274 2803 352 2877 Quia
376 2801 478 2881 prlore
497 2747 567 2862 fisco
587 2801 674 2862 electi
694 2815 793 2878 erant,
821 2805 947 2883 perinde
966 2805 1024 2866 acsi
1042 2802 1100 2863 illis
1119 2801 1203 2862 Dens
1224 2819 1327 2862 carere

160 2899 224 2938 noo
241 2891 351 2960 posset,
371 2878 433 2938 eius
450 2879 574 2960 gratiam
590 2877 646 2937 sibi
663 2877 816 2961 fingebant
827 2901 889 2942 esse
898 2881 1052 2942 addictam.
1083 2878 1183 2955 Quam
1195 2877 1325 2968 superbe

159 2973 233 3018 vero
256 2955 330 3016 alios
355 2973 458 3014 omnes
476 2955 669 3035 'despexerint
692 2969 796 3017 notum
822 2969 888 3034 est„
914 2959 998 3018 Ero
1021 2977 1076 3038 per
1100 2975 1326 3032 concessionem

158 3032 286 3113 gentiles
302 3031 455 3104 mendicis,
474 3032 569 3092 caecis
589 3043 620 3091 et
639 3030 748 3094 claudis
769 3047 929 3114 comparat
997 3035 1078 3096 ocari
1097 3043 1194 3093 autem
1215 3051 1251 3092 ex
1270 3030 1325 3090 tri-

159 3109 214 3169 viis
235 3120 265 3170 et
284 3107 388 3188 plateis
409 3106 479 3168 dicit
498 3118 636 3199 tanquam
657 3119 810 3173 extraneos
831 3122 862 3172 et
878 3111 1012 3192 ignotos:
1032 3109 1152 3171 interitu
1171 3107 1323 3168 tamenin

158 3188 257 3248 locum
278 3185 315 3246 ab
336 3185 433 3244 amicis
446 3197 484 3245 -et
503 3182 693 3246 familiaribus
709 3188 879 3270 neglectum
892 3187 1098 3270 subrogandos
1113 3207 1177 3260 esse
1188 3185 1324 3246 affirmat

159 3265 206 3326 Ita
255 3263 315 3323 uod
341 3257 491 3324 obscurius
516 3263 552 3324 de
577 3264 703 3323 creanda
728 3284 805 3325 nova
823 3265 957 3326 Ecclesia
983 3265 1165 3344 praedictum
1190 3261 1323 3324 fuerata

157 3285 333 3420 Pmpbetis‚
357 3339 442 3425 clare⁴
455 3338 599 3419 exprimit.
637 3340 677 3399 Et
696 3352 776 3401 certe
796 3339 939 3419 probrum
961 3343 1018 3401 hoc
1037 3340 1154 3400 divinae
1173 3337 1324 3411 vindictae

160 3416 292 3484 cumulus
313 3413 384 3488 tuit,
410 3417 490 3496 qnod
508 3417 591 3478 Deus
611 3415 668 3476 illis
687 3418 806 3478 resectis
826 3417 856 3476 in
876 3420 1005 3478 radicem
1025 3417 1110 3478 oleae
1130 3414 1255 3475 inseruit
1273 3415 1323 3476 sil-

158 3505 269 3570 vestres
289 3491 421 3553 surculos
440 3495 541 3572 (Rom.
553 3503 600 3570 11,
617 3495 689 3584 η),
710 3505 740 3552 et
759 3494 814 3554 illis
834 3493 975 3555 abdicatis
994 3493 1121 3575 pollutas
1142 3505 1173 3552 et
1190 3489 1322 3560 sordidas

221 3584 264 3633 tes
283 3569 315 3630 in
335 3570 455 3648 domum
474 3593 555 3632 suam
574 3582 696 3650 recepit
736 3571 853 3644 Quodsi
877 3582 948 3632 tunc
968 3591 1030 3630 non
1050 3567 1186 3650 pepercit
1202 3580 1322 3628 natura-

171 3649 236 3712 tbus
255 3648 353 3724 ramis,
374 3650 476 3715 eadem
496 3647 582 3708 nobis
603 3647 690 3708 bodie
710 3646 862 3726 impendet
880 3647 966 3722 ultio,
985 3647 1040 3708 nisi
1060 3647 1178 3708 vocanti
1197 3665 1322 3725 respon·
1399 3683 1400 3688 κ

160 3729 288 3788 deamus.
326 3728 391 3786 Nec
409 3728 480 3786 ve'ro
501 3723 610 3804 peribit
629 3743 736 3799 coena,
755 3745 831 3804 quae
850 3723 937 3786 nobis
958 3735 1059 3806 parata
1080 3735 1158 3800 erat,
1176 3723 1230 3784 sed
1249 3721 1323 3786 alios

137 3803 215 3865 *sibi
234 3802 372 3864 convivas
391 3793 473 3864 Dius
493 3811 629 3862 arcesset.
913 3865 916 3872 ,
1088 3867 1090 3870 Ι
1153 3846 1156 3854 ,

234 3879 309 3941 Luc.
327 3887 374 3946 23.
414 3877 695 3954 compotistarum·
734 3877 922 4012 pantundem
942 3879 1001 3938 boc
1020 3877 1107 3952 valet,
1127 3877 1187 3942 asei
1205 3877 1325 3938 iuberet

158 3956 378 4038 paterfamilias,
398 3955 480 4035 quasi
500 3953 639 4016 conviciis
659 3954 737 4042 impe
753 3953 811 4016 lere
830 3955 998 4028 mendicos,
1018 3965 1048 4014 et
1066 3952 1165 4014 nullos
1184 3953 1324 4014 omittere

157 4055 195 4096 ex
214 4031 314 4094 ultima
334 4035 425 4094 faece:
446 4031 551 4112 quibus
570 4029 668 4091 verbis
687 4031 833 4112 significat
853 4031 996 4105 Christus,
1014 4031 1113 4090 Deum
1133 4030 1234 4110 potius
1254 4051 1321 4090 cor-

158 4127 291 4170 resurum
311 4130 413 4170 omues
433 4109 534 4170 mundi
575 4107 735 4186 uisquilias‚
756 4129 842 4186 quam
862 4119 895 4168 ut
907 4108 1039 4190 ingratos
1052 4108 1088 4167 ad
1100 4127 1230 4166 mensam
1242 4127 1322 4167 suam

158 4185 190 4246 in
210 4198 361 4265 posterum
380 4186 522 4248 admittat
587 4183 701 4246 lludere
720 4195 818 4245 tamen
837 4185 953 4244 videtur
971 4182 1009 4242 ad
1027 4183 1227 4265 Evangelicae
1245 4182 1322 4242 invi-

157 4262 280 4324 tationis
303 4263 440 4338 tandum,
469 4263 538 4354 rpuia
562 4281 625 4322 nun
643 4259 816 4342 simpliciter
834 4259 1014 4341 proponitur
1032 4259 1119 4330 nobis
1139 4259 1198 4320 Dei
1217 4259 1324 4342 gratia,
1357 4253 1359 4291 t

158 4337 268 4409 esdad
285 4338 457 4402 doctrinam·
469 4338 556 4404 samu
575 4337 721 4404 accedunt
738 4338 975 4402 exhorutionuus
994 4335 1114 4414 stimuli,
1132 4337 1164 4398 iu
1180 4355 1242 4417 quo
1252 4357 1322 4416 per·
