<?xml version="1.0" encoding="UTF-8"?>
<!DOCTYPE html PUBLIC "-//W3C//DTD XHTML 1.0 Transitional//EN"
    "http://www.w3.org/TR/xhtml1/DTD/xhtml1-transitional.dtd">
<html xmlns="http://www.w3.org/1999/xhtml" xml:lang="en" lang="en">
 <head>
  <title>
</title>
<meta http-equiv="Content-Type" content="text/html;charset=utf-8" />
  <meta name='ocr-system' content='tesseract 3.04.00' />
  <meta name='ocr-capabilities' content='ocr_page ocr_carea ocr_par ocr_line ocrx_word'/>
</head>
<body>
  <div class='ocr_page' id='page_1' title='image "./innovumtestamen00calvgoog_0524.png"; bbox 0 0 2778 4838; ppageno 0'>
   <div class='ocr_carea' id='block_1_1' title="bbox 376 215 1225 320">
    <p class='ocr_par' dir='ltr' id='par_1_1' title="bbox 376 215 1225 320">
     <span class='ocr_line' id='line_1_1' title="bbox 376 215 1225 320; baseline 0.008 -43"><span class='ocrx_word' id='word_1_1' title='bbox 376 221 565 300; x_wconf 73' lang='lat' dir='ltr'>(rw-151.</span> <span class='ocrx_word' id='word_1_2' title='bbox 601 216 651 280; x_wconf 87' lang='lat' dir='ltr'>De</span> <span class='ocrx_word' id='word_1_3' title='bbox 671 215 733 282; x_wconf 83' lang='lat' dir='ltr'>filio</span> <span class='ocrx_word' id='word_1_4' title='bbox 753 217 960 302; x_wconf 81' lang='lat' dir='ltr'>degenere).·</span> <span class='ocrx_word' id='word_1_5' title='bbox 1020 314 1025 320; x_wconf 18' lang='grc' dir='ltr'><em>ῃ</em></span> <span class='ocrx_word' id='word_1_6' title='bbox 1168 228 1225 292; x_wconf 76' lang='lat'>137</span> 
     </span>
    </p>
   </div>
   <div class='ocr_carea' id='block_1_2' title="bbox 10 363 1294 3814">
    <p class='ocr_par' dir='ltr' id='par_1_2' title="bbox 67 363 1224 541">
     <span class='ocr_line' id='line_1_2' title="bbox 67 363 1224 455; baseline 0.006 -23"><span class='ocrx_word' id='word_1_7' title='bbox 67 384 169 455; x_wconf 81' lang='lat' dir='ltr'>parat,</span> <span class='ocrx_word' id='word_1_8' title='bbox 191 371 240 433; x_wconf 88' lang='lat' dir='ltr'>cui</span> <span class='ocrx_word' id='word_1_9' title='bbox 259 371 410 434; x_wconf 84' lang='lat' dir='ltr'>nonsatis</span> <span class='ocrx_word' id='word_1_10' title='bbox 430 383 475 434; x_wconf 87' lang='lat' dir='ltr'>est</span> <span class='ocrx_word' id='word_1_11' title='bbox 492 363 855 451; x_wconf 77' lang='lat' dir='ltr'>naniam&#39;deprecantibus</span> <span class='ocrx_word' id='word_1_12' title='bbox 875 371 884 432; x_wconf 92' lang='lat' dir='ltr'>i</span> <span class='ocrx_word' id='word_1_13' title='bbox 930 391 1043 448; x_wconf 79' lang='lat' dir='ltr'>escere,</span> <span class='ocrx_word' id='word_1_14' title='bbox 1060 375 1117 436; x_wconf 86' lang='lat' dir='ltr'>nisi</span> <span class='ocrx_word' id='word_1_15' title='bbox 1136 375 1224 439; x_wconf 84' lang='lat' dir='ltr'>etiam</span> 
     </span>
     <span class='ocr_line' id='line_1_3' title="bbox 67 442 1151 541; baseline 0 -31"><span class='ocrx_word' id='word_1_16' title='bbox 67 463 191 532; x_wconf 87' lang='lat' dir='ltr'>paterna</span> <span class='ocrx_word' id='word_1_17' title='bbox 212 448 400 531; x_wconf 87' lang='lat' dir='ltr'>indulgentia</span> <span class='ocrx_word' id='word_1_18' title='bbox 416 469 466 509; x_wconf 86' lang='lat' dir='ltr'>eos</span> <span class='ocrx_word' id='word_1_19' title='bbox 507 446 666 522; x_wconf 62' lang='lat' dir='ltr'>rcereniat,</span> <span class='ocrx_word' id='word_1_20' title='bbox 704 448 791 508; x_wconf 89' lang='lat' dir='ltr'>Nunc</span> <span class='ocrx_word' id='word_1_21' title='bbox 811 442 925 541; x_wconf 83' lang='lat' dir='ltr'>sidgua</span> <span class='ocrx_word' id='word_1_22' title='bbox 946 449 1151 530; x_wconf 78' lang='lat' dir='ltr'>expendamus.</span> 
     </span>
    </p>

    <p class='ocr_par' dir='ltr' id='par_1_3' title="bbox 141 523 1224 611">
     <span class='ocr_line' id='line_1_4' title="bbox 141 523 1224 611; baseline 0.004 -25"><span class='ocrx_word' id='word_1_23' title='bbox 141 527 217 586; x_wconf 87' lang='lat' dir='ltr'>Luc.</span> <span class='ocrx_word' id='word_1_24' title='bbox 237 531 284 590; x_wconf 81' lang='lat'>12.</span> <span class='ocrx_word' id='word_1_25' title='bbox 321 525 414 584; x_wconf 76' lang='lat' dir='ltr'>Dixit</span> <span class='ocrx_word' id='word_1_26' title='bbox 431 523 484 586; x_wconf 81' lang='lat' dir='ltr'>ndo</span> <span class='ocrx_word' id='word_1_27' title='bbox 560 529 645 587; x_wconf 76' lang='lat' dir='ltr'>ution</span> <span class='ocrx_word' id='word_1_28' title='bbox 682 523 785 586; x_wconf 87' lang='lat' dir='ltr'>Primo</span> <span class='ocrx_word' id='word_1_29' title='bbox 804 525 912 605; x_wconf 82' lang='lat' dir='ltr'>impiae</span> <span class='ocrx_word' id='word_1_30' title='bbox 932 527 1098 606; x_wconf 83' lang='lat' dir='ltr'>proterviae</span> <span class='ocrx_word' id='word_1_31' title='bbox 1108 527 1224 611; x_wconf 88' lang='lat' dir='ltr'>signum</span> 
     </span>
    </p>

    <p class='ocr_par' dir='ltr' id='par_1_4' title="bbox 46 601 1227 3208">
     <span class='ocr_line' id='line_1_5' title="bbox 68 601 1225 693; baseline 0.002 -29"><span class='ocrx_word' id='word_1_32' title='bbox 68 602 245 664; x_wconf 80' lang='lat' dir='ltr'>describitur</span> <span class='ocrx_word' id='word_1_33' title='bbox 267 602 299 662; x_wconf 90' lang='lat' dir='ltr'>iu</span> <span class='ocrx_word' id='word_1_34' title='bbox 324 601 445 676; x_wconf 82' lang='lat' dir='ltr'>iuvene,</span> <span class='ocrx_word' id='word_1_35' title='bbox 476 601 599 682; x_wconf 83' lang='lat' dir='ltr'>quoda</span> <span class='ocrx_word' id='word_1_36' title='bbox 622 612 706 693; x_wconf 85' lang='lat' dir='ltr'>patre</span> <span class='ocrx_word' id='word_1_37' title='bbox 730 602 881 664; x_wconf 83' lang='lat' dir='ltr'>discedere</span> <span class='ocrx_word' id='word_1_38' title='bbox 907 613 1049 682; x_wconf 86' lang='lat' dir='ltr'>appetens</span> <span class='ocrx_word' id='word_1_39' title='bbox 1068 605 1126 666; x_wconf 89' lang='lat' dir='ltr'>sibi</span> <span class='ocrx_word' id='word_1_40' title='bbox 1143 617 1225 666; x_wconf 89' lang='lat' dir='ltr'>recte</span> 
     </span>
     <span class='ocr_line' id='line_1_6' title="bbox 46 665 1224 768; baseline 0.002 -27"><span class='ocrx_word' id='word_1_41' title='bbox 46 701 131 758; x_wconf 81' lang='lat' dir='ltr'>¹esse</span> <span class='ocrx_word' id='word_1_42' title='bbox 151 699 215 738; x_wconf 91' lang='lat' dir='ltr'>non</span> <span class='ocrx_word' id='word_1_43' title='bbox 234 690 327 768; x_wconf 79' lang='lat' dir='ltr'>putat,</span> <span class='ocrx_word' id='word_1_44' title='bbox 345 679 401 740; x_wconf 88' lang='lat' dir='ltr'>nisi</span> <span class='ocrx_word' id='word_1_45' title='bbox 420 677 540 759; x_wconf 86' lang='lat' dir='ltr'>impune</span> <span class='ocrx_word' id='word_1_46' title='bbox 555 665 689 740; x_wconf 74' lang='lat' dir='ltr'>lascwiat</span> <span class='ocrx_word' id='word_1_47' title='bbox 709 676 826 738; x_wconf 89' lang='lat' dir='ltr'>abiecto</span> <span class='ocrx_word' id='word_1_48' title='bbox 846 678 935 758; x_wconf 91' lang='lat' dir='ltr'>patris</span> <span class='ocrx_word' id='word_1_49' title='bbox 955 677 1090 758; x_wconf 87' lang='lat' dir='ltr'>imperio.</span> <span class='ocrx_word' id='word_1_50' title='bbox 1128 683 1224 742; x_wconf 78' lang='lat' dir='ltr'>bece-</span> 
     </span>
     <span class='ocr_line' id='line_1_7' title="bbox 67 755 1225 846; baseline 0.005 -30"><span class='ocrx_word' id='word_1_51' title='bbox 67 757 109 818; x_wconf 92' lang='lat' dir='ltr'>dit</span> <span class='ocrx_word' id='word_1_52' title='bbox 130 755 219 815; x_wconf 90' lang='lat' dir='ltr'>etiam</span> <span class='ocrx_word' id='word_1_53' title='bbox 239 755 432 837; x_wconf 79' lang='lat' dir='ltr'>ingratitudo,</span> <span class='ocrx_word' id='word_1_54' title='bbox 451 757 531 846; x_wconf 79' lang='lat' dir='ltr'>quod</span> <span class='ocrx_word' id='word_1_55' title='bbox 549 775 650 817; x_wconf 85' lang='lat' dir='ltr'>senem</span> <span class='ocrx_word' id='word_1_56' title='bbox 670 755 806 816; x_wconf 86' lang='lat' dir='ltr'>deserens</span> <span class='ocrx_word' id='word_1_57' title='bbox 826 775 887 817; x_wconf 88' lang='lat' dir='ltr'>non</span> <span class='ocrx_word' id='word_1_58' title='bbox 907 757 998 816; x_wconf 91' lang='lat' dir='ltr'>modo</span> <span class='ocrx_word' id='word_1_59' title='bbox 1019 756 1100 820; x_wconf 87' lang='lat' dir='ltr'>iustis</span> <span class='ocrx_word' id='word_1_60' title='bbox 1111 759 1225 822; x_wconf 84' lang='lat' dir='ltr'>officiis</span> 
     </span>
     <span class='ocr_line' id='line_1_8' title="bbox 66 830 1225 926; baseline 0.001 -33"><span class='ocrx_word' id='word_1_61' title='bbox 66 853 135 893; x_wconf 89' lang='lat' dir='ltr'>eum</span> <span class='ocrx_word' id='word_1_62' title='bbox 154 831 261 912; x_wconf 65' lang='lat' dir='ltr'>ptiust,</span> <span class='ocrx_word' id='word_1_63' title='bbox 279 830 332 890; x_wconf 90' lang='lat' dir='ltr'>sed</span> <span class='ocrx_word' id='word_1_64' title='bbox 351 832 525 893; x_wconf 75' lang='lat' dir='ltr'>domesticas</span> <span class='ocrx_word' id='word_1_65' title='bbox 545 831 606 892; x_wconf 88' lang='lat' dir='ltr'>eius</span> <span class='ocrx_word' id='word_1_66' title='bbox 627 851 698 911; x_wconf 84' lang='lat' dir='ltr'>opes</span> <span class='ocrx_word' id='word_1_67' title='bbox 718 831 834 890; x_wconf 89' lang='lat' dir='ltr'>mutilat</span> <span class='ocrx_word' id='word_1_68' title='bbox 851 844 882 892; x_wconf 89' lang='lat' dir='ltr'>et</span> <span class='ocrx_word' id='word_1_69' title='bbox 901 832 1045 897; x_wconf 78' lang='lat' dir='ltr'>diminuit.</span> <span class='ocrx_word' id='word_1_70' title='bbox 1083 834 1225 926; x_wconf 80' lang='lat' dir='ltr'>Sequitur</span> 
     </span>
     <span class='ocr_line' id='line_1_9' title="bbox 66 906 1223 994; baseline 0.003 -25"><span class='ocrx_word' id='word_1_71' title='bbox 66 909 185 970; x_wconf 73' lang='lat' dir='ltr'>undem</span> <span class='ocrx_word' id='word_1_72' title='bbox 205 907 326 987; x_wconf 85' lang='lat' dir='ltr'>profusa</span> <span class='ocrx_word' id='word_1_73' title='bbox 346 907 473 970; x_wconf 73' lang='lat' dir='ltr'>luxuries</span> <span class='ocrx_word' id='word_1_74' title='bbox 490 919 520 968; x_wconf 91' lang='lat' dir='ltr'>et</span> <span class='ocrx_word' id='word_1_75' title='bbox 539 906 677 968; x_wconf 85' lang='lat' dir='ltr'>dissoluta</span> <span class='ocrx_word' id='word_1_76' title='bbox 697 906 838 987; x_wconf 88' lang='lat' dir='ltr'>nequitia,</span> <span class='ocrx_word' id='word_1_77' title='bbox 858 929 916 988; x_wconf 90' lang='lat' dir='ltr'>qua</span> <span class='ocrx_word' id='word_1_78' title='bbox 931 909 1030 970; x_wconf 91' lang='lat' dir='ltr'>omnia</span> <span class='ocrx_word' id='word_1_79' title='bbox 1046 923 1097 972; x_wconf 85' lang='lat' dir='ltr'>stra</span> <span class='ocrx_word' id='word_1_80' title='bbox 1117 912 1223 994; x_wconf 77' lang='lat' dir='ltr'>‹tuapt-</span> 
     </span>
     <span class='ocr_line' id='line_1_10' title="bbox 66 983 1224 1068; baseline 0.004 -24"><span class='ocrx_word' id='word_1_81' title='bbox 66 985 125 1052; x_wconf 86' lang='lat' dir='ltr'>dat.</span> <span class='ocrx_word' id='word_1_82' title='bbox 159 985 222 1043; x_wconf 88' lang='lat' dir='ltr'>Tot</span> <span class='ocrx_word' id='word_1_83' title='bbox 241 983 367 1064; x_wconf 87' lang='lat' dir='ltr'>peccatis</span> <span class='ocrx_word' id='word_1_84' title='bbox 388 995 451 1044; x_wconf 92' lang='lat' dir='ltr'>erat</span> <span class='ocrx_word' id='word_1_85' title='bbox 469 984 657 1063; x_wconf 86' lang='lat' dir='ltr'>promeritus,</span> <span class='ocrx_word' id='word_1_86' title='bbox 677 995 710 1044; x_wconf 89' lang='lat' dir='ltr'>ut</span> <span class='ocrx_word' id='word_1_87' title='bbox 739 995 830 1045; x_wconf 89' lang='lat' dir='ltr'>atrem</span> <span class='ocrx_word' id='word_1_88' title='bbox 840 985 1056 1065; x_wconf 77' lang='lat' dir='ltr'>implacabilem</span> <span class='ocrx_word' id='word_1_89' title='bbox 1075 989 1224 1068; x_wconf 81' lang='lat' dir='ltr'>experire-</span> 
     </span>
     <span class='ocr_line' id='line_1_11' title="bbox 66 1005 1224 1144; baseline 0.005 -23"><span class='ocrx_word' id='word_1_90' title='bbox 66 1074 121 1121; x_wconf 90' lang='lat' dir='ltr'>tur.</span> <span class='ocrx_word' id='word_1_91' title='bbox 159 1059 225 1122; x_wconf 87' lang='lat' dir='ltr'>Nec</span> <span class='ocrx_word' id='word_1_92' title='bbox 244 1079 316 1120; x_wconf 79' lang='lat' dir='ltr'>uero</span> <span class='ocrx_word' id='word_1_93' title='bbox 337 1059 456 1120; x_wconf 90' lang='lat' dir='ltr'>dubium</span> <span class='ocrx_word' id='word_1_94' title='bbox 479 1070 532 1134; x_wconf 79' lang='lat' dir='ltr'>est,</span> <span class='ocrx_word' id='word_1_95' title='bbox 553 1060 624 1140; x_wconf 90' lang='lat' dir='ltr'>quin</span> <span class='ocrx_word' id='word_1_96' title='bbox 642 1059 697 1120; x_wconf 89' lang='lat' dir='ltr'>sub</span> <span class='ocrx_word' id='word_1_97' title='bbox 718 1005 770 1121; x_wconf 74' lang='lat' dir='ltr'>iac</span> <span class='ocrx_word' id='word_1_98' title='bbox 790 1061 918 1144; x_wconf 82' lang='lat' dir='ltr'>imagine</span> <span class='ocrx_word' id='word_1_99' title='bbox 938 1061 1146 1127; x_wconf 84' lang='lat' dir='ltr'>immensaDei</span> <span class='ocrx_word' id='word_1_100' title='bbox 1167 1065 1224 1127; x_wconf 91' lang='lat' dir='ltr'>bo-</span> 
     </span>
     <span class='ocr_line' id='line_1_12' title="bbox 66 1135 1225 1220; baseline 0.008 -24"><span class='ocrx_word' id='word_1_101' title='bbox 66 1138 141 1197; x_wconf 86' lang='lat' dir='ltr'>uitas</span> <span class='ocrx_word' id='word_1_102' title='bbox 163 1147 194 1196; x_wconf 90' lang='lat' dir='ltr'>et</span> <span class='ocrx_word' id='word_1_103' title='bbox 212 1135 450 1216; x_wconf 85' lang='lat' dir='ltr'>incomparabilis</span> <span class='ocrx_word' id='word_1_104' title='bbox 469 1135 653 1217; x_wconf 88' lang='lat' dir='ltr'>indulgentia</span> <span class='ocrx_word' id='word_1_105' title='bbox 672 1136 758 1198; x_wconf 90' lang='lat' dir='ltr'>nobis</span> <span class='ocrx_word' id='word_1_106' title='bbox 779 1138 928 1220; x_wconf 81' lang='lat' dir='ltr'>pingatur,</span> <span class='ocrx_word' id='word_1_107' title='bbox 946 1159 984 1198; x_wconf 90' lang='lat' dir='ltr'>ne</span> <span class='ocrx_word' id='word_1_108' title='bbox 1003 1139 1062 1201; x_wconf 91' lang='lat' dir='ltr'>ulla</span> <span class='ocrx_word' id='word_1_109' title='bbox 1081 1142 1225 1205; x_wconf 83' lang='lat' dir='ltr'>scelerum</span> 
     </span>
     <span class='ocr_line' id='line_1_13' title="bbox 66 1211 1225 1298; baseline 0.003 -23"><span class='ocrx_word' id='word_1_110' title='bbox 66 1214 207 1276; x_wconf 71' lang='lat' dir='ltr'>atrocitas</span> <span class='ocrx_word' id='word_1_111' title='bbox 232 1233 248 1274; x_wconf 90' lang='lat' dir='ltr'>a</span> <span class='ocrx_word' id='word_1_112' title='bbox 272 1233 325 1292; x_wconf 90' lang='lat' dir='ltr'>spe</span> <span class='ocrx_word' id='word_1_113' title='bbox 346 1211 546 1292; x_wconf 89' lang='lat' dir='ltr'>impetrandae</span> <span class='ocrx_word' id='word_1_114' title='bbox 565 1212 669 1274; x_wconf 80' lang='lat' dir='ltr'>ueniae</span> <span class='ocrx_word' id='word_1_115' title='bbox 689 1233 744 1272; x_wconf 93' lang='lat' dir='ltr'>nos</span> <span class='ocrx_word' id='word_1_116' title='bbox 766 1215 919 1274; x_wconf 88' lang='lat' dir='ltr'>deterreat.</span> <span class='ocrx_word' id='word_1_117' title='bbox 957 1217 1027 1275; x_wconf 92' lang='lat' dir='ltr'>Non</span> <span class='ocrx_word' id='word_1_118' title='bbox 1047 1217 1147 1298; x_wconf 87' lang='lat' dir='ltr'>inepta</span> <span class='ocrx_word' id='word_1_119' title='bbox 1167 1218 1225 1280; x_wconf 88' lang='lat' dir='ltr'>erit</span> 
     </span>
     <span class='ocr_line' id='line_1_14' title="bbox 51 1287 1225 1373; baseline 0.003 -23"><span class='ocrx_word' id='word_1_120' title='bbox 51 1309 215 1372; x_wconf 71' lang='lat' dir='ltr'>anagoge,</span> <span class='ocrx_word' id='word_1_121' title='bbox 232 1287 256 1349; x_wconf 83' lang='lat' dir='ltr'>si</span> <span class='ocrx_word' id='word_1_122' title='bbox 275 1289 340 1368; x_wconf 89' lang='lat' dir='ltr'>quis</span> <span class='ocrx_word' id='word_1_123' title='bbox 359 1289 450 1350; x_wconf 88' lang='lat' dir='ltr'>stulto</span> <span class='ocrx_word' id='word_1_124' title='bbox 467 1299 499 1350; x_wconf 88' lang='lat' dir='ltr'>et</span> <span class='ocrx_word' id='word_1_125' title='bbox 513 1301 654 1368; x_wconf 83' lang='lat' dir='ltr'>protervo</span> <span class='ocrx_word' id='word_1_126' title='bbox 672 1289 852 1356; x_wconf 79' lang='lat' dir='ltr'>adolescenti</span> <span class='ocrx_word' id='word_1_127' title='bbox 861 1289 968 1352; x_wconf 88' lang='lat' dir='ltr'>similes</span> <span class='ocrx_word' id='word_1_128' title='bbox 981 1311 1043 1354; x_wconf 87' lang='lat' dir='ltr'>esse</span> <span class='ocrx_word' id='word_1_129' title='bbox 1056 1294 1144 1368; x_wconf 89' lang='lat' dir='ltr'>dicat,</span> <span class='ocrx_word' id='word_1_130' title='bbox 1164 1295 1225 1373; x_wconf 89' lang='lat' dir='ltr'>qui,</span> 
     </span>
     <span class='ocr_line' id='line_1_15' title="bbox 66 1364 1225 1446; baseline 0.004 -20"><span class='ocrx_word' id='word_1_131' title='bbox 66 1387 158 1446; x_wconf 91' lang='lat' dir='ltr'>quum</span> <span class='ocrx_word' id='word_1_132' title='bbox 177 1385 288 1428; x_wconf 86' lang='lat' dir='ltr'>summa</span> <span class='ocrx_word' id='word_1_133' title='bbox 307 1364 454 1426; x_wconf 86' lang='lat' dir='ltr'>bonorum</span> <span class='ocrx_word' id='word_1_134' title='bbox 475 1365 561 1446; x_wconf 79' lang='lat' dir='ltr'>eopIa</span> <span class='ocrx_word' id='word_1_135' title='bbox 580 1365 657 1444; x_wconf 89' lang='lat' dir='ltr'>apud</span> <span class='ocrx_word' id='word_1_136' title='bbox 676 1365 774 1426; x_wconf 90' lang='lat' dir='ltr'>Deum</span> <span class='ocrx_word' id='word_1_137' title='bbox 799 1365 938 1440; x_wconf 86' lang='lat' dir='ltr'>affluant,</span> <span class='ocrx_word' id='word_1_138' title='bbox 967 1388 1056 1428; x_wconf 91' lang='lat' dir='ltr'>coeca</span> <span class='ocrx_word' id='word_1_139' title='bbox 1076 1381 1174 1431; x_wconf 88' lang='lat' dir='ltr'>tamen</span> <span class='ocrx_word' id='word_1_140' title='bbox 1194 1383 1225 1431; x_wconf 91' lang='lat' dir='ltr'>et</span> 
     </span>
     <span class='ocr_line' id='line_1_16' title="bbox 63 1439 1223 1532; baseline 0.005 -30"><span class='ocrx_word' id='word_1_141' title='bbox 63 1463 174 1504; x_wconf 80' lang='lat' dir='ltr'>vesana</span> <span class='ocrx_word' id='word_1_142' title='bbox 199 1441 359 1532; x_wconf 85' lang='lat' dir='ltr'>cupiditate</span> <span class='ocrx_word' id='word_1_143' title='bbox 378 1439 491 1503; x_wconf 89' lang='lat' dir='ltr'>incitati</span> <span class='ocrx_word' id='word_1_144' title='bbox 511 1464 575 1503; x_wconf 91' lang='lat' dir='ltr'>cum</span> <span class='ocrx_word' id='word_1_145' title='bbox 596 1463 633 1503; x_wconf 90' lang='lat' dir='ltr'>eo</span> <span class='ocrx_word' id='word_1_146' title='bbox 654 1443 756 1522; x_wconf 92' lang='lat' dir='ltr'>partiri</span> <span class='ocrx_word' id='word_1_147' title='bbox 775 1441 895 1516; x_wconf 86' lang='lat' dir='ltr'>volunt,</span> <span class='ocrx_word' id='word_1_148' title='bbox 926 1454 960 1503; x_wconf 87' lang='lat' dir='ltr'>ut</span> <span class='ocrx_word' id='word_1_149' title='bbox 982 1464 1111 1506; x_wconf 88' lang='lat' dir='ltr'>seorsum</span> <span class='ocrx_word' id='word_1_150' title='bbox 1137 1447 1223 1508; x_wconf 90' lang='lat' dir='ltr'>liberi</span> 
     </span>
     <span class='ocr_line' id='line_1_17' title="bbox 63 1517 1224 1610; baseline 0.005 -30"><span class='ocrx_word' id='word_1_151' title='bbox 63 1521 135 1595; x_wconf 87' lang='lat' dir='ltr'>sint,</span> <span class='ocrx_word' id='word_1_152' title='bbox 177 1539 239 1578; x_wconf 84' lang='lat' dir='ltr'>uasa</span> <span class='ocrx_word' id='word_1_153' title='bbox 257 1538 321 1578; x_wconf 90' lang='lat' dir='ltr'>non</span> <span class='ocrx_word' id='word_1_154' title='bbox 340 1519 476 1580; x_wconf 88' lang='lat' dir='ltr'>omnibus</span> <span class='ocrx_word' id='word_1_155' title='bbox 495 1517 595 1600; x_wconf 89' lang='lat' dir='ltr'>regnis</span> <span class='ocrx_word' id='word_1_156' title='bbox 614 1517 773 1610; x_wconf 74' lang='lat' dir='ltr'>optabilius</span> <span class='ocrx_word' id='word_1_157' title='bbox 791 1517 838 1592; x_wconf 90' lang='lat' dir='ltr'>sit,</span> <span class='ocrx_word' id='word_1_158' title='bbox 858 1518 914 1578; x_wconf 90' lang='lat' dir='ltr'>sub</span> <span class='ocrx_word' id='word_1_159' title='bbox 934 1531 1055 1598; x_wconf 85' lang='lat' dir='ltr'>paterna</span> <span class='ocrx_word' id='word_1_160' title='bbox 1074 1522 1135 1585; x_wconf 88' lang='lat' dir='ltr'>Dei</span> <span class='ocrx_word' id='word_1_161' title='bbox 1154 1545 1224 1584; x_wconf 89' lang='lat' dir='ltr'>cura</span> 
     </span>
     <span class='ocr_line' id='line_1_18' title="bbox 64 1540 1221 1678; baseline 0.003 -21"><span class='ocrx_word' id='word_1_162' title='bbox 64 1609 96 1658; x_wconf 88' lang='lat' dir='ltr'>et</span> <span class='ocrx_word' id='word_1_163' title='bbox 115 1540 335 1678; x_wconf 74' lang='lat' dir='ltr'>gubernatione</span> <span class='ocrx_word' id='word_1_164' title='bbox 355 1595 473 1677; x_wconf 84' lang='lat' dir='ltr'>degere.</span> <span class='ocrx_word' id='word_1_165' title='bbox 513 1594 575 1655; x_wconf 89' lang='lat' dir='ltr'>Sed</span> <span class='ocrx_word' id='word_1_166' title='bbox 594 1615 661 1673; x_wconf 80' lang='lat' dir='ltr'>quia</span> <span class='ocrx_word' id='word_1_167' title='bbox 680 1615 797 1670; x_wconf 87' lang='lat' dir='ltr'>vereor,</span> <span class='ocrx_word' id='word_1_168' title='bbox 817 1615 855 1654; x_wconf 92' lang='lat' dir='ltr'>ne</span> <span class='ocrx_word' id='word_1_169' title='bbox 875 1595 948 1656; x_wconf 89' lang='lat' dir='ltr'>haec</span> <span class='ocrx_word' id='word_1_170' title='bbox 964 1596 1066 1657; x_wconf 86' lang='lat' dir='ltr'>allusio</span> <span class='ocrx_word' id='word_1_171' title='bbox 1078 1599 1163 1661; x_wconf 87' lang='lat' dir='ltr'>nimis</span> <span class='ocrx_word' id='word_1_172' title='bbox 1174 1621 1221 1660; x_wconf 88' lang='lat' dir='ltr'>ar-</span> 
     </span>
     <span class='ocr_line' id='line_1_19' title="bbox 63 1669 1223 1761; baseline 0.003 -29"><span class='ocrx_word' id='word_1_173' title='bbox 63 1684 137 1755; x_wconf 89' lang='lat' dir='ltr'>guta</span> <span class='ocrx_word' id='word_1_174' title='bbox 149 1671 197 1744; x_wconf 88' lang='lat' dir='ltr'>sit,</span> <span class='ocrx_word' id='word_1_175' title='bbox 217 1681 373 1732; x_wconf 87' lang='lat' dir='ltr'>contentus</span> <span class='ocrx_word' id='word_1_176' title='bbox 393 1689 446 1732; x_wconf 82' lang='lat' dir='ltr'>ero</span> <span class='ocrx_word' id='word_1_177' title='bbox 466 1669 573 1731; x_wconf 89' lang='lat' dir='ltr'>literali</span> <span class='ocrx_word' id='word_1_178' title='bbox 592 1691 691 1732; x_wconf 86' lang='lat' dir='ltr'>sensu:</span> <span class='ocrx_word' id='word_1_179' title='bbox 712 1692 774 1732; x_wconf 92' lang='lat' dir='ltr'>non</span> <span class='ocrx_word' id='word_1_180' title='bbox 795 1671 875 1761; x_wconf 84' lang='lat' dir='ltr'>quod</span> <span class='ocrx_word' id='word_1_181' title='bbox 895 1673 966 1732; x_wconf 90' lang='lat' dir='ltr'>mibi</span> <span class='ocrx_word' id='word_1_182' title='bbox 987 1673 1150 1754; x_wconf 76' lang='lat' dir='ltr'>displiceat,</span> <span class='ocrx_word' id='word_1_183' title='bbox 1168 1677 1223 1738; x_wconf 89' lang='lat' dir='ltr'>sub</span> 
     </span>
     <span class='ocr_line' id='line_1_20' title="bbox 63 1747 1224 1830; baseline 0.002 -20"><span class='ocrx_word' id='word_1_184' title='bbox 63 1749 117 1810; x_wconf 92' lang='lat' dir='ltr'>tali</span> <span class='ocrx_word' id='word_1_185' title='bbox 140 1748 285 1830; x_wconf 85' lang='lat' dir='ltr'>figurare</span> <span class='ocrx_word' id='word_1_186' title='bbox 323 1747 430 1810; x_wconf 88' lang='lat' dir='ltr'>ebendi</span> <span class='ocrx_word' id='word_1_187' title='bbox 450 1767 552 1808; x_wconf 90' lang='lat' dir='ltr'>eorum</span> <span class='ocrx_word' id='word_1_188' title='bbox 572 1747 742 1822; x_wconf 77' lang='lat' dir='ltr'>amentiam,</span> <span class='ocrx_word' id='word_1_189' title='bbox 771 1767 821 1827; x_wconf 84' lang='lat' dir='ltr'>qur</span> <span class='ocrx_word' id='word_1_190' title='bbox 847 1748 903 1808; x_wconf 89' lang='lat' dir='ltr'>sibi</span> <span class='ocrx_word' id='word_1_191' title='bbox 928 1749 1053 1813; x_wconf 79' lang='lat' dir='ltr'>feliciter</span> <span class='ocrx_word' id='word_1_192' title='bbox 1077 1774 1224 1814; x_wconf 90' lang='lat' dir='ltr'>cessurum</span> 
     </span>
     <span class='ocr_line' id='line_1_21' title="bbox 64 1823 1223 1916; baseline 0.002 -30"><span class='ocrx_word' id='word_1_193' title='bbox 64 1837 174 1906; x_wconf 86' lang='lat' dir='ltr'>putant</span> <span class='ocrx_word' id='word_1_194' title='bbox 185 1823 275 1903; x_wconf 86' lang='lat' dir='ltr'>aliqui</span> <span class='ocrx_word' id='word_1_195' title='bbox 308 1823 418 1886; x_wconf 83' lang='lat' dir='ltr'>babere</span> <span class='ocrx_word' id='word_1_196' title='bbox 430 1823 594 1916; x_wconf 91' lang='lat' dir='ltr'>proprium,</span> <span class='ocrx_word' id='word_1_197' title='bbox 612 1836 646 1898; x_wconf 82' lang='lat' dir='ltr'>ut</span> <span class='ocrx_word' id='word_1_198' title='bbox 663 1845 795 1886; x_wconf 87' lang='lat' dir='ltr'>seorsum</span> <span class='ocrx_word' id='word_1_199' title='bbox 814 1845 831 1884; x_wconf 85' lang='lat' dir='ltr'>a</span> <span class='ocrx_word' id='word_1_200' title='bbox 852 1824 939 1885; x_wconf 89' lang='lat' dir='ltr'>Patre</span> <span class='ocrx_word' id='word_1_201' title='bbox 959 1827 1080 1890; x_wconf 87' lang='lat' dir='ltr'>coelesti</span> <span class='ocrx_word' id='word_1_202' title='bbox 1098 1831 1158 1890; x_wconf 89' lang='lat' dir='ltr'>sint</span> <span class='ocrx_word' id='word_1_203' title='bbox 1176 1829 1223 1889; x_wconf 87' lang='lat' dir='ltr'>di-</span> 
     </span>
     <span class='ocr_line' id='line_1_22' title="bbox 64 1899 1224 2040; baseline 0.005 -78"><span class='ocrx_word' id='word_1_204' title='bbox 64 1903 152 2040; x_wconf 71' lang='lat' dir='ltr'>lqites,</span> <span class='ocrx_word' id='word_1_205' title='bbox 169 1901 224 2036; x_wconf 68' lang='lat' dir='ltr'>ped</span> <span class='ocrx_word' id='word_1_206' title='bbox 237 1899 311 2037; x_wconf 65' lang='lat' dir='ltr'>(quia</span> <span class='ocrx_word' id='word_1_207' title='bbox 332 1921 409 1962; x_wconf 88' lang='lat' dir='ltr'>nunc</span> <span class='ocrx_word' id='word_1_208' title='bbox 428 1911 614 1970; x_wconf 83' lang='lat' dir='ltr'>antrametas</span> <span class='ocrx_word' id='word_1_209' title='bbox 634 1900 804 1981; x_wconf 84' lang='lat' dir='ltr'>interpretis</span> <span class='ocrx_word' id='word_1_210' title='bbox 822 1921 868 1961; x_wconf 88' lang='lat' dir='ltr'>me</span> <span class='ocrx_word' id='word_1_211' title='bbox 884 1903 1224 1968; x_wconf 58' lang='lat' dir='ltr'>concremauerunt</span> 
     </span>
     <span class='ocr_line' id='line_1_23' title="bbox 84 1979 226 2040; baseline -0.014 -2"><span class='ocrx_word' id='word_1_212' title='bbox 84 1979 113 2040; x_wconf 90' lang='lat' dir='ltr'>ic</span> <span class='ocrx_word' id='word_1_213' title='bbox 132 1997 166 2038; x_wconf 92' lang='lat' dir='ltr'>re</span> <span class='ocrx_word' id='word_1_214' title='bbox 181 1987 226 2038; x_wconf 88' lang='lat' dir='ltr'>ert</span> 
     </span>
     <span class='ocr_line' id='line_1_24' title="bbox 63 2051 1223 2145; baseline 0.003 -29"><span class='ocrx_word' id='word_1_215' title='bbox 63 2055 159 2136; x_wconf 89' lang='lat' dir='ltr'>genio</span> <span class='ocrx_word' id='word_1_216' title='bbox 180 2055 328 2114; x_wconf 85' lang='lat' dir='ltr'>feruntur:</span> <span class='ocrx_word' id='word_1_217' title='bbox 348 2074 416 2113; x_wconf 86' lang='lat' dir='ltr'>nam</span> <span class='ocrx_word' id='word_1_218' title='bbox 436 2053 503 2132; x_wconf 87' lang='lat' dir='ltr'>quia</span> <span class='ocrx_word' id='word_1_219' title='bbox 524 2065 554 2114; x_wconf 90' lang='lat' dir='ltr'>et</span> <span class='ocrx_word' id='word_1_220' title='bbox 573 2051 688 2116; x_wconf 89' lang='lat' dir='ltr'>consilii</span> <span class='ocrx_word' id='word_1_221' title='bbox 707 2054 812 2145; x_wconf 88' lang='lat' dir='ltr'>inopes</span> <span class='ocrx_word' id='word_1_222' title='bbox 832 2065 862 2114; x_wconf 90' lang='lat' dir='ltr'>et</span> <span class='ocrx_word' id='word_1_223' title='bbox 881 2052 1028 2118; x_wconf 83' lang='lat' dir='ltr'>ferventes</span> <span class='ocrx_word' id='word_1_224' title='bbox 1048 2059 1223 2141; x_wconf 84' lang='lat' dir='ltr'>rntemperie</span> 
     </span>
     <span class='ocr_line' id='line_1_25' title="bbox 62 2129 1223 2211; baseline 0.001 -18"><span class='ocrx_word' id='word_1_225' title='bbox 62 2134 98 2193; x_wconf 85' lang='lat' dir='ltr'>ad</span> <span class='ocrx_word' id='word_1_226' title='bbox 127 2143 195 2190; x_wconf 77' lang='lat' dir='ltr'>se&#39;r</span> <span class='ocrx_word' id='word_1_227' title='bbox 236 2130 327 2190; x_wconf 87' lang='lat' dir='ltr'>endos</span> <span class='ocrx_word' id='word_1_228' title='bbox 346 2129 466 2198; x_wconf 79' lang='lat' dir='ltr'>minime</span> <span class='ocrx_word' id='word_1_229' title='bbox 485 2142 557 2194; x_wconf 86' lang='lat' dir='ltr'>sunt</span> <span class='ocrx_word' id='word_1_230' title='bbox 571 2130 693 2202; x_wconf 86' lang='lat' dir='ltr'>idonei,</span> <span class='ocrx_word' id='word_1_231' title='bbox 715 2129 767 2189; x_wconf 86' lang='lat' dir='ltr'>uba</span> <span class='ocrx_word' id='word_1_232' title='bbox 793 2141 886 2190; x_wconf 82' lang='lat' dir='ltr'>anctus</span> <span class='ocrx_word' id='word_1_233' title='bbox 911 2142 942 2191; x_wconf 89' lang='lat' dir='ltr'>et</span> <span class='ocrx_word' id='word_1_234' title='bbox 964 2133 1062 2211; x_wconf 89' lang='lat' dir='ltr'>pudor</span> <span class='ocrx_word' id='word_1_235' title='bbox 1086 2155 1137 2196; x_wconf 90' lang='lat' dir='ltr'>eos</span> <span class='ocrx_word' id='word_1_236' title='bbox 1160 2155 1223 2196; x_wconf 91' lang='lat' dir='ltr'>nou</span> 
     </span>
     <span class='ocr_line' id='line_1_26' title="bbox 63 2205 1224 2295; baseline 0.002 -27"><span class='ocrx_word' id='word_1_237' title='bbox 63 2206 197 2282; x_wconf 87' lang='lat' dir='ltr'>cohibet,</span> <span class='ocrx_word' id='word_1_238' title='bbox 239 2207 282 2267; x_wconf 90' lang='lat' dir='ltr'>eri</span> <span class='ocrx_word' id='word_1_239' title='bbox 301 2225 363 2265; x_wconf 91' lang='lat' dir='ltr'>non</span> <span class='ocrx_word' id='word_1_240' title='bbox 383 2217 482 2285; x_wconf 88' lang='lat' dir='ltr'>potest</span> <span class='ocrx_word' id='word_1_241' title='bbox 496 2205 567 2285; x_wconf 91' lang='lat' dir='ltr'>quin</span> <span class='ocrx_word' id='word_1_242' title='bbox 585 2223 615 2264; x_wconf 92' lang='lat' dir='ltr'>se</span> <span class='ocrx_word' id='word_1_243' title='bbox 628 2205 796 2295; x_wconf 58' lang='lat' dir='ltr'>proiiciantq</span> <span class='ocrx_word' id='word_1_244' title='bbox 816 2227 993 2285; x_wconf 87' lang='lat' dir='ltr'>quocunque</span> <span class='ocrx_word' id='word_1_245' title='bbox 1005 2208 1108 2270; x_wconf 88' lang='lat' dir='ltr'>tulerit</span> <span class='ocrx_word' id='word_1_246' title='bbox 1118 2211 1224 2286; x_wconf 84' lang='lat' dir='ltr'>libido,</span> 
     </span>
     <span class='ocr_line' id='line_1_27' title="bbox 61 2279 1224 2370; baseline 0.002 -26"><span class='ocrx_word' id='word_1_247' title='bbox 61 2285 207 2365; x_wconf 91' lang='lat' dir='ltr'>plenique</span> <span class='ocrx_word' id='word_1_248' title='bbox 218 2279 371 2345; x_wconf 87' lang='lat' dir='ltr'>dedecoris</span> <span class='ocrx_word' id='word_1_249' title='bbox 382 2281 418 2341; x_wconf 92' lang='lat' dir='ltr'>ad</span> <span class='ocrx_word' id='word_1_250' title='bbox 428 2293 546 2370; x_wconf 85' lang='lat' dir='ltr'>turpem</span> <span class='ocrx_word' id='word_1_251' title='bbox 559 2291 716 2361; x_wconf 87' lang='lat' dir='ltr'>egestatem</span> <span class='ocrx_word' id='word_1_252' title='bbox 730 2279 878 2340; x_wconf 80' lang='lat' dir='ltr'>festinent.</span> <span class='ocrx_word' id='word_1_253' title='bbox 913 2281 1018 2343; x_wconf 87' lang='lat' dir='ltr'>Postea</span> <span class='ocrx_word' id='word_1_254' title='bbox 1030 2303 1157 2364; x_wconf 87' lang='lat' dir='ltr'>poenam</span> <span class='ocrx_word' id='word_1_255' title='bbox 1170 2288 1224 2347; x_wconf 85' lang='lat' dir='ltr'>de-</span> 
     </span>
     <span class='ocr_line' id='line_1_28' title="bbox 62 2354 1223 2440; baseline 0 -18"><span class='ocrx_word' id='word_1_256' title='bbox 62 2359 179 2435; x_wconf 75' lang='lat' dir='ltr'>scribit,</span> <span class='ocrx_word' id='word_1_257' title='bbox 199 2377 275 2440; x_wconf 87' lang='lat' dir='ltr'>quae</span> <span class='ocrx_word' id='word_1_258' title='bbox 294 2357 371 2416; x_wconf 88' lang='lat' dir='ltr'>iusto</span> <span class='ocrx_word' id='word_1_259' title='bbox 390 2355 450 2416; x_wconf 88' lang='lat' dir='ltr'>Dei</span> <span class='ocrx_word' id='word_1_260' title='bbox 469 2354 589 2424; x_wconf 49' lang='lat' dir='ltr'>iudicio,</span> <span class='ocrx_word' id='word_1_261' title='bbox 600 2365 633 2414; x_wconf 90' lang='lat' dir='ltr'>ut</span> <span class='ocrx_word' id='word_1_262' title='bbox 651 2354 808 2435; x_wconf 89' lang='lat' dir='ltr'>plurimum</span> <span class='ocrx_word' id='word_1_263' title='bbox 825 2355 967 2438; x_wconf 91' lang='lat' dir='ltr'>prodigos</span> <span class='ocrx_word' id='word_1_264' title='bbox 978 2359 1151 2425; x_wconf 88' lang='lat' dir='ltr'>decoctores</span> <span class='ocrx_word' id='word_1_265' title='bbox 1161 2383 1223 2424; x_wconf 87' lang='lat' dir='ltr'>ma-</span> 
     </span>
     <span class='ocr_line' id='line_1_29' title="bbox 62 2431 1223 2520; baseline 0.001 -23"><span class='ocrx_word' id='word_1_266' title='bbox 62 2451 132 2500; x_wconf 87' lang='lat' dir='ltr'>net:</span> <span class='ocrx_word' id='word_1_267' title='bbox 162 2454 273 2514; x_wconf 87' lang='lat' dir='ltr'>nempe</span> <span class='ocrx_word' id='word_1_268' title='bbox 299 2443 333 2492; x_wconf 87' lang='lat' dir='ltr'>ut</span> <span class='ocrx_word' id='word_1_269' title='bbox 355 2431 431 2492; x_wconf 86' lang='lat' dir='ltr'>male</span> <span class='ocrx_word' id='word_1_270' title='bbox 457 2451 577 2492; x_wconf 89' lang='lat' dir='ltr'>consum</span> <span class='ocrx_word' id='word_1_271' title='bbox 599 2431 635 2492; x_wconf 88' lang='lat' dir='ltr'>tis</span> <span class='ocrx_word' id='word_1_272' title='bbox 660 2431 767 2510; x_wconf 88' lang='lat' dir='ltr'>opibus</span> <span class='ocrx_word' id='word_1_273' title='bbox 791 2431 905 2520; x_wconf 86' lang='lat' dir='ltr'>prolixe</span> <span class='ocrx_word' id='word_1_274' title='bbox 930 2435 1074 2510; x_wconf 87' lang='lat' dir='ltr'>esuriant,</span> <span class='ocrx_word' id='word_1_275' title='bbox 1099 2452 1130 2500; x_wconf 88' lang='lat' dir='ltr'>et</span> <span class='ocrx_word' id='word_1_276' title='bbox 1154 2440 1223 2520; x_wconf 88' lang='lat' dir='ltr'>quia</span> 
     </span>
     <span class='ocr_line' id='line_1_30' title="bbox 63 2451 1226 2594; baseline 0.004 -20"><span class='ocrx_word' id='word_1_277' title='bbox 63 2513 172 2594; x_wconf 89' lang='lat' dir='ltr'>optimi</span> <span class='ocrx_word' id='word_1_278' title='bbox 214 2510 276 2570; x_wconf 90' lang='lat' dir='ltr'>anis</span> <span class='ocrx_word' id='word_1_279' title='bbox 295 2507 474 2574; x_wconf 87' lang='lat' dir='ltr'>abundantia</span> <span class='ocrx_word' id='word_1_280' title='bbox 492 2451 645 2588; x_wconf 85' lang='lat' dir='ltr'>frugaliter</span> <span class='ocrx_word' id='word_1_281' title='bbox 664 2505 707 2568; x_wconf 90' lang='lat' dir='ltr'>uti</span> <span class='ocrx_word' id='word_1_282' title='bbox 726 2520 904 2579; x_wconf 76' lang='lat' dir='ltr'>nescierunt,</span> <span class='ocrx_word' id='word_1_283' title='bbox 924 2511 960 2568; x_wconf 90' lang='lat' dir='ltr'>ad</span> <span class='ocrx_word' id='word_1_284' title='bbox 978 2511 1100 2590; x_wconf 85' lang='lat' dir='ltr'>glandes</span> <span class='ocrx_word' id='word_1_285' title='bbox 1117 2527 1148 2576; x_wconf 89' lang='lat' dir='ltr'>et</span> <span class='ocrx_word' id='word_1_286' title='bbox 1161 2517 1226 2580; x_wconf 85' lang='lat' dir='ltr'>sili·.</span> 
     </span>
     <span class='ocr_line' id='line_1_31' title="bbox 63 2533 1223 2680; baseline 0.003 -30"><span class='ocrx_word' id='word_1_287' title='bbox 63 2612 136 2680; x_wconf 84' lang='lat' dir='ltr'>quas</span> <span class='ocrx_word' id='word_1_288' title='bbox 157 2533 346 2669; x_wconf 78' lang='lat' dir='ltr'>redigantur:</span> <span class='ocrx_word' id='word_1_289' title='bbox 367 2585 434 2644; x_wconf 87' lang='lat' dir='ltr'>deni</span> <span class='ocrx_word' id='word_1_290' title='bbox 457 2604 494 2643; x_wconf 88' lang='lat' dir='ltr'>ue</span> <span class='ocrx_word' id='word_1_291' title='bbox 513 2595 547 2644; x_wconf 89' lang='lat' dir='ltr'>ut</span> <span class='ocrx_word' id='word_1_292' title='bbox 565 2603 726 2663; x_wconf 89' lang='lat' dir='ltr'>porcorum</span> <span class='ocrx_word' id='word_1_293' title='bbox 744 2582 858 2643; x_wconf 88' lang='lat' dir='ltr'>sodales</span> <span class='ocrx_word' id='word_1_294' title='bbox 875 2583 944 2644; x_wconf 90' lang='lat' dir='ltr'>facti</span> <span class='ocrx_word' id='word_1_295' title='bbox 960 2585 1097 2668; x_wconf 88' lang='lat' dir='ltr'>indignos</span> <span class='ocrx_word' id='word_1_296' title='bbox 1113 2613 1144 2652; x_wconf 89' lang='lat' dir='ltr'>se</span> <span class='ocrx_word' id='word_1_297' title='bbox 1155 2614 1223 2654; x_wconf 84' lang='lat' dir='ltr'>seu·</span> 
     </span>
     <span class='ocr_line' id='line_1_32' title="bbox 61 2605 1227 2740; baseline 0.004 -14"><span class='ocrx_word' id='word_1_298' title='bbox 61 2678 141 2726; x_wconf 83' lang='lat' dir='ltr'>nant</span> <span class='ocrx_word' id='word_1_299' title='bbox 168 2665 296 2725; x_wconf 84' lang='lat' dir='ltr'>humano</span> <span class='ocrx_word' id='word_1_300' title='bbox 320 2660 408 2724; x_wconf 77' lang='lat' dir='ltr'>victu.</span> <span class='ocrx_word' id='word_1_301' title='bbox 437 2605 522 2722; x_wconf 69' lang='lat' dir='ltr'>liam</span> <span class='ocrx_word' id='word_1_302' title='bbox 542 2672 573 2720; x_wconf 89' lang='lat' dir='ltr'>et</span> <span class='ocrx_word' id='word_1_303' title='bbox 591 2659 663 2720; x_wconf 90' lang='lat' dir='ltr'>haec</span> <span class='ocrx_word' id='word_1_304' title='bbox 684 2669 728 2721; x_wconf 87' lang='lat' dir='ltr'>est</span> <span class='ocrx_word' id='word_1_305' title='bbox 746 2659 870 2740; x_wconf 89' lang='lat' dir='ltr'>porcina</span> <span class='ocrx_word' id='word_1_306' title='bbox 889 2659 918 2718; x_wconf 92' lang='lat' dir='ltr'>in</span> <span class='ocrx_word' id='word_1_307' title='bbox 943 2661 1049 2738; x_wconf 86' lang='lat' dir='ltr'>luvies,</span> <span class='ocrx_word' id='word_1_308' title='bbox 1072 2665 1147 2728; x_wconf 85' lang='lat' dir='ltr'>male</span> <span class='ocrx_word' id='word_1_309' title='bbox 1167 2669 1227 2730; x_wconf 90' lang='lat' dir='ltr'>dis-</span> 
     </span>
     <span class='ocr_line' id='line_1_33' title="bbox 62 2681 1224 2824; baseline 0.003 -21"><span class='ocrx_word' id='word_1_310' title='bbox 62 2743 193 2824; x_wconf 83' lang='lat' dir='ltr'>perdere</span> <span class='ocrx_word' id='word_1_311' title='bbox 214 2740 295 2820; x_wconf 88' lang='lat' dir='ltr'>quod</span> <span class='ocrx_word' id='word_1_312' title='bbox 314 2737 344 2798; x_wconf 89' lang='lat' dir='ltr'>in</span> <span class='ocrx_word' id='word_1_313' title='bbox 365 2735 444 2800; x_wconf 79' lang='lat' dir='ltr'>ritae</span> <span class='ocrx_word' id='word_1_314' title='bbox 462 2735 590 2796; x_wconf 88' lang='lat' dir='ltr'>subsidia</span> <span class='ocrx_word' id='word_1_315' title='bbox 610 2737 709 2796; x_wconf 87' lang='lat' dir='ltr'>datum</span> <span class='ocrx_word' id='word_1_316' title='bbox 729 2746 800 2796; x_wconf 89' lang='lat' dir='ltr'>erat</span> <span class='ocrx_word' id='word_1_317' title='bbox 840 2681 1095 2810; x_wconf 68' lang='lat' dir='ltr'>occisitantur</span> <span class='ocrx_word' id='word_1_318' title='bbox 1107 2743 1224 2823; x_wconf 88' lang='lat' dir='ltr'>quidam</span> 
     </span>
     <span class='ocr_line' id='line_1_34' title="bbox 63 2811 1224 2899; baseline 0.003 -20"><span class='ocrx_word' id='word_1_319' title='bbox 63 2828 230 2899; x_wconf 80' lang='lat' dir='ltr'>exponunt,</span> <span class='ocrx_word' id='word_1_320' title='bbox 251 2816 325 2877; x_wconf 91' lang='lat' dir='ltr'>banc</span> <span class='ocrx_word' id='word_1_321' title='bbox 344 2813 447 2876; x_wconf 86' lang='lat' dir='ltr'>iustam</span> <span class='ocrx_word' id='word_1_322' title='bbox 468 2833 529 2874; x_wconf 86' lang='lat' dir='ltr'>esse</span> <span class='ocrx_word' id='word_1_323' title='bbox 550 2812 632 2893; x_wconf 87' lang='lat' dir='ltr'>impii</span> <span class='ocrx_word' id='word_1_324' title='bbox 651 2811 759 2873; x_wconf 89' lang='lat' dir='ltr'>fastidii</span> <span class='ocrx_word' id='word_1_325' title='bbox 797 2832 912 2886; x_wconf 85' lang='lat' dir='ltr'>uenam,</span> <span class='ocrx_word' id='word_1_326' title='bbox 932 2825 965 2874; x_wconf 90' lang='lat' dir='ltr'>ut</span> <span class='ocrx_word' id='word_1_327' title='bbox 983 2813 1109 2878; x_wconf 81' lang='lat' dir='ltr'>famelici</span> <span class='ocrx_word' id='word_1_328' title='bbox 1129 2821 1165 2882; x_wconf 83' lang='lat' dir='ltr'>acl</span> <span class='ocrx_word' id='word_1_329' title='bbox 1184 2824 1224 2884; x_wconf 89' lang='lat' dir='ltr'>si·</span> 
     </span>
     <span class='ocr_line' id='line_1_35' title="bbox 54 2833 1226 2974; baseline 0.001 -23"><span class='ocrx_word' id='word_1_330' title='bbox 54 2895 161 2974; x_wconf 67' lang='lat' dir='ltr'>‘liquas</span> <span class='ocrx_word' id='word_1_331' title='bbox 183 2891 372 2974; x_wconf 82' lang='lat' dir='ltr'>confugiant,</span> <span class='ocrx_word' id='word_1_332' title='bbox 397 2889 448 2969; x_wconf 91' lang='lat' dir='ltr'>qui</span> <span class='ocrx_word' id='word_1_333' title='bbox 472 2889 581 2950; x_wconf 88' lang='lat' dir='ltr'>lautum</span> <span class='ocrx_word' id='word_1_334' title='bbox 601 2909 706 2970; x_wconf 87' lang='lat' dir='ltr'>panem</span> <span class='ocrx_word' id='word_1_335' title='bbox 726 2888 758 2954; x_wconf 90' lang='lat' dir='ltr'>in</span> <span class='ocrx_word' id='word_1_336' title='bbox 774 2833 887 2949; x_wconf 77' lang='lat' dir='ltr'>iamilia</span> <span class='ocrx_word' id='word_1_337' title='bbox 906 2891 1041 2952; x_wconf 88' lang='lat' dir='ltr'>coelestis</span> <span class='ocrx_word' id='word_1_338' title='bbox 1059 2895 1157 2960; x_wconf 86' lang='lat' dir='ltr'>Patris</span> <span class='ocrx_word' id='word_1_339' title='bbox 1175 2920 1226 2961; x_wconf 85' lang='lat' dir='ltr'>re.</span> 
     </span>
     <span class='ocr_line' id='line_1_36' title="bbox 63 2965 1226 3053; baseline 0.005 -22"><span class='ocrx_word' id='word_1_340' title='bbox 63 2969 218 3050; x_wconf 89' lang='lat' dir='ltr'>spuerint,</span> <span class='ocrx_word' id='word_1_341' title='bbox 243 2989 313 3029; x_wconf 82' lang='lat' dir='ltr'>vere</span> <span class='ocrx_word' id='word_1_342' title='bbox 334 2967 453 3046; x_wconf 90' lang='lat' dir='ltr'>quidem</span> <span class='ocrx_word' id='word_1_343' title='bbox 474 2977 504 3026; x_wconf 90' lang='lat' dir='ltr'>et</span> <span class='ocrx_word' id='word_1_344' title='bbox 523 2965 635 3028; x_wconf 89' lang='lat' dir='ltr'>utiliter</span> <span class='ocrx_word' id='word_1_345' title='bbox 655 2967 779 3040; x_wconf 90' lang='lat' dir='ltr'>dicitur,</span> <span class='ocrx_word' id='word_1_346' title='bbox 803 2985 859 3026; x_wconf 86' lang='lat' dir='ltr'>nec</span> <span class='ocrx_word' id='word_1_347' title='bbox 879 2967 938 3026; x_wconf 87' lang='lat' dir='ltr'>ulla</span> <span class='ocrx_word' id='word_1_348' title='bbox 957 2970 1065 3052; x_wconf 88' lang='lat' dir='ltr'>religio</span> <span class='ocrx_word' id='word_1_349' title='bbox 1085 2975 1226 3053; x_wconf 88' lang='lat' dir='ltr'>prohibat</span> 
     </span>
     <span class='ocr_line' id='line_1_37' title="bbox 62 3041 1225 3130; baseline 0.005 -22"><span class='ocrx_word' id='word_1_350' title='bbox 62 3047 121 3109; x_wconf 89' lang='lat' dir='ltr'>bac</span> <span class='ocrx_word' id='word_1_351' title='bbox 140 3043 333 3106; x_wconf 86' lang='lat' dir='ltr'>similitudine</span> <span class='ocrx_word' id='word_1_352' title='bbox 353 3043 412 3120; x_wconf 89' lang='lat' dir='ltr'>uti,</span> <span class='ocrx_word' id='word_1_353' title='bbox 439 3043 491 3104; x_wconf 88' lang='lat' dir='ltr'>sed</span> <span class='ocrx_word' id='word_1_354' title='bbox 509 3041 651 3104; x_wconf 90' lang='lat' dir='ltr'>memoria</span> <span class='ocrx_word' id='word_1_355' title='bbox 669 3041 786 3104; x_wconf 86' lang='lat' dir='ltr'>interim</span> <span class='ocrx_word' id='word_1_356' title='bbox 805 3045 967 3106; x_wconf 86' lang='lat' dir='ltr'>tenendum</span> <span class='ocrx_word' id='word_1_357' title='bbox 986 3058 1044 3125; x_wconf 89' lang='lat' dir='ltr'>est,</span> <span class='ocrx_word' id='word_1_358' title='bbox 1063 3051 1134 3130; x_wconf 89' lang='lat' dir='ltr'>quid</span> <span class='ocrx_word' id='word_1_359' title='bbox 1153 3052 1225 3114; x_wconf 82' lang='lat' dir='ltr'>alle-</span> 
     </span>
     <span class='ocr_line' id='line_1_38' title="bbox 63 3119 633 3208; baseline -0.012 -23"><span class='ocrx_word' id='word_1_360' title='bbox 63 3121 171 3208; x_wconf 85' lang='lat' dir='ltr'>goriae</span> <span class='ocrx_word' id='word_1_361' title='bbox 192 3143 208 3182; x_wconf 92' lang='lat' dir='ltr'>a</span> <span class='ocrx_word' id='word_1_362' title='bbox 227 3120 358 3204; x_wconf 89' lang='lat' dir='ltr'>genuino</span> <span class='ocrx_word' id='word_1_363' title='bbox 378 3140 466 3182; x_wconf 85' lang='lat' dir='ltr'>sensu</span> <span class='ocrx_word' id='word_1_364' title='bbox 485 3119 633 3185; x_wconf 75' lang='lat' dir='ltr'>differam.</span> 
     </span>
    </p>

    <p class='ocr_par' dir='ltr' id='par_1_5' title="bbox 10 3192 1294 3814">
     <span class='ocr_line' id='line_1_39' title="bbox 143 3192 1294 3284; baseline 0.001 -29"><span class='ocrx_word' id='word_1_365' title='bbox 143 3199 191 3264; x_wconf 78' lang='grc'>16.</span> <span class='ocrx_word' id='word_1_366' title='bbox 233 3195 370 3272; x_wconf 75' lang='lat' dir='ltr'>Gapiebnt</span> <span class='ocrx_word' id='word_1_367' title='bbox 387 3197 514 3273; x_wconf 77' lang='lat' dir='ltr'>implere.</span> <span class='ocrx_word' id='word_1_368' title='bbox 553 3192 721 3278; x_wconf 87' lang='lat' dir='ltr'>Significat,</span> <span class='ocrx_word' id='word_1_369' title='bbox 746 3197 916 3277; x_wconf 78' lang='lat' dir='ltr'>praefante</span> <span class='ocrx_word' id='word_1_370' title='bbox 942 3219 1004 3260; x_wconf 88' lang='lat' dir='ltr'>nou</span> <span class='ocrx_word' id='word_1_371' title='bbox 1030 3203 1225 3284; x_wconf 83' lang='lat' dir='ltr'>ampliusco.</span> <span class='ocrx_word' id='word_1_372' title='bbox 1291 3269 1294 3276; x_wconf 88' lang='lat'><em>.</em></span> 
     </span>
     <span class='ocr_line' id='line_1_40' title="bbox 64 3273 1224 3359; baseline 0.008 -25"><span class='ocrx_word' id='word_1_373' title='bbox 64 3275 175 3359; x_wconf 83' lang='lat' dir='ltr'>gitasse</span> <span class='ocrx_word' id='word_1_374' title='bbox 185 3285 298 3340; x_wconf 76' lang='lat' dir='ltr'>ceteras</span> <span class='ocrx_word' id='word_1_375' title='bbox 309 3273 437 3348; x_wconf 88' lang='lat' dir='ltr'>delicias,</span> <span class='ocrx_word' id='word_1_376' title='bbox 455 3274 508 3336; x_wconf 91' lang='lat' dir='ltr'>sed</span> <span class='ocrx_word' id='word_1_377' title='bbox 527 3274 611 3334; x_wconf 87' lang='lat' dir='ltr'>avide</span> <span class='ocrx_word' id='word_1_378' title='bbox 630 3293 746 3359; x_wconf 81' lang='lat' dir='ltr'>vprasse</span> <span class='ocrx_word' id='word_1_379' title='bbox 765 3273 898 3353; x_wconf 88' lang='lat' dir='ltr'>siliquas:</span> <span class='ocrx_word' id='word_1_380' title='bbox 918 3281 1116 3355; x_wconf 82' lang='lat' dir='ltr'>nequeenim,</span> <span class='ocrx_word' id='word_1_381' title='bbox 1156 3305 1224 3343; x_wconf 87' lang='lat' dir='ltr'>uum</span> 
     </span>
     <span class='ocr_line' id='line_1_41' title="bbox 64 3349 1225 3432; baseline 0.006 -20"><span class='ocrx_word' id='word_1_382' title='bbox 64 3350 168 3432; x_wconf 88' lang='lat' dir='ltr'>porcis</span> <span class='ocrx_word' id='word_1_383' title='bbox 192 3349 254 3429; x_wconf 92' lang='lat' dir='ltr'>ipse</span> <span class='ocrx_word' id='word_1_384' title='bbox 281 3351 364 3410; x_wconf 88' lang='lat' dir='ltr'>daret</span> <span class='ocrx_word' id='word_1_385' title='bbox 383 3349 441 3410; x_wconf 90' lang='lat' dir='ltr'>boc</span> <span class='ocrx_word' id='word_1_386' title='bbox 461 3349 522 3410; x_wconf 88' lang='lat' dir='ltr'>cibi</span> <span class='ocrx_word' id='word_1_387' title='bbox 564 3371 650 3424; x_wconf 86' lang='lat' dir='ltr'>enus,</span> <span class='ocrx_word' id='word_1_388' title='bbox 675 3369 774 3410; x_wconf 89' lang='lat' dir='ltr'>carere</span> <span class='ocrx_word' id='word_1_389' title='bbox 793 3351 899 3430; x_wconf 87' lang='lat' dir='ltr'>potuit.</span> <span class='ocrx_word' id='word_1_390' title='bbox 939 3351 1068 3416; x_wconf 84' lang='lat' dir='ltr'>Celebre</span> <span class='ocrx_word' id='word_1_391' title='bbox 1089 3369 1133 3418; x_wconf 90' lang='lat' dir='ltr'>est</span> <span class='ocrx_word' id='word_1_392' title='bbox 1151 3358 1225 3420; x_wconf 88' lang='lat' dir='ltr'>rllud</span> 
     </span>
     <span class='ocr_line' id='line_1_42' title="bbox 10 3368 1224 3517; baseline 0.01 -35"><span class='ocrx_word' id='word_1_393' title='bbox 10 3431 11 3436; x_wconf 77' lang='grc'>’</span> <span class='ocrx_word' id='word_1_394' title='bbox 68 3427 145 3508; x_wconf 74' lang='lat' dir='ltr'>Cyri</span> <span class='ocrx_word' id='word_1_395' title='bbox 165 3425 285 3502; x_wconf 82' lang='lat' dir='ltr'>dictum,</span> <span class='ocrx_word' id='word_1_396' title='bbox 305 3427 366 3506; x_wconf 91' lang='lat' dir='ltr'>qui,</span> <span class='ocrx_word' id='word_1_397' title='bbox 385 3446 475 3504; x_wconf 90' lang='lat' dir='ltr'>quum</span> <span class='ocrx_word' id='word_1_398' title='bbox 492 3425 522 3484; x_wconf 88' lang='lat' dir='ltr'>in</span> <span class='ocrx_word' id='word_1_399' title='bbox 538 3368 607 3506; x_wconf 68' lang='lat' dir='ltr'>iuga</span> <span class='ocrx_word' id='word_1_400' title='bbox 623 3424 743 3517; x_wconf 87' lang='lat' dir='ltr'>longam</span> <span class='ocrx_word' id='word_1_401' title='bbox 756 3424 882 3488; x_wconf 89' lang='lat' dir='ltr'>inediam</span> <span class='ocrx_word' id='word_1_402' title='bbox 894 3449 993 3508; x_wconf 87' lang='lat' dir='ltr'>passus</span> <span class='ocrx_word' id='word_1_403' title='bbox 1006 3443 1092 3506; x_wconf 74' lang='lat' dir='ltr'>esset,</span> <span class='ocrx_word' id='word_1_404' title='bbox 1112 3434 1224 3496; x_wconf 88' lang='lat' dir='ltr'>cibario</span> 
     </span>
     <span class='ocr_line' id='line_1_43' title="bbox 66 3501 1225 3589; baseline 0.006 -26"><span class='ocrx_word' id='word_1_405' title='bbox 66 3517 101 3564; x_wconf 89' lang='lat' dir='ltr'>et</span> <span class='ocrx_word' id='word_1_406' title='bbox 124 3513 191 3562; x_wconf 87' lang='lat' dir='ltr'>atro</span> <span class='ocrx_word' id='word_1_407' title='bbox 216 3523 292 3582; x_wconf 90' lang='lat' dir='ltr'>pane</span> <span class='ocrx_word' id='word_1_408' title='bbox 317 3501 466 3582; x_wconf 87' lang='lat' dir='ltr'>paululum</span> <span class='ocrx_word' id='word_1_409' title='bbox 490 3501 617 3564; x_wconf 87' lang='lat' dir='ltr'>refectus</span> <span class='ocrx_word' id='word_1_410' title='bbox 637 3502 724 3578; x_wconf 77' lang='lat' dir='ltr'>dixit,</span> <span class='ocrx_word' id='word_1_411' title='bbox 745 3523 777 3564; x_wconf 85' lang='lat' dir='ltr'>se</span> <span class='ocrx_word' id='word_1_412' title='bbox 796 3523 946 3583; x_wconf 85' lang='lat' dir='ltr'>nunquam</span> <span class='ocrx_word' id='word_1_413' title='bbox 965 3507 1098 3586; x_wconf 90' lang='lat' dir='ltr'>sapidum</span> <span class='ocrx_word' id='word_1_414' title='bbox 1117 3530 1225 3589; x_wconf 88' lang='lat' dir='ltr'>panem</span> 
     </span>
     <span class='ocr_line' id='line_1_44' title="bbox 65 3577 1224 3672; baseline 0.007 -34"><span class='ocrx_word' id='word_1_415' title='bbox 65 3591 215 3672; x_wconf 73' lang='lat' dir='ltr'>gustpsse:</span> <span class='ocrx_word' id='word_1_416' title='bbox 234 3579 274 3638; x_wconf 89' lang='lat' dir='ltr'>ita</span> <span class='ocrx_word' id='word_1_417' title='bbox 293 3578 439 3653; x_wconf 86' lang='lat' dir='ltr'>iuvenem,</span> <span class='ocrx_word' id='word_1_418' title='bbox 458 3577 539 3638; x_wconf 86' lang='lat' dir='ltr'>cuius</span> <span class='ocrx_word' id='word_1_419' title='bbox 559 3599 637 3638; x_wconf 90' lang='lat' dir='ltr'>nunc</span> <span class='ocrx_word' id='word_1_420' title='bbox 657 3577 693 3640; x_wconf 83' lang='lat' dir='ltr'>fit</span> <span class='ocrx_word' id='word_1_421' title='bbox 708 3580 833 3654; x_wconf 88' lang='lat' dir='ltr'>mentio,</span> <span class='ocrx_word' id='word_1_422' title='bbox 851 3582 1009 3642; x_wconf 85' lang='lat' dir='ltr'>necessitas</span> <span class='ocrx_word' id='word_1_423' title='bbox 1024 3603 1078 3644; x_wconf 91' lang='lat' dir='ltr'>coe</span> <span class='ocrx_word' id='word_1_424' title='bbox 1101 3585 1224 3664; x_wconf 88' lang='lat' dir='ltr'>itappe-</span> 
     </span>
     <span class='ocr_line' id='line_1_45' title="bbox 67 3653 1226 3746; baseline 0.003 -30"><span class='ocrx_word' id='word_1_425' title='bbox 67 3667 157 3716; x_wconf 86' lang='lat' dir='ltr'>trtum</span> <span class='ocrx_word' id='word_1_426' title='bbox 177 3656 214 3716; x_wconf 87' lang='lat' dir='ltr'>ad</span> <span class='ocrx_word' id='word_1_427' title='bbox 232 3656 349 3734; x_wconf 85' lang='lat' dir='ltr'>siliquas</span> <span class='ocrx_word' id='word_1_428' title='bbox 369 3653 504 3716; x_wconf 88' lang='lat' dir='ltr'>adiicere.</span> <span class='ocrx_word' id='word_1_429' title='bbox 536 3653 664 3716; x_wconf 77' lang='lat' dir='ltr'>Additur</span> <span class='ocrx_word' id='word_1_430' title='bbox 684 3654 769 3730; x_wconf 92' lang='lat' dir='ltr'>ratio,</span> <span class='ocrx_word' id='word_1_431' title='bbox 790 3656 956 3746; x_wconf 75' lang='lat' dir='ltr'>quianam</span> <span class='ocrx_word' id='word_1_432' title='bbox 970 3657 1016 3716; x_wconf 72' lang='lat' dir='ltr'>sut</span> <span class='ocrx_word' id='word_1_433' title='bbox 1093 3674 1139 3722; x_wconf 75' lang='lat' dir='ltr'>nt.-</span> <span class='ocrx_word' id='word_1_434' title='bbox 1159 3681 1226 3720; x_wconf 88' lang='lat' dir='ltr'>uam</span> 
     </span>
     <span class='ocr_line' id='line_1_46' title="bbox 68 3729 1236 3814; baseline 0.003 -21"><span class='ocrx_word' id='word_1_435' title='bbox 68 3729 180 3810; x_wconf 89' lang='lat' dir='ltr'>copula</span> <span class='ocrx_word' id='word_1_436' title='bbox 198 3731 229 3792; x_wconf 89' lang='lat' dir='ltr'>iu</span> <span class='ocrx_word' id='word_1_437' title='bbox 251 3729 393 3792; x_wconf 88' lang='lat' dir='ltr'>causalem</span> <span class='ocrx_word' id='word_1_438' title='bbox 414 3730 601 3810; x_wconf 87' lang='lat' dir='ltr'>particulam,</span> <span class='ocrx_word' id='word_1_439' title='bbox 625 3751 693 3792; x_wconf 93' lang='lat' dir='ltr'>meo</span> <span class='ocrx_word' id='word_1_440' title='bbox 713 3731 838 3806; x_wconf 80' lang='lat' dir='ltr'>iudicio,</span> <span class='ocrx_word' id='word_1_441' title='bbox 857 3732 966 3794; x_wconf 88' lang='lat' dir='ltr'>resolvi</span> <span class='ocrx_word' id='word_1_442' title='bbox 985 3734 1084 3795; x_wconf 87' lang='lat' dir='ltr'>debet.</span> <span class='ocrx_word' id='word_1_443' title='bbox 1120 3737 1236 3814; x_wconf 75' lang='lat' dir='ltr'>Neque¹</span> 
     </span>
    </p>
   </div>
   <div class='ocr_carea' id='block_1_3' title="bbox 266 1976 1340 2073">
    <p class='ocr_par' dir='ltr' id='par_1_6' title="bbox 266 1976 1340 2073">
     <span class='ocr_line' id='line_1_47' title="bbox 266 1976 1340 2073; baseline 0.002 -37"><span class='ocrx_word' id='word_1_444' title='bbox 266 1977 380 2051; x_wconf 88' lang='lat' dir='ltr'>hristus,</span> <span class='ocrx_word' id='word_1_445' title='bbox 399 1978 471 2057; x_wconf 91' lang='lat' dir='ltr'>quid</span> <span class='ocrx_word' id='word_1_446' title='bbox 490 1976 645 2038; x_wconf 86' lang='lat' dir='ltr'>iuvenibus</span> <span class='ocrx_word' id='word_1_447' title='bbox 665 1979 841 2059; x_wconf 84' lang='lat' dir='ltr'>contingere</span> <span class='ocrx_word' id='word_1_448' title='bbox 860 1979 963 2055; x_wconf 86' lang='lat' dir='ltr'>soleat,</span> <span class='ocrx_word' id='word_1_449' title='bbox 982 1980 1223 2073; x_wconf 87' lang='lat' dir='ltr'>ubiproprioin-</span> <span class='ocrx_word' id='word_1_450' title='bbox 1337 2031 1340 2038; x_wconf 94' lang='grc'><em>,</em></span> 
     </span>
    </p>
   </div>
   <div class='ocr_carea' id='block_1_4' title="bbox 68 3805 1345 3901">
    <p class='ocr_par' dir='ltr' id='par_1_7' title="bbox 68 3805 1345 3901">
     <span class='ocr_line' id='line_1_48' title="bbox 68 3805 1345 3901; baseline 0 -33"><span class='ocrx_word' id='word_1_451' title='bbox 68 3807 130 3868; x_wconf 90' lang='lat' dir='ltr'>boc</span> <span class='ocrx_word' id='word_1_452' title='bbox 151 3809 187 3867; x_wconf 89' lang='lat' dir='ltr'>de</span> <span class='ocrx_word' id='word_1_453' title='bbox 206 3807 317 3898; x_wconf 74' lang='lat' dir='ltr'>siliquis</span> <span class='ocrx_word' id='word_1_454' title='bbox 337 3805 454 3879; x_wconf 90' lang='lat' dir='ltr'>dicitur,</span> <span class='ocrx_word' id='word_1_455' title='bbox 474 3827 548 3884; x_wconf 89' lang='lat' dir='ltr'>quae</span> <span class='ocrx_word' id='word_1_456' title='bbox 567 3806 611 3867; x_wconf 93' lang='lat' dir='ltr'>illi</span> <span class='ocrx_word' id='word_1_457' title='bbox 629 3819 715 3868; x_wconf 89' lang='lat' dir='ltr'>erant</span> <span class='ocrx_word' id='word_1_458' title='bbox 733 3809 769 3868; x_wconf 90' lang='lat' dir='ltr'>ad</span> <span class='ocrx_word' id='word_1_459' title='bbox 787 3829 916 3882; x_wconf 87' lang='lat' dir='ltr'>manum,</span> <span class='ocrx_word' id='word_1_460' title='bbox 934 3810 986 3870; x_wconf 88' lang='lat' dir='ltr'>sed</span> <span class='ocrx_word' id='word_1_461' title='bbox 1005 3811 1152 3901; x_wconf 81' lang='lat' dir='ltr'>intelligo,</span> <span class='ocrx_word' id='word_1_462' title='bbox 1171 3833 1225 3872; x_wconf 87' lang='lat' dir='ltr'>ne·</span> <span class='ocrx_word' id='word_1_463' title='bbox 1341 3841 1345 3868; x_wconf 83' lang='lat' dir='ltr'>t</span> 
     </span>
    </p>
   </div>
   <div class='ocr_carea' id='block_1_5' title="bbox 12 3881 1230 4429">
    <p class='ocr_par' dir='ltr' id='par_1_8' title="bbox 12 3881 1226 4117">
     <span class='ocr_line' id='line_1_49' title="bbox 12 3881 1226 3964; baseline 0.006 -22"><span class='ocrx_word' id='word_1_464' title='bbox 12 3933 18 3942; x_wconf 91' lang='lat'>.</span> <span class='ocrx_word' id='word_1_465' title='bbox 68 3883 182 3944; x_wconf 83' lang='lat' dir='ltr'>minens</span> <span class='ocrx_word' id='word_1_466' title='bbox 202 3905 263 3944; x_wconf 89' lang='lat' dir='ltr'>erus</span> <span class='ocrx_word' id='word_1_467' title='bbox 283 3883 401 3963; x_wconf 88' lang='lat' dir='ltr'>inopiae</span> <span class='ocrx_word' id='word_1_468' title='bbox 422 3881 509 3942; x_wconf 90' lang='lat' dir='ltr'>fuisse</span> <span class='ocrx_word' id='word_1_469' title='bbox 528 3883 686 3944; x_wconf 87' lang='lat' dir='ltr'>misertum.</span> <span class='ocrx_word' id='word_1_470' title='bbox 725 3883 863 3964; x_wconf 85' lang='lat' dir='ltr'>Prodigia</span> <span class='ocrx_word' id='word_1_471' title='bbox 883 3883 972 3958; x_wconf 89' lang='lat' dir='ltr'>enim,</span> <span class='ocrx_word' id='word_1_472' title='bbox 992 3887 1043 3964; x_wconf 90' lang='lat' dir='ltr'>qui</span> <span class='ocrx_word' id='word_1_473' title='bbox 1060 3907 1124 3948; x_wconf 77' lang='lat' dir='ltr'>stne</span> <span class='ocrx_word' id='word_1_474' title='bbox 1144 3887 1226 3949; x_wconf 88' lang='lat' dir='ltr'>dele·</span> 
     </span>
     <span class='ocr_line' id='line_1_50' title="bbox 70 3960 1225 4046; baseline 0.004 -25"><span class='ocrx_word' id='word_1_475' title='bbox 70 3973 122 4021; x_wconf 86' lang='lat' dir='ltr'>ctu</span> <span class='ocrx_word' id='word_1_476' title='bbox 141 3980 194 4021; x_wconf 84' lang='lat' dir='ltr'>sua</span> <span class='ocrx_word' id='word_1_477' title='bbox 212 3960 362 4040; x_wconf 86' lang='lat' dir='ltr'>dissipant,</span> <span class='ocrx_word' id='word_1_478' title='bbox 381 3979 469 4018; x_wconf 90' lang='lat' dir='ltr'>nemo</span> <span class='ocrx_word' id='word_1_479' title='bbox 489 3979 521 4019; x_wconf 89' lang='lat' dir='ltr'>se</span> <span class='ocrx_word' id='word_1_480' title='bbox 541 3960 650 4020; x_wconf 87' lang='lat' dir='ltr'>debere</span> <span class='ocrx_word' id='word_1_481' title='bbox 670 3961 816 4042; x_wconf 88' lang='lat' dir='ltr'>agnoscit:</span> <span class='ocrx_word' id='word_1_482' title='bbox 835 3960 896 4020; x_wconf 89' lang='lat' dir='ltr'>imo</span> <span class='ocrx_word' id='word_1_483' title='bbox 916 3961 984 4040; x_wconf 87' lang='lat' dir='ltr'>quia</span> <span class='ocrx_word' id='word_1_484' title='bbox 998 3963 1097 4024; x_wconf 89' lang='lat' dir='ltr'>omnia</span> <span class='ocrx_word' id='word_1_485' title='bbox 1114 3963 1225 4046; x_wconf 86' lang='lat' dir='ltr'>disper-</span> 
     </span>
     <span class='ocr_line' id='line_1_51' title="bbox 72 4033 853 4117; baseline -0.003 -20"><span class='ocrx_word' id='word_1_486' title='bbox 72 4038 145 4098; x_wconf 88' lang='lat' dir='ltr'>dere</span> <span class='ocrx_word' id='word_1_487' title='bbox 164 4036 245 4097; x_wconf 90' lang='lat' dir='ltr'>soliti</span> <span class='ocrx_word' id='word_1_488' title='bbox 263 4046 341 4111; x_wconf 81' lang='lat' dir='ltr'>sunt,</span> <span class='ocrx_word' id='word_1_489' title='bbox 360 4033 434 4094; x_wconf 91' lang='lat' dir='ltr'>nibil</span> <span class='ocrx_word' id='word_1_490' title='bbox 452 4034 508 4094; x_wconf 94' lang='lat' dir='ltr'>illis</span> <span class='ocrx_word' id='word_1_491' title='bbox 530 4035 642 4096; x_wconf 86' lang='lat' dir='ltr'>videtur</span> <span class='ocrx_word' id='word_1_492' title='bbox 662 4035 853 4117; x_wconf 67' lang='lat' dir='ltr'>erogandum.</span> 
     </span>
    </p>

    <p class='ocr_par' dir='ltr' id='par_1_9' title="bbox 72 4111 1230 4429">
     <span class='ocr_line' id='line_1_52' title="bbox 150 4111 1227 4198; baseline 0.01 -29"><span class='ocrx_word' id='word_1_493' title='bbox 150 4121 198 4179; x_wconf 84' lang='lat'>17.</span> <span class='ocrx_word' id='word_1_494' title='bbox 241 4111 282 4172; x_wconf 78' lang='lat' dir='ltr'>In</span> <span class='ocrx_word' id='word_1_495' title='bbox 304 4133 335 4172; x_wconf 83' lang='lat' dir='ltr'>ce</span> <span class='ocrx_word' id='word_1_496' title='bbox 358 4127 451 4172; x_wconf 69' lang='lat' dir='ltr'>amon</span> <span class='ocrx_word' id='word_1_497' title='bbox 469 4133 607 4174; x_wconf 70' lang='lat' dir='ltr'>remens.</span> <span class='ocrx_word' id='word_1_498' title='bbox 656 4113 713 4173; x_wconf 87' lang='lat' dir='ltr'>Hic</span> <span class='ocrx_word' id='word_1_499' title='bbox 738 4111 824 4172; x_wconf 88' lang='lat' dir='ltr'>nobis</span> <span class='ocrx_word' id='word_1_500' title='bbox 850 4111 1026 4174; x_wconf 88' lang='lat' dir='ltr'>describitur</span> <span class='ocrx_word' id='word_1_501' title='bbox 1049 4116 1140 4192; x_wconf 88' lang='lat' dir='ltr'>ratio,</span> <span class='ocrx_word' id='word_1_502' title='bbox 1170 4139 1227 4198; x_wconf 83' lang='lat' dir='ltr'>qua</span> 
     </span>
     <span class='ocr_line' id='line_1_53' title="bbox 72 4187 1227 4283; baseline 0.005 -33"><span class='ocrx_word' id='word_1_503' title='bbox 72 4189 157 4250; x_wconf 86' lang='lat' dir='ltr'>Deus</span> <span class='ocrx_word' id='word_1_504' title='bbox 177 4189 312 4250; x_wconf 86' lang='lat' dir='ltr'>homines</span> <span class='ocrx_word' id='word_1_505' title='bbox 330 4189 367 4248; x_wconf 90' lang='lat' dir='ltr'>ad</span> <span class='ocrx_word' id='word_1_506' title='bbox 388 4188 601 4268; x_wconf 89' lang='lat' dir='ltr'>poenitentiam</span> <span class='ocrx_word' id='word_1_507' title='bbox 613 4187 724 4248; x_wconf 85' lang='lat' dir='ltr'>invitat.</span> <span class='ocrx_word' id='word_1_508' title='bbox 756 4187 789 4248; x_wconf 81' lang='lat' dir='ltr'>Si</span> <span class='ocrx_word' id='word_1_509' title='bbox 800 4187 877 4248; x_wconf 88' lang='lat' dir='ltr'>ultro</span> <span class='ocrx_word' id='word_1_510' title='bbox 890 4203 1027 4268; x_wconf 89' lang='lat' dir='ltr'>saperent</span> <span class='ocrx_word' id='word_1_511' title='bbox 1039 4213 1129 4283; x_wconf 86' lang='lat' dir='ltr'>seque</span> <span class='ocrx_word' id='word_1_512' title='bbox 1142 4217 1227 4276; x_wconf 90' lang='lat' dir='ltr'>prae-</span> 
     </span>
     <span class='ocr_line' id='line_1_54' title="bbox 75 4263 1229 4346; baseline 0.007 -21"><span class='ocrx_word' id='word_1_513' title='bbox 75 4263 184 4326; x_wconf 91' lang='lat' dir='ltr'>berent</span> <span class='ocrx_word' id='word_1_514' title='bbox 194 4265 317 4338; x_wconf 86' lang='lat' dir='ltr'>dociles,</span> <span class='ocrx_word' id='word_1_515' title='bbox 335 4265 469 4326; x_wconf 89' lang='lat' dir='ltr'>blandius</span> <span class='ocrx_word' id='word_1_516' title='bbox 489 4285 541 4325; x_wconf 84' lang='lat' dir='ltr'>eos</span> <span class='ocrx_word' id='word_1_517' title='bbox 560 4265 706 4326; x_wconf 68' lang='lat' dir='ltr'>alliceret:</span> <span class='ocrx_word' id='word_1_518' title='bbox 725 4285 824 4328; x_wconf 88' lang='lat' dir='ltr'>verum</span> <span class='ocrx_word' id='word_1_519' title='bbox 836 4264 915 4344; x_wconf 84' lang='lat' dir='ltr'>quia,</span> <span class='ocrx_word' id='word_1_520' title='bbox 933 4265 988 4325; x_wconf 87' lang='lat' dir='ltr'>nisi</span> <span class='ocrx_word' id='word_1_521' title='bbox 1003 4267 1102 4342; x_wconf 76' lang='lat' dir='ltr'>ferulis</span> <span class='ocrx_word' id='word_1_522' title='bbox 1115 4272 1229 4346; x_wconf 89' lang='lat' dir='ltr'>domiti,</span> 
     </span>
     <span class='ocr_line' id='line_1_55' title="bbox 73 4340 1230 4429; baseline 0.006 -25"><span class='ocrx_word' id='word_1_523' title='bbox 73 4343 118 4404; x_wconf 87' lang='lat' dir='ltr'>ad</span> <span class='ocrx_word' id='word_1_524' title='bbox 127 4341 303 4422; x_wconf 86' lang='lat' dir='ltr'>obsequium</span> <span class='ocrx_word' id='word_1_525' title='bbox 312 4341 578 4418; x_wconf 80' lang='lat' dir='ltr'>condescendunt,</span> <span class='ocrx_word' id='word_1_526' title='bbox 592 4340 691 4404; x_wconf 87' lang='lat' dir='ltr'>durius</span> <span class='ocrx_word' id='word_1_527' title='bbox 701 4361 753 4406; x_wconf 85' lang='lat' dir='ltr'>eos</span> <span class='ocrx_word' id='word_1_528' title='bbox 766 4341 896 4424; x_wconf 82' lang='lat' dir='ltr'>castigat.</span> <span class='ocrx_word' id='word_1_529' title='bbox 925 4341 1007 4426; x_wconf 80' lang='lat' dir='ltr'>Ergo</span> <span class='ocrx_word' id='word_1_530' title='bbox 1019 4345 1128 4423; x_wconf 86' lang='lat' dir='ltr'>iuveni,</span> <span class='ocrx_word' id='word_1_531' title='bbox 1143 4369 1230 4429; x_wconf 87' lang='lat' dir='ltr'>quem</span> 
     </span>
    </p>
   </div>
   <div class='ocr_carea' id='block_1_6' title="bbox 0 0 1394 4838">
    <p class='ocr_par' dir='ltr' id='par_1_10' title="bbox 0 0 1394 4838">
     <span class='ocr_line' id='line_1_56' title="bbox 0 0 1394 4838; baseline 0 0"><span class='ocrx_word' id='word_1_532' title='bbox 0 0 1394 4838; x_wconf 95' lang='lat' dir='ltr'> </span> 
     </span>
    </p>
   </div>
  </div>
 </body>
</html>
