2790 4838
412 281 667 342 Arosroaoaors
685 288 890 344 mmmmm.
965 294 969 304 ¹
1065 293 1068 304 “
1137 237 1193 366 {tl
1307 270 1315 284 ’

65 432 226 492 commonia
250 431 330 492 enim
354 431 455 494 iudicii
479 417 556 497 dieio
580 429 747 516 tatettt'gere
772 443 906 516 oportet,
933 435 966 496 in
992 455 1053 514 quo
1076 435 1194 516 utrique

65 509 207 570 rationem
228 507 369 580 reddent,
389 517 422 570 ut
441 510 492 570 fiat
511 528 671 590 poenarum
692 511 884 594 comparatio.
921 511 1082 575 Sodomam
1105 513 1194 576 Chri·
1246 557 1248 562 ·

15 599 17 658 t
64 597 116 646 stes
136 607 211 666 prae
233 586 297 646 aliis
317 585 438 646 urbibus
458 586 630 660 sominavit,
650 608 713 648 aon
724 600 838 650 tautum
849 588 916 668 quia
928 590 1061 650 extremis
1074 590 1193 671 flagitiis
1303 599 1305 604 ’

15 659 17 728 l
65 682 158 723 omnes
184 662 365 754 superavit„
381 665 433 724 sed
460 663 527 743 quia
552 662 694 744 singulari
718 665 797 724 exitii
821 685 932 746 genere
957 665 1093 728 divinitus
1120 687 1193 726 con-

64 751 168 818 sumpta
195 739 272 812 sust,
301 749 334 802 ut
357 739 479 800 saeculis
497 739 640 814 ,omnbus
667 751 742 801 esset
765 742 797 800 in
822 740 1002 822 exemplum,
1033 753 1063 802 et
1081 762 1193 804 nomen

63 815 148 874 irum
175 815 398 879 abominationi
423 828 506 877 esset.
550 817 614 876 Nec
638 827 737 877 tamen
756 817 879 892 mirum,
910 819 992 898 qdod
1010 819 1106 878 mitius
1126 839 1193 879 cum

65 837 113 950 iltis
133 903 235 952 actum
256 892 294 952 iri
309 889 442 954 Christus
462 892 643 974 pronuntiat,
663 911 749 972 quara
769 916 835 954 eum
855 893 1013 956 incredulis
1033 894 1083 976 qui
1094 895 1193 956 Evan-

64 969 165 1048 gelium
192 969 297 1029 audire
322 968 487 1033 abnuerint.
530 971 605 1031 Nam
630 990 720 1048 quum
743 972 948 1035 auctoritatem
973 971 1069 1032 fictori
1087 991 1142 1034 suo
1163 983 1194 1032 et
1309 973 1315 980 ’

64 1047 154 1124 opifici
175 1059 292 1125 negant
311 1046 459 1121 homines,
488 1067 544 1106 nec
564 1046 624 1106 eius
643 1067 748 1107 vocem
767 1045 915 1110 audientia
934 1047 962 1107 di
986 1059 1108 1121 nautor,
1132 1048 1192 1126 ipro

64 1121 188 1204 henigne
210 1135 367 1183 vocantem
387 1121 552 1202 repellunt,
584 1133 613 1181 et
631 1123 730 1182 omnia
750 1119 913 1185 liberaliter
931 1069 1085 1204 pollicenti
1104 1125 1193 1186 fidem

65 1197 221 1280 derogant,
253 1199 325 1259 haec
348 1199 482 1278 impietas
529 1197 589 1258 ussi
607 1217 759 1278 supremus
779 1199 909 1260 omnium
927 1200 1070 1262 scelerum
1091 1223 1193 1262 cumu-

64 1273 101 1334 lus
126 1287 180 1336 est.
223 1273 342 1351 Quodsi
361 1275 479 1336 obscuri
498 1221 574 1335 illius
593 1275 745 1354 praeconii
764 1274 910 1355 repulsam
928 1287 1050 1356 sequuta
1070 1289 1114 1358 est
1132 1288 1193 1338 tam

65 1351 119 1410 dira
142 1352 238 1429 ultio,
270 1373 356 1432 quam
380 1351 520 1414 terribilis
541 1372 618 1411 nune
639 1371 690 1410 eos
711 1371 808 1430 poena
827 1361 941 1426 manet,
970 1352 1021 1430 qui
1043 1351 1194 1414 Christum

81 1427 146 1489 leno
168 1449 224 1490 ore
244 1429 416 1508 loquentem
435 1427 591 1490 reiiciunt?
609 1427 733 1487 Deinde
746 1427 772 1488 si
790 1439 850 1488 tam
869 1447 970 1490 severe
989 1417 1202 1490 animadvertitl

64 1449 137 1566 lteus
157 1505 188 1566 in
211 1517 444 1585 contemptores,
464 1506 533 1586 quid
554 1503 670 1566 furiosis
690 1502 823 1564 hostibus
842 1502 902 1578 fiet,
923 1503 973 1583 qui
991 1503 1039 1563 vel
1055 1503 1194 1596 blasphe-,

65 1582 121 1640 niis
141 1582 339 1648 etyiruleota
357 1581 458 1665 lingua
479 1579 867 1664 oppugnantEvangeliom,
885 1581 931 1648 vel
945 1579 1103 1645 crudeliter
1113 1580 1193 1665 agni-

61 1659 112 1720 bus
131 1671 162 1720 et
182 1659 288 1740 gladiis
308 1660 542 1740 persequuntur?
612 1697 617 1706 ·
941 1657 943 1668 '

100 1877 181 1955 (85.)
222 1873 395 1940 MATTH.
422 1877 460 1940 X.
504 1875 554 1943 16.
575 1876 661 1942 Ecce
682 1896 743 1964 ego
766 1877 875 1943 emitto
897 1895 972 1955 vos,
1003 1873 1094 1941 velut
1115 1896 1194 1940 oves
1261 1871 1269 1929 ἶ

65 1979 95 2041 in
118 1975 229 2042 medio
256 1973 437 2062 luporumr·
452 1985 556 2042 estote
584 1979 680 2063 igitur
698 1975 875 2066 prudentes
896 1975 998 2042 veluti
1018 1985 1196 2062 serpentes,

67 2089 94 2140 st
119 2076 279 2163 simplices
307 2078 389 2140 sieut
416 2072 594 2143 columbae.
638 2077 687 2142 17.
716 2075 841 2143 Cavete
869 2087 974 2145 autem
996 2074 1038 2142 ab
1060 2075 1196 2142 homini·
1257 2071 1259 2088 ”

65 2169 293 2274 ὴυεῃηάειιί
322 2179 406 2242 enim
428 2199 487 2244 vos
509 2178 542 2242 in
565 2170 717 2255 eoncilia,
750 2187 782 2242 et
803 2179 837 2242 in
859 2178 1033 2264 synagogis
1051 2177 1118 2242 suis
1138 2174 1196 2239 ssa-

66 2277 226 2360 gellabunt
251 2301 320 2344 vus.
376 2279 425 2344 18.
459 2280 564 2344 Etiam
593 2277 634 2342 ad
662 2278 825 2362 principes
853 2287 886 2340 et
911 2298 1005 2362 reges
1032 2275 1196 2344 ducemini

67 2391 191 2466 propter
212 2401 272 2457 me,
294 2382 328 2444 in
349 2380 565 2444 testimonium
587 2379 666 2462 ipsis
688 2387 719 2440 et
739 2373 896 2460 gentihus.
937 2378 987 2440 19.
1009 2375 1118 2460 Quum
1142 2397 1197 2439 au-

66 2492 123 2546 tem
143 2480 337 2546 tradiderint
356 2501 431 2558 vos,
457 2501 499 2544 ne
521 2480 590 2542 sitis
610 2475 757 2552 solliciti,
785 2475 951 2561 quomodo
973 2485 1028 2540 aut
1049 2473 1126 2560 quid
1147 2473 1197 2540 lo-

68 2569 216 2664 quaminii
248 2580 378 2646 dabitur
404 2583 489 2646 enim
516 2577 612 2644 vobis
638 2579 673 2640 in
700 2574 758 2641 illa
779 2575 875 2654 hora,
909 2573 988 2664 qnid
1010 2571 1196 2658 loquamini.

66 2680 113 2742 to.
135 2683 212 2746 Non
239 2685 325 2747 enim
351 2703 410 2746 vos
438 2683 526 2757 estis,
558 2682 615 2766 qui
641 2676 824 2764 loquimini,
855 2675 914 2741 secl
935 2674 1073 2764 Spiritus
1094 2673 1225 2758 Patris]

69 2785 168 2862 vestri,
188 2785 244 2869 qui
266 2781 411 2868 loquitur
432 2784 466 2847 in
486 2777 589 2847 vobis·

143 2901 243 2968 LUC.
271 2902 339 2965 Xll.
381 2901 430 2965 11.
463 2899 573 2985 Quum
600 2907 707 2964 autem
734 2893 927 2962 adduxerint
952 2913 1012 2958 vos
1039 2892 1074 2956 in
1100 2911 1198 2977 syna-

69 3013 217 3086 goguset
244 2999 285 3066 ad
314 3003 512 3087 magistr-atus
541 3021 579 3063 ae
606 3008 796 3085 potestates,
828 2993 931 3060 nolite
958 2991 1089 3058 solliciti
1117 3009 1197 3071 esse,

70 3103 198 3186 qualiter
223 3114 279 3168 aut
306 3101 385 3190 quid
413 3099 652 3186 respondeatis,
685 3109 739 3162 aut
761 3093 840 3183 quid
863 3095 984 3160 dicatis.
1027 3093 1076 3158 12
1098 3091 1198 3180 Spiri-

70 3211 115 3266 tus
139 3208 221 3268 enim
244 3215 372 3270 sanetus
394 3200 528 3268 docebit
546 3221 606 3265 vos
625 3202 661 3264 in
682 3197 797 3264 eadem
818 3197 915 3275 hora,
940 3191 1025 3281 ·quid
1048 3202 1198 3282 oporteat

70 3323 122 3368 ros
142 3305 258 3370 dicere.

139 3487 284 3562 Mandata,
305 3506 379 3566 quae
399 3487 540 3550 hactenus
560 3483 663 3543 retulit
681 3479 857 3554 Matthaeus,
876 3489 989 3537 tantum
1009 3476 1047 3536 ad
1066 3474 1197 3610 priorem

72 3553 143 3618 illam
172 3563 389 3639 expeditionem
418 3559 606 3643 spectabant,
646 3545 720 3639 qdae
745 3553 823 3617 intra
842 3559 962 3636 'pabcos
982 3553 1042 3613 dies
1091 3551 1197 3610 nienda

73 3645 142 3694 erat:
171 3657 250 3696 nune
270 3639 388 3719 longius
408 3637 599 3721 progreditur
619 3633 771 3710 Christus,
801 3644 832 3692 et
851 3653 902 3692 eos
921 3631 953 3690 in
973 3629 1102 3688 futurum
1121 3637 1196 3715 tem-

73 3731 119 3788 pus
136 3712 328 3793 praemunit,
341 3725 374 3772 nt
393 3715 504 3788 sciant,
528 3729 591 3774 non
611 3713 648 3772 ad
668 3712 760 3771 breve
778 3720 893 3770 tantum
911 3706 985 3771 iHud
1004 3723 1197 3793 praeconium

72 3787 248 3870 vulgandum
264 3811 297 3849 se
317 3788 427 3850 electos
449 3810 526 3866 esse,
558 3789 610 3849 sed
629 3788 811 3869 provinciam
830 3784 887 3844 sibi
906 3795 1018 3844 restare
1038 3799 1130 3869 magis
1150 3797 1196 3836 ar-

73 3861 148 3925 duam
172 3867 323 3948 longeque
349 3867 468 3928 maioris
493 3865 617 3946 negotii.
661 3862 793 3924 Tametsi
818 3863 896 3922 enim
922 3881 984 3920 non
1008 3868 1105 3946 statim
1124 3871 1196 3932 pro-

72 3943 148 4002 tracti
165 3955 233 4004 sunt
251 3943 283 4002 in
305 3943 354 4006 has
373 3964 497 4026 pugnas,
517 3943 554 4001 de
575 3941 680 4021 quibus
700 3940 832 4019 loquitur
844 3937 989 4008 Christus,
1008 3932 1079 3992 utrle
1099 3941 1197 4020 tamen

72 4015 128 4091 luit
147 4041 198 4081 eos
218 4031 288 4080 ante
307 4027 422 4100 ternpus
442 4017 573 4090 moneri,
594 4029 642 4094 ut,
661 4017 686 4079 si
706 4039 776 4096 quas
796 4015 944 4076 molestias
965 4023 1035 4071 tunc
1054 4005 1198 4078 subirent,

72 4091 187 4158 durioris
212 4095 350 4172 militiae,
379 4097 416 4166 ad
441 4117 528 4178 quam
553 4093 690 4154 destinati
716 4104 814 4166 erant,
844 4090 954 4152 scirent
974 4087 1114 4173 quaedam
1135 4100 1197 4140 esse

71 4171 220 4246 praeludia.
253 4173 321 4233 Hoc
341 4172 460 4256 quidem
479 4172 567 4232 mium
576 4165 618 4230 io
658 4171 730 4250 rima
750 4167 889 4228 missione
909 4187 1013 4250 verum
1029 4159 1094 4232 sust,
1113 4155 1197 4249 Apo-

71 4247 153 4307 stolos
177 4250 286 4312 similes
311 4271 373 4310 esse
399 4249 503 4310 ovibus
528 4247 560 4306 in
585 4193 684 4308 medio
710 4247 861 4326 luporum:
892 4242 946 4328 sed
963 4257 1031 4326 qpra
1050 4235 1198 4324 Dominus

71 4341 166 4384 eorum
191 4325 353 4386 infirmitati
378 4345 502 4406 parnens
527 4322 675 4384 saevitiam
701 4322 840 4402 luporum
865 4323 1029 4387 continuit,
1063 4331 1102 4403 pe
1128 4310 1200 4390 quid

71 4413 226 4478 nocerent,
251 4401 374 4482 proprie
393 4402 430 4464 ad
450 4401 580 4462 futurum
599 4409 720 4483 tempus,
733 4395 878 4472 refertur,
902 4409 961 4474 quo
981 4389 1127 4452 Dominus
1147 4405 1198 4448 eos
1230 4405 1233 4414 ’
1313 4465 1317 4474 ι

92 4500 279 4556 cossam.
292 4501 411 4556 anun.
426 4504 471 4554 av.
485 4503 540 4553 vot.
554 4501 576 4562 t.
682 4544 686 4558 ,
955 4471 996 4534 16
1041 4491 1046 4500 ‘
1068 4477 1075 4488 “
