2764 4854
292 261 373 338 (211.
413 255 545 320 Christus
563 259 595 319 iu
614 213 702 320 cruce
720 257 877 338 illuditur.)
1001 287 1005 303 ι
1113 267 1170 330 371

36 415 71 488 it,
111 412 171 474 uod
188 431 290 474 severa
311 412 381 474 casti
404 413 504 473 atione
523 410 657 474 cohibuit
675 411 793 491 impiam
811 411 885 474 socii
901 411 947 472 sui
967 411 1171 492 petulantiam:
1202 403 1215 418 ⁸

35 434 128 551 leiule
149 502 180 550 et
197 489 358 550 secundum
369 431 487 563 abiecit,
505 511 568 550 sese
580 489 733 550 humilians
744 489 874 574 ingenua
884 487 1036 558 ,scelerum
1050 508 1174 566 ,suornm

35 567 225 642 :oniessione,
257 576 287 626 et
307 566 427 628 Christo
447 565 576 626 debitam
595 565 722 626 iustitiae
748 565 863 650 laudem
882 563 1026 628 tribuens.
1064 564 1172 628 Postea

35 643 171 703 nirificam
191 643 278 703 fidem
297 653 417 703 testatus
436 654 496 718 est,
527 663 559 704 se
578 654 673 702 tonsu
695 664 727 704 ac
746 641 869 702 salutern
887 662 968 702 suam
986 642 1121 703 reiiciens
1141 645 1172 704 in

35 721 194 782 ‚ruentium
212 717 335 794 Christi,
354 739 441 798 quem
460 731 559 780 mmen
578 720 609 779 in
629 703 715 780 cruci
734 720 924 798 pendentem,
943 728 974 778 ct
991 719 1082 780 morti
1120 741 1172 786 ro-

35 794 335 876 ·inquumcernebat.
382 795 431 856 Ne
454 795 551 857 Deum
572 794 686 876 quidm
709 810 742 855 tss
757 799 859 859 ,timesl
902 795 1079 874 Quanquam
1099 740 1172 858 laec

38 873 107 933 erba
132 873 212 934 varie
237 883 380 952 torquent
398 873 591 954 interpretes,
619 873 690 932 mihi
714 884 812 934 tamen
836 871 956 952 simplex
974 873 1090 932 videtur
1109 894 1171 935 esse

35 971 127 1024 ensus,
147 949 230 1024 Quid
250 950 306 1009 hoc
325 949 381 1010 sibi
399 951 472 1025 vult,
492 949 572 1029 quod
591 971 630 1009 ne
650 949 722 1010 haec
742 949 860 1028 quidem
871 948 1020 1010 damnatio
1039 959 1070 1010 te
1089 952 1172 1033 cogit
1271 1009 1295 1032 ,κ

36 1028 54 1086 d
72 1026 233 1087 timendum
251 1024 371 1090 Deum?
409 1027 484 1091 Nam
509 1025 582 1087 socii
601 1025 644 1086 sui
663 1026 801 1087 duritiem
820 1025 889 1086 iude
909 1045 958 1086 exa
982 1038 1066 1107 gerat
1083 1026 1172 1103 latro,

38 1103 98 1163 uod
118 1103 154 1164 ad
173 1103 303 1163 ultimam
324 1101 526 1164 necessitatem
544 1103 678 1163 redactus
698 1122 736 1162 ne
755 1104 796 1162 sic
815 1101 933 1181 quidem
982 1123 1049 1162 eum
1067 1103 1172 1164 timere

35 1181 129 1261 ncipit.
166 1180 279 1240 Verum
298 1190 332 1238 ut
350 1178 471 1240 tollatur
490 1179 586 1239 omnis
605 1179 793 1260 ambiguitas,
821 1179 962 1239 monendi
985 1187 1055 1238 sunt
1076 1177 1172 1240 lecto-

35 1277 71 1331 es‚
92 1267 263 1337 protervum
283 1267 314 1316 et
333 1256 453 1348 impium
473 1255 715 1330 conviciatorem,
735 1255 836 1336 quise
855 1255 975 1345 impune
995 1254 1096 1316 ludere
1116 1276 1172 1335 pu-

35 1333 108 1408 abat,
126 1333 261 1393 revocari
280 1333 316 1392 ad
328 1332 540 1393 Destribunal:
560 1331 639 1412 quia,
658 1331 771 1392 etiarnsi
789 1343 853 1393 tota
871 1343 931 1392 vna
949 1331 1081 1412 stupidus
1100 1332 1174 1394 suis-
1197 1368 1200 1379 ·

35 1423 78 1482 et,
97 1421 170 1471 tunc
190 1409 419 1470 contremiscere
439 1429 458 1470 o
482 1411 586 1485 ortuit,
607 1430 697 1489 quum
715 1409 840 1469 sentiret
858 1419 996 1468 armatam
1015 1408 1047 1467 in
1065 1409 1176 1486 sejlei

35 1507 151 1560 sanum,
176 1497 206 1546 et
225 1486 314 1564 paolo
334 1497 403 1566 post
421 1431 571 1546 reddenda
591 1496 667 1546 esset
686 1485 817 1547 omnium
836 1485 978 1546 scelerum
998 1484 1082 1546 ratio.
1123 1485 1172 1545 Si-

38 1585 107 1622 uum
126 1582 200 1646 ergo
224 1563 357 1642 perditae
385 1573 416 1622 ct
441 1561 605 1624 diabolicae
625 1560 832 1622 obstinationis
852 1560 921 1637 luit,
960 1583 1049 1642 quum
1067 1561 1172 1622 ultimo

35 1639 125 1699 udicio
145 1639 335 1700 constrictum
345 1638 427 1700 Deus
446 1650 573 1714 teneret,
591 1658 654 1698 non
672 1638 770 1698 redire
788 1648 860 1699 tunc
900 1658 999 1717 noque
1019 1639 1055 1697 ad
1074 1659 1173 1698 sanam

35 1727 159 1777 rentem:
211 1715 258 1775 uia
276 1718 301 1776 si
321 1735 377 1796 qna
398 1715 514 1795 pietatis
533 1727 616 1807 gutta
636 1726 712 1775 esset
731 1715 767 1790 iq
782 1715 873 1776 corde
913 1714 1035 1790 ominis,
1054 1725 1173 1775 coactus

35 1792 119 1854 altem
138 1794 175 1853 ad
221 1791 249 1853 ei
267 1793 405 1852 timorem
422 1811 455 1852 se
474 1793 638 1874 colligeret.
657 1791 745 1852 Nunc
762 1777 898 1852 tendmns
916 1791 1075 1852 verborum
1094 1809 1174 1852 sum-

35 1891 107 1942 nam,
127 1868 297 1950 desperatos
317 1889 390 1946 esse,
410 1881 441 1930 et
461 1871 543 1930 omni
561 1869 620 1931 Dei
640 1867 748 1929 timore
766 1867 911 1947 privatos,
940 1868 991 1947 qui
1010 1887 1049 1928 ne
1069 1867 1174 1948 poenis
1249 1871 1252 1879 '

37 1947 135 2007 uidem
155 1947 357 2007 emendantur.
391 1955 441 2009 Ἑν
455 1959 494 2026 τῷ
512 1953 587 2028 αὐτῷ
604 1958 716 2030 κρίματι
734 1965 796 2004 non
816 1965 872 2024 pro
892 1945 1011 2018 eadem,
1041 1945 1093 2004 sed
1112 1944 1176 2024 ipsa

35 2023 168 2084 raesenti
191 2023 382 2084 damnatIoue
408 2023 536 2104 positum
556 2043 619 2085 esse
638 2023 833 2102 interpretor:
872 2022 933 2084 acsi
952 2021 1069 2082 dixisset
1089 2021 1176 2094 latro,

35 2101 118 2173 luurn
139 2099 196 2162 iam
215 2099 253 2159 sis
273 2100 355 2180 qussi
374 2098 406 2160 in
425 2100 522 2160 media
541 2111 649 2174 morte,
670 2097 863 2190 expergefieri
879 2095 1014 2168 decebat,
1031 2095 1176 2164 utDenm

35 2177 145 2237 idicem
162 2187 246 2236 tuum
265 2195 452 2267 agnosceres.
491 2175 588 2234 Porro
610 2176 677 2235 bine
697 2173 863 2254 colligimus
873 2171 982 2262 utilem
1002 2172 1177 2246 doctrinam,
1200 2245 1202 2252 Ι

35 2257 84 2313 teo
106 2251 222 2332 penitus
241 2264 394 2325 resistere,
424 2269 499 2328 quos
523 2269 639 2329 poenae
664 2250 701 2308 ad
722 2249 915 2308 {numilitatem
941 2267 1004 2308 nou
1024 2247 1176 2308 erudiunt:

37 2331 84 2391 uia
106 2328 221 2408 pudore
241 2327 379 2386 confusos
399 2325 605 2402 obmutescere
625 2343 744 2384 necesse
770 2335 830 2398 est,
859 2324 1027 2404 quicunque
1050 2322 1190 2404 praediti·

35 2417 86 2466 unt
101 2403 205 2481 aliquo
225 2401 285 2462 Dei
303 2402 420 2462 timore.

93 2485 140 2543 at.
178 2477 221 2536 Et
237 2476 520 2556 sesquidecima.
561 2477 641 2552 Quia
666 2473 836 2558 obiuffltio
855 2495 873 2536 a
892 2475 1079 2536 damnatione
1097 2495 1178 2536 sum-

37 2570 67 2617 ta
87 2555 119 2615 in
140 2553 290 2616 Christum
310 2566 480 2634 competere
499 2553 591 2614 videri
611 2563 746 2633 poterat,
779 2549 826 2612 hic
850 2572 918 2613 eum
942 2551 1018 2612 latro
1039 2572 1055 2611 a
1074 2572 1126 2611 sua
1146 2564 1177 2612 et

35 2633 90 2695 ocii
111 2651 195 2692 causa
215 2630 363 2690 discernit.
401 2629 533 2690 Poenam
554 2629 648 2701 enim,
698 2649 752 2688 nac
773 2627 935 2689 communis
962 2638 1040 2702 erat,
1071 2627 1179 2688 sibiet

35 2711 101 2770 ocio
121 2709 196 2768 iuste
215 2707 311 2790 infligi
331 2709 454 2780 latetur,
473 2727 536 2766 non
556 2717 653 2767 autem
674 2649 810 2780 Christo,
835 2724 922 2797 quem
942 2725 1004 2763 nou
1022 2703 1178 2784 proprium

35 2789 147 2860 rimen',
165 2785 217 2845 sed
237 2784 364 2844 hostium
385 2783 539 2844 crudelitas
558 2783 595 2844 ad
614 2783 718 2843 mortis
736 2782 912 2863 supplicium
929 2801 962 2840 rs
985 2792 1076 2840 uerat.
1115 2779 1178 2840 Te·
1210 2791 1215 2800 ’

35 2863 149 2926 ¹endum
169 2879 243 2921 vero
261 2861 404 2921 memoria
424 2859 505 2941 quod
525 2879 621 2942 nuper
632 2859 700 2934 dixi,
719 2859 829 2920 editum
848 2879 911 2918 esse
931 2877 947 2918 a
964 2801 1082 2916 latrone
1102 2876 1178 2936 poe-

39 2939 161 2999 itentiae
181 2939 403 3012 documentum,
423 2936 508 3016 quale
527 2935 609 2998 Deus
630 2957 645 2996 a
666 2936 760 3000 nobis,
772 2934 908 2996 omnibus
929 2933 1034 3016 exigit,
1056 2933 1125 2992 dnm
1145 2951 1178 2992 se

36 3016 171 3076 onsessus
197 3025 241 3075 est
266 3015 383 3096 dignam
409 3010 683 3074 lactis‘mercedem
708 3013 852 3092 recipere.
897 3009 1075 3072 Praesertim
1105 3029 1179 3070 vern

35 3113 77 3152 roc
99 3091 262 3152 notandum
282 3103 341 3165 est,
370 3091 451 3171 quod
471 3110 532 3150 nou
552 3090 703 3152 obstiterit
721 3089 858 3170 supplicii
878 3087 1030 3160 atrocitas,
1057 3086 1128 3166 quin
1147 3106 1180 3146 se

35 3169 90 3229 liris
115 3168 271 3228 tormentis
296 3169 443 3248 patienter
466 3167 633 3228 subiiceret.
686 3166 787 3240 Quare
803 3166 836 3236 ,si
861 3185 916 3231 nos
940 3157 1084 3224 scelerum
1109 3181 1180 3224 vere

35 3245 168 3320 toenitet,
193 3244 334 3304 discamus
354 3263 388 3306 ea
409 3243 537 3303 libenter
556 3241 666 3334 absque
687 3241 929 3316 dissimulatione,
949 3239 999 3302 ubi
1020 3262 1094 3320 opus
1113 3240 1197 3314 erit,=

35 3325 173 3403 {etegere,
193 3341 248 3380 nec
268 3321 406 3402 reingere
427 3341 512 3400 quam
532 3321 628 3380 meriti
648 3341 745 3379 snmus
757 3318 961 3400 ignominiam.
999 3317 1081 3377 llaec
1101 3315 1180 3377 enim

35 3398 106 3458 [nica
128 3397 205 3460 ratio
225 3408 284 3470 est,
304 3418 361 3476 qua
380 3396 552 3477 sepeliamus
594 3406 692 3456 eccata
711 3407 810 3456 nostra
830 3415 930 3456 coram
948 3394 1018 3454 Deo
1038 3404 1070 3454 et
1088 3406 1181 3474 ange·

35 3476 71 3550 is,
91 3475 117 3535 si
137 3494 171 3534 ea
192 3475 268 3554 apud
288 3472 422 3534 homines
441 3473 523 3534 vanis
543 3417 692 3536 roboribus
713 3472 812 3532 lucare
831 3491 893 3532 non
906 3481 1061 3530 tentemus.
1079 3468 1179 3528 Porro‘

35 3573 110 3640 quum
130 3550 209 3610 inter
228 3549 306 3610 varia
326 3549 544 3641 integumenta,
564 3568 639 3628 quae
659 3560 757 3629 captat
775 3548 954 3640 hypocrisis,
979 3546 1038 3606 hoc
1056 3543 1180 3603 maxime

35 3639 57 3686 rt
76 3647 244 3700 commune,
264 3626 345 3705 quod
364 3645 486 3706 quisque
506 3625 578 3686 alios
597 3645 695 3686 secum
715 3625 851 3698 involvit,
869 3635 902 3684 nt
922 3643 1025 3702 eornm
1046 3617 1181 3698 exemplo

35 3725 50 3764 e
72 3713 203 3766 excuset:
224 3703 300 3763 latro
320 3715 424 3763 contra
444 3722 506 3763 nou
527 3702 623 3762 minus
642 3701 768 3762 sollicite
784 3699 894 3762 Christi
914 3697 1114 3759 innocentiam
1134 3715 1180 3754 as·

35 3781 108 3856 erit,
128 3800 214 3860 quam
234 3777 405 3858 simpliciter
424 3791 456 3840 et
474 3778 568 3838 libere
588 3799 619 3838 se
640 3789 670 3837 et
689 3779 801 3840 socium
822 3779 1007 3838 condemnat
1089 3828 1094 3843 ,
1158 3847 1167 3860 ·

98 3863 145 3922 42.
184 3855 322 3929 Domine,
341 3869 478 3916 mmoento
495 3859 559 3915 mei.
598 3855 706 3915 Nescio
726 3876 793 3916 ana
813 3854 924 3924 mundo
943 3850 1067 3911 condito
1087 3862 1182 3929 mages

36 3953 119 3993 aruns
139 3944 170 3994 et
188 3931 381 3995 memorabile
401 3933 470 3994 fidei
492 3930 652 4012 exemplum
672 3953 801 4022 unquam
821 3927 974 3992 exstiterit:
996 3947 1055 4004 quo
1075 3923 1181 3984 maiori
1216 3997 1223 4009 ι

37 4010 216 4073 dmiratione
236 4010 324 4092 digna
345 4021 388 4069 est
401 4009 527 4099 Spiritus
542 4008 637 4068 sancti
660 4021 769 4101 gratia,
790 4027 864 4086 quae
881 4017 940 4064 tarn
964 4001 1112 4062 luculente
1133 4001 1182 4060 hic

35 4085 205 4147 cerseruit.
243 4087 351 4162 Latro,
383 4107 432 4164 qur
460 4105 521 4144 non
545 4085 638 4144 niodo
662 4107 692 4144 rn
715 4085 823 4161 Christi
847 4079 948 4142 schola
973 4079 1096 4138 edoctus
1115 4097 1180 4138 non

34 4173 132 4238 uerat,
156 4162 225 4237 sed,
250 4181 281 4224 se
301 4161 435 4224 nefandis
455 4161 592 4222 caedibus
612 4161 784 4233 elleraudo,
808 4169 930 4218 conatus
960 4155 1055 4214 luerat
1074 4153 1183 4214 exstin-

35 4259 113 4316 ‚uere
134 4258 251 4300 oruuem
272 4238 497 4314 recti-sensum,
526 4249 650 4317 repente
676 4237 760 4296 altius
803 4245 918 4294 enetrat
937 4252 1022 4312 quam
1041 4231 1180 4312 Apostoli

35 4335 125 4374 rmnes
145 4325 176 4376 et
194 4314 301 4393 reliqui
322 4315 473 4400 discipuli,
504 4314 535 4376 iu
557 4314 662 4394 quibus
682 4257 821 4376 docendis
840 4323 953 4372 tantum
974 4327 1083 4400 operae
1104 4328 1180 4367 con-

35 4403 185 4471 umpserat
202 4392 266 4470 ipse
284 4390 446 4454 Dominam:
467 4411 564 4472 neque
585 4391 614 4454 id
633 4391 735 4467 modo,
753 4391 805 4450 sed
826 4387 978 4530 Chrisqqnp
994 4407 1025 4444 sn
1046 4383 1180 4466 patibulo
