2766 4840
346 221 429 300 (198.
468 178 677 302 retrolapsos
697 221 901 300 praedicitur.)
1042 255 1047 267 ·
1085 190 1092 200 Ι
1143 230 1204 293 317

49 376 99 440 Ait
121 339 172 439 illi
201 375 328 454 Petrus,
356 375 488 442 Etiamsi
516 379 712 464 oportuerit,
737 397 789 442 me
814 379 897 443 mori
925 377 1047 458 tecnm',
1070 357 1140 447 non
1168 391 1201 448 tc

48 477 179 566 negabo.
221 477 378 546 Similiter
400 491 431 546 ct
453 502 565 548 omues
588 477 739 568 discipuli
761 477 917 548 dixerunt.
993 546 997 558 ,

122 643 263 714 mane.
290 601 376 714 mu.
437 649 489 714 ar.
529 649 572 714 m
600 647 679 737 aileu
704 645 770 714 suaa
798 647 903 731 lesus,
935 649 1061 718 omnes
1086 654 1120 751 ap
1147 675 1199 720 ma

45 748 276 817 offendiculum
297 752 464 837 patiemini
485 754 519 817 iu
539 751 601 816 lrac
619 761 734 819 noctes
763 756 840 839 quia
860 756 1100 848 scriptumest,
1116 758 1201 824 Per·

45 858 155 920 cutiam
182 866 358 941 pastorem,
392 864 424 919 et
452 855 677 942 dispergentur
702 877 789 923 oves.
851 857 901 922 28.
935 857 1002 923 Sed
1028 869 1199 954 postquam

44 979 262 1037 resurrexero,
289 957 480 1045 praecedam
507 979 566 1023 vos
587 960 620 1024 in
643 958 831 1026 Galilaeam.
872 961 923 1024 29.
954 961 1070 1028 Petrus
1090 975 1199 1031 autem
1290 1035 1295 1040 ,

42 1061 116 1126 dicit
136 1060 203 1138 illi,
231 1063 364 1128 Etiamsi
391 1083 505 1128 omnes
532 1060 766 1130 oilendiculum
794 1065 880 1150 passi
906 1061 1041 1144 luerint,
1075 1077 1109 1133 at
1127 1087 1199 1134 non

43 1187 108 1252 ego.
149 1165 201 1232 30.
234 1164 329 1230 Tunc
357 1163 435 1231 dixit
461 1163 509 1262 illi
535 1165 636 1244 lesus,
661 1168 766 1234 Arnen
787 1167 862 1234 dico
883 1165 958 1248 tibi,
985 1168 1075 1257 quod
1097 1170 1198 1238 bodie

40 1271 72 1335 in
92 1279 188 1336 nocte
212 1267 287 1346 bac,
316 1270 502 1354 priusquam
522 1264 574 1334 bis
594 1267 698 1355 gallus
718 1275 886 1350 cecinerit,
912 1281 1032 1338 terme
1054 1273 1198 1360 negabis.

38 1374 86 1438 31.
122 1377 165 1439 At
194 1371 252 1437 ille
280 1371 501 1438 vehementius
528 1370 671 1453 dicebat,
696 1377 782 1456 lmo,
808 1377 836 1440 si
862 1396 915 1441 me
942 1379 1124 1462 oportuerit
1150 1385 1198 1442 te·

40 1501 107 1542 cum
138 1477 237 1556 mori,
270 1496 339 1542 non
373 1483 406 1540 tc
437 1474 574 1562 negabo.
622 1475 776 1546 Similiter
808 1490 914 1548 autem
945 1487 978 1545 ct
1009 1497 1122 1545 omnes
1148 1478 1198 1546 di-

36 1593 160 1653 ruerunt.¹

116 1747 221 1816 LUC.
242 1749 341 1814 XXII.
381 1747 434 1814 31.
453 1749 508 1814 Ait
526 1756 632 1814 autem
647 1748 816 1832 Dominus,
835 1752 956 1828 Simon,
975 1749 1098 1828 Simon,
1117 1771 1196 1818 ecce
1273 1743 1277 1754 ’

35 1851 167 1920 Satanas
191 1855 345 1938 expetivit
365 1873 433 1930 ros,
453 1864 489 1919 ut
509 1851 666 1920 cribraret
686 1857 767 1921 sicut
786 1856 933 1924 triticum.
974 1853 1026 1918 32.
1047 1852 1114 1919 Sed
1132 1875 1194 1943 ego

33 1962 144 2042 rogari
166 1979 228 2046 pro
250 1967 291 2033 te,
311 1977 354 2022 ne
376 1954 507 2024 deficiat
527 1957 611 2025 lidos
633 1969 702 2026 tua:
723 1970 755 2026 et
771 1970 807 2026 tu
824 1955 1002 2045 aliquando
1019 1979 1196 2026 conversus

36 2063 192 2126 confirma
222 2059 337 2125 iratres
363 2069 446 2126 tuos.
487 2063 537 2129 33.
571 2065 613 2128 At
640 2063 698 2130 ille
726 2064 804 2130 dixit
832 2066 879 2140 ei,
904 2063 1062 2141 Domine,
1088 2071 1195 2128 tecum

31 2178 161 2250 paratus
183 2187 262 2241 sum,
284 2173 316 2228 et
337 2165 371 2228 in
393 2186 555 2230 carcerem
578 2176 610 2229 et
630 2169 665 2232 in
685 2177 820 2231 mortem
842 2166 899 2229 ire.
939 2163 991 2228 34.
1032 2162 1092 2228 llle
1112 2187 1193 2232 reru

30 2269 117 2348 dixit,
137 2270 226 2334 Dico
247 2267 323 2346 tibi,
344 2269 455 2347 Petro,
474 2287 543 2334 non
564 2275 660 2334 canet
679 2265 780 2332 bodie
801 2263 917 2352 gallus,
937 2267 1123 2353 priusquam
1143 2277 1194 2336 ter

27 2369 183 2456 abneges,
202 2389 299 2436 nome
318 2391 378 2436 me.
1123 2394 1125 2403 ·

103 2653 213 2715 Marus
232 2659 279 2720 31.
322 2651 636 2730 Omeswa'Qnod
656 2653 821 2716 Matthaeus
846 2647 1011 2736 ctlllarcus
1031 2652 1193 2718 extendunt
1248 2691 1253 2696 -

24 2731 140 2810 pariter
160 2729 198 2790 acl
219 2751 322 2792 omnes
341 2731 517 2812 discipulos,
541 2729 636 2792 Lucas
655 2731 707 2792 uni
726 2731 818 2791 Petro
839 2729 948 2790 dictum
968 2729 1057 2790 fuisse
1077 2731 1191 2790 recitat.

27 2809 116 2883 Quen
142 2829 210 2868 uam
229 2820 326 2869 autem
348 2808 509 2869 cornurunis
527 2809 566 2870 ad
586 2825 689 2870 omues
710 2819 774 2868 crat
791 2827 899 2882 sermo,
917 2804 1073 2886 probabile
1092 2817 1192 2868 umen
1282 2805 1302 2830 ²

27 2899 86 2960 cst,
114 2829 268 2948 inrisum
293 2906 344 2946 eos
369 2885 553 2965 alloquuturn
578 2906 641 2948 esse
666 2886 698 2946 in
717 2885 801 2946 unius
843 2903 963 2957 ursona,
988 2884 1039 2965 qui
1061 2892 1096 2943 et
1119 2903 1192 2964 prae

26 2961 87 3022 aliis
106 2961 277 3040 mouendus
297 2974 370 3037 erat,
388 2976 419 3024 et
436 2961 578 3044 singulari
596 2961 803 3026 consolatione
820 2905 952 3021 babebat
969 2981 1054 3042 opus,
1073 2981 1112 3020 nc
1122 2971 1192 3039 post

27 3035 180 3100 Christum
203 3051 342 3120 negatum
362 3038 529 3120 desperatio
549 3039 667 3119 penitus
686 3059 753 3098 eum
775 3037 925 3098 obrueret.
1138 3078 1142 3096 1

80 3117 175 3184 ‚Luc-
201 3121 249 3180 31.
287 3113 365 3176 Ecce
386 3115 525 3176 Soram.
564 3115 687 3176 Brerius
712 3113 762 3176 alii
786 3116 845 3175 duo
873 3125 903 3175 et
928 3114 1087 3206 simplicius
1111 3115 1190 3176 reci·

25 3203 97 3268 tant,
118 3190 271 3271 discipulis
292 3192 471 3273 praedictum
493 3191 580 3253 fuisse
599 3213 682 3252 suum
702 3191 824 3272 lapsum.
863 3191 1006 3252 Inverbrs
1019 3205 1116 3254 curtem
1126 3193 1189 3252 Lu-

25 3291 73 3330 cae
91 3269 222 3349 uberior
240 3267 340 3330 subest
354 3269 504 3330 doctrina:
525 3289 621 3348 neque
642 3269 720 3330 enirn
742 3267 880 3330 historice
899 3279 1012 3330 tanturn
1033 3270 1190 3330 defutura

23 3343 253 3424 perturbatione
273 3343 404 3424 loquitur
424 3345 574 3420 Christus,
591 3345 644 3407 aed
665 3345 772 3406 diserte
793 3345 942 3426 exprimit,
962 3357 1111 3406 certamen
1130 3345 1189 3406 illis

23 3445 87 3482 cum
101 3425 213 3484 Sataua
229 3421 307 3494 lore,
328 3433 359 3482 et
376 3422 462 3482 simul
483 3421 630 3502 promittit
647 3421 811 3482 victoriam.
850 3423 903 3482 Est
923 3432 1020 3483 autem
1039 3422 1113 3482 baec
1133 3441 1188 3501 ap-

22 3501 115 3579 prime
136 3495 219 3560 utilis
239 3499 412 3573 admonitio,
433 3497 548 3579 quoties
568 3495 688 3578 aliquod
701 3495 788 3558 nobis
804 3497 943 3559 obiicitur
954 3495 1134 3573 scandalum,
1153 3507 1187 3556 ut

21 3579 110 3638 uubis
129 3590 201 3638 ante
222 3575 325 3636 oculor
345 3577 465 3636 veniant
477 3575 604 3636 Satanae
623 3571 760 3636 insidiae:
781 3574 1027 3654 quemadmodum
1036 3585 1069 3635 et
1077 3573 1187 3634 Paulus

20 3655 59 3728 (E
85 3655 113 3715 lr.
132 3661 164 3728 6,
185 3653 248 3726 12.)
269 3653 372 3728 docet,
387 3673 449 3714 non
470 3673 532 3714 csse
553 3651 640 3722 nobis
660 3651 766 3712 luctam
787 3673 853 3712 cum
873 3671 961 3711 carne
982 3661 1013 3711 et
1029 3649 1186 3732 sanguine,

19 3677 159 3794 solcum
180 3727 380 3812 spiritualibus
400 3727 505 3810 copiis,
526 3740 581 3788 etc.
620 3727 729 3788 Sensus
749 3748 823 3809 ergo
842 3727 1000 3788 verborum
1017 3737 1074 3786 est:
1096 3747 1186 3806 quum

17 3807 108 3886 paulo
137 3819 210 3888 post
234 3827 282 3866 me
308 3825 481 3886 oppressum
504 3803 650 3882 videritis,
672 3805 778 3866 scitote
800 3805 936 3874 Satauam
961 3803 1005 3863 lais
1030 3803 1117 3876 armis
1136 3803 1185 3862 in-

17 3897 162 3946 structum
183 3905 248 3946 esse
268 3881 305 3942 ad
324 3903 378 3944 vos
397 3884 624 3962 oppugnandos,
644 3893 675 3942 ct
692 3879 768 3942 banc
788 3881 835 3940 illi
851 3881 1035 3942 commodam
1055 3899 1116 3940 esse
1128 3899 1184 3938 oc-

18 3963 186 4036 casionem,
218 3971 252 4020 ut
275 3959 365 4039 tidem
387 3971 520 4034 vestram
538 3953 706 4019 labefactet.
745 3955 819 4018 Ideo
851 3969 947 4016 autem
979 3954 1052 4031 diri,
1082 3953 1185 4016 utilem

18 4059 79 4100 esse
101 4039 180 4099 banc
201 4036 382 4110 doctrinam,
406 4034 475 4115 quia
498 4055 585 4116 saepe
610 4033 759 4118 contingit
783 4044 883 4094 nostra
910 4031 1103 4114 incogitantia
1128 4052 1184 4092 nos

17 4113 237 4188 circmuveniri,
268 4113 336 4176 dum
355 4112 533 4174 tentationes
552 4111 739 4195 negligimus,
759 4131 833 4190 quac
853 4107 940 4170 nobis
961 4120 1057 4169 essent
1077 4107 1182 4168 lormi-

17 4193 143 4270 dabilcs,
169 4191 195 4254 si
215 4204 417 4271 reputaremus
437 4185 530 4272 ignita
551 4209 613 4250 esse
633 4187 770 4264 celatam
790 4183 878 4246 validi
898 4197 928 4244 et
947 4185 1062 4246 robusti
1083 4185 1182 4247 hostis.

17 4270 202 4351 Quamquam
223 4279 320 4328 autem
341 4269 376 4328 de
396 4265 541 4328 acerrimo
561 4264 613 4325 illo
634 4264 794 4346 certamine
815 4283 892 4344 nunc
913 4261 946 4322 bt
964 4263 1094 4338 mentio,
1121 4262 1181 4341 ouo
1263 4325 1268 4344 ,

14 4348 107 4416 semel
129 4343 261 4428 perculsi
281 4343 401 4412 luerunt
419 4339 554 4426 discipuli
574 4361 671 4424 prope
689 4342 727 4404 ad
746 4337 816 4404 fidet
835 4360 927 4421 usque
948 4339 1184 4416 coarctionem}
1268 4397 1276 4404 .

1040 4439 1052 4466 Χ
