2790 4838
382 252 444 330 (74.
463 249 642 332 Paralyticnt
661 261 699 310 et·
713 249 861 330 Scribere.)
1097 292 1101 309 .
1125 259 1184 326 m

54 401 187 481 quicquid
207 421 266 462 nos
285 421 302 462 a
322 413 409 464 recto
429 423 514 464 cursu
532 416 652 466 revocat
671 404 719 466 vel
737 415 870 466 moratur
887 403 963 466 nihil
982 407 1038 468 nisi
1056 421 1183 472 mortem

52 499 162 556 sapere:
195 477 257 539 acsi
283 478 415 555 diceret,
447 500 497 540 eos
518 478 632 541 demum
652 481 733 542 solos
752 480 867 558 vivere,
900 481 950 563 qui
969 484 1019 544 sua
1039 484 1132 544 studia
1152 497 1184 546 et

51 575 144 614 onnes
169 554 252 615 vitae
295 567 372 615 artes
393 557 430 617 ad
448 556 507 617 Dei
527 555 701 642 obsequium
721 557 886 639 applicant,
917 579 969 620 cos
988 580 1061 620 vero
1082 561 1184 640 quiin

51 633 151 692 mundo
187 575 365 706 subsidunt,
405 645 491 723 atque
522 647 557 694 nt
580 653 611 695 se
636 635 799 715 praebeant
823 635 992 696 hominibus
1015 639 1183 718 morigeros

48 707 135 766 Deum
156 720 373 788 praetereunt,
402 710 508 770 similes
529 732 592 771 esse
611 712 749 786 mortuis,
776 713 877 792 quise
895 712 1082 790 inhabenda
1100 736 1184 777 mor·
1266 758 1269 766 ·

49 797 155 846 tuorum
179 807 253 846 cura
275 788 381 848 frustra
402 801 431 848 et
450 788 593 847 inutiliter
613 809 687 849 occu
709 801 768 848 ant.

113 861 188 922 Luc.
216 871 266 930 60.
315 863 352 922 V
349 863 404 924 ude
427 879 454 924 et
475 868 625 924 ormuntio.
671 810 835 926 blatchaeus
859 877 973 926 tantum
992 865 1097 944 habet,
1125 868 1182 930 Se-

47 959 121 1015 pme
143 961 215 999 mer
251 943 347 1002 Lucas
370 963 443 1006 vero
468 942 573 1002 clarius
593 941 744 1020 exprimit,
773 963 911 1022 quorsum
938 943 1029 1005 fuerit
1050 959 1198 1024 vocatus,
1266 975 1271 1002 ι

46 1035 142 1094 tempe
169 1029 209 1076 ut
232 1019 393 1101 Evangelii
415 1017 549 1080 minister
573 1029 651 1080 esset
673 1039 848 1098 acxpmeco.
902 1021 977 1080 Nam
999 1021 1026 1082 si
1049 1023 1195 1103 privatae·

45 1091 111 1150 sitae
130 1093 259 1160 relictus
278 1097 370 1170 foret,
390 1097 468 1156 nulla
488 1095 643 1156 necessitas
663 1095 792 1176 cogebat
830 1096 886 1156 atri
905 1096 1016 1174 deesse,
1034 1101 1126 1161 modo
1141 1121 1181 1164 ne

45 1167 67 1226 io
85 1171 176 1247 patris
202 1176 326 1252 gratiam
348 1173 385 1234 ab
405 1172 569 1254 Evangelio
590 1169 743 1232 deficeret:
762 1191 793 1231 sc
835 1173 902 1264 quia
920 1175 1075 1257 Evangelii
1086 1193 1182 1258 ¹prae·

45 1247 141 1306 dicatio
163 1267 238 1310 eum
259 1253 340 1312 domi
359 1252 462 1312 sedere
482 1269 544 1309 non
565 1248 690 1329 patitur,
709 1270 725 1307 a
745 1260 829 1327 patre
847 1271 858 1308 1
879 1271 942 1308 sum
963 1249 1098 1316 Christus
1116 1275 1181 1316 me-

44 1323 91 1382 rito
110 1323 229 1386 avellit.
269 1329 426 1390 Caeterum
447 1340 481 1387 ut
498 1325 571 1386 mua
590 1325 622 1384 in
642 1345 680 1385 eo
697 1336 823 1406 apparet
871 1326 953 1386 hristi
972 1327 1106 1405 bonitas,
1129 1331 1181 1410 qui

44 1405 191 1466 hominem
213 1405 310 1466 adhuc
329 1405 475 1466 infirmum
495 1415 553 1464 tam
576 1401 741 1462 honorifico
761 1401 883 1462 mune‘re
901 1402 1049 1492 dignatur,
1068 1405 1179 1469 itano-

43 1496 96 1543 tare
116 1503 236 1563 operae
257 1481 384 1563 pretium
405 1495 458 1555 est,
479 1479 591 1562 corrigi
608 1476 710 1538 vitium
732 1479 811 1558 quod
827 1479 965 1539 adhucrn
977 1501 1014 1541 eo
1027 1481 1180 1564 haerebat,

45 1581 96 1620 non
115 1560 308 1642 indulgentia
330 1559 434 1620 foveri.

108 1639 188 1698 Luc.
208 1645 258 1703 61.
295 1636 339 1695 Et
362 1641 404 1696 ott
426 1635 511 1696 olins.
550 1633 645 1696 Huius
669 1631 748 1694 tertii
768 1651 831 1692 non
850 1632 985 1696 meminit
1002 1635 1178 1699 Matthaeus.

45 1717 171 1796 hpparet
192 1726 309 1795 autern,
334 1713 444 1774 mundo
465 1711 552 1772 luisse
570 1709 662 1802 magis
681 1709 816 1785 affixum,
856 1731 923 1770 nam
942 1721 977 1771 ut
993 1712 1032 1773 ad
1050 1733 1178 1793 sequen.

46 1793 102 1852 dum
134 1791 292 1855 Christum
323 1791 435 1852 solutus
454 1801 496 1870 'et
525 1788 674 1869 expeditus
699 1785 788 1847 foret.
870 1807 886 1847 e
911 1787 1029 1868 quidem
1056 1787 1177 1853 Christo

44 1866 423 1944 contubernalemosiert,
460 1865 513 1926 sed
543 1865 641 1926 addita
669 1863 859 1944 exceptione,
891 1885 980 1946 quum
1005 1867 1177 1930 valedixerit

44 1947 205 2008 domesticis
231 1946 304 2005 suis:
337 1944 393 2004 hoc
413 1955 473 2016 est,
498 1964 587 2022 quum
607 1941 728 2023 negotia
748 1939 829 2004 domi
847 1943 1064 2022 composuerit,
1088 1945 1177 2008 sicuti

44 2023 131 2084 solent
150 2023 204 2102 qui
225 2024 384 2084 discessum
426 2031 517 2082 arant.
544 2020 627 2080 Haec
647 2029 805 2092 causaest,
825 2040 878 2080 cur
896 2030 956 2079 tarn
968 2021 1080 2084 duriter
1091 2023 1175 2084 illum

43 2103 158 2184 caliget
179 2101 330 2163 Christus:
355 2043 447 2160 verbo
469 2095 546 2158 enim
566 2096 731 2178 protessus,
755 2114 787 2153 se
806 2094 873 2156 sore
894 2093 1004 2160 Christi
1024 2101 1175 2178 comitem,
1214 2111 1225 2127 ⁶

45 2189 148 2258 tergum
176 2175 398 2249 illi'rertehat,
433 2179 529 2238 donec
556 2171 741 2234 satisfecisset
763 2173 888 2232 terrenis
913 2177 1051 2256 negotiis.
1110 2180 1174 2238 Iam

44 2275 122 2332 quum
146 2268 241 2338 neget
268 2253 417 2328 Ghristus,
448 2267 533 2335 aptos
559 2269 621 2311 esse
640 2268 735 2337 regno
754 2247 813 2306 Dei
834 2249 887 2340 qui
903 2261 972 2342 ¹¹⁰⁵!
989 2265 1105 2390 teripnm
1124 2277 1174 2317 η.
1216 2305 1223 2312 ,

45 2335 178 2411 spiciunt,
210 2331 325 2394 attente
352 2332 550 2409 quaerendum
577 2338 634 2400 est,
664 2324 735 2404 qtud
754 2324 813 2384 hoc
831 2327 888 2386 srbr
906 2326 986 2386 vebt
1054 2331 1173 2393 huntur

45 2423 129 2470 autem
154 2435 176 2472 o
200 2426 284 2485 tergo
307 2411 464 2486 respicere,
497 2405 547 2486 qui
566 2401 668 2462 mundi
688 2399 763 2460 curis
783 2401 917 2480 impliciti
937 2423 1005 2464 sea
1024 2419 1105 2468 recta
1124 2409 1173 2472 via

45 2486 138 2549 abduci
155 2489 270 2557 sinunt,
292 2487 463 2565 praesertim
483 2501 555 2544 vero
596 2479 626 2538 ui
645 2499 676 2537 se
697 2477 874 2558 demergunt
891 2478 924 2538 in
945 2499 1003 2556 eas,
1023 2503 1099 2562 quac
1119 2505 1171 2546 eos

45 2565 156 2626 reddent
174 2564 297 2626 inutiles
316 2561 353 2622 ad
372 2562 553 2645 sequendum
574 2501 731 2619 litterum.

75 2849 153 2928 (ih)
202 2845 372 2911 ΜΑΤΤΗ.
398 2846 451 2908 ΙΧ.
499 2843 526 2908 1.
559 2839 602 2904 Et
631 2838 793 2922 ingressus
820 2838 927 2902 navim
954 2841 1092 2924 traiecit,
1130 2867 1171 2912 ao

43 2953 120 3018 seuit
140 2953 173 3014 in
196 2969 286 3014 suam
309 2949 479 3010 civitatem.
519 2946 549 3010 2.
581 2944 623 3010 Et
645 2959 721 3004 ecce
748 2935 951 3008 adduxerunt
970 2940 1018 3006 itti
1041 2944 1170 3032 paraly-

43 3049 127 3114 ticum
170 3053 204 3115 in
245 3047 333 3111 lecto
377 3043 631 3132 decumbentem.
695 3044 870 3133 Quumque
910 3044 1044 3112 vidisset
1081 3050 1169 3114 lesus

43 3146 130 3214 fidem
152 3148 293 3226 illorum,
315 3147 395 3214 dixit
416 3145 605 3236 paralytico,
627 3143 782 3223 Confido,
803 3146 865 3234 fili,
883 3148 1087 3238 remittuntur
1108 3149 1167 3216 tibi
1208 3221 1216 3229 ,
1242 3167 1249 3183 ’

12 3271 19 3288 ·
44 3261 162 3330 peccata
184 3261 246 3314 tua.
289 3251 319 3314 3.
345 3249 387 3313 Et
410 3269 485 3312 ecce
508 3249 635 3334 quidam
659 3271 677 3314 e
700 3246 996 3336 Scribisldiccbeut
1012 3253 1100 3326 ,intra
1123 3273 1168 3329 se,

44 3349 93 3414 llic
113 3351 326 3438 blasphemat
368 3350 399 3414 4.
418 3349 460 3414 Et
482 3371 578 3436 quum
599 3349 733 3416 vidisset
750 3351 839 3414 lesus
861 3351 1072 3434 cogitationes
1094 3351 1167 3418 illo·

42 3471 114 3529 rum,
149 3454 244 3530 dixit,
280 3453 391 3538 Quare
424 3472 484 3516 vos
511 3454 657 3537 cogitatis
683 3452 767 3528 malo
793 3455 827 3516 in
855 3449 1014 3518 cordibus
1034 3455 1167 3518 vestris?

41 3551 62 3613 5.
81 3556 195 3620 Utrum
217 3554 304 3618 enirn
328 3562 375 3616 est
396 3550 539 3630 facilins,
564 3551 687 3632 dicere,
713 3554 931 3618 Remittuntur
952 3550 1014 3616 tibi
1033 3563 1166 3638 peccata

41 3662 97 3720 tna:
120 3677 159 3721 an
182 3655 304 3730 dicere,
324 3653 437 3738 Surge,
459 3665 492 3720 et
511 3652 660 3719 ambula?
698 3655 728 3719 6.
750 3655 795 3720 Ut
814 3655 1056 3730 autem-scietis,
1076 3650 1166 3736 quod
1190 3657 1193 3664 '

39 3768 217 3834 potestatem
241 3753 360 3818 habeat
379 3753 482 3820 Filius
500 3753 639 3821 hominis
659 3758 693 3822 iu
715 3767 800 3820 terra
820 3753 1006 3823 remittendi
1026 3762 1176 3836 peccata,¹

38 3857 123 3928 (tunc
143 3859 223 3922 dicit
245 3853 451 3941 paralytico)
474 3855 589 3941 Surge,
610 3841 690 3921 tolle
712 3855 830 3921 lectum
852 3871 955 3932 tuum,
977 3863 1009 3918 et
1031 3849 1084 3915 ehi
1106 3849 1164 3916 do·

38 3973 110 4019 num
152 3971 250 4022 tuam.
315 3955 344 4020 7.
387 3957 428 4020 Et
459 3954 517 4022 ille
551 3961 686 4022 surrexit
720 3956 863 4043 abiitque
899 3955 1030 4022 domurn
1064 3973 1162 4017 snam.

39 4054 61 4117 b.
85 4058 216 4124 'surbac
241 4077 336 4135 vcro,
365 4077 447 4142 quae
468 4057 630 4135 viderant,
659 4055 834 4124 admiratae
857 4064 931 4122 sunt
951 4064 984 4120 et
1003 4051 1164 4138 glorifice-

37 4173 138 4227 verunt
161 4162 283 4235 Deum,
305 4159 361 4241 qui
382 4155 525 4230 dedisset
544 4169 734 4244 potestatem
756 4151 1067 4246 tatem‘tominihus.

106 4277 247 4346 Mane.
272 4276 311 4340 11.
353 4275 382 4342 1.
410 4277 452 4354 Et
477 4279 591 4342 itcrum
618 4279 749 4342 introvit
767 4274 972 4362 Capcrnaurn
994 4283 1068 4362 post
1090 4273 1161 4342 dies

37 4373 153 4463 aliquot,
174 4392 209 4446 et
230 4375 374 4456 abditum
396 4388 452 4461 est,
473 4376 563 4466 quod
583 4379 618 4443 in
640 4377 738 4446 domo
759 4388 852 4448 essu.
893 4376 923 4442 2.
949 4376 991 4444 Et
1011 4379 1160 4464 protinus
1251 4433 1253 4444 .
