2756 4838
156 201 215 265 πω
309 192 425 256 SECT.
445 191 543 256 xvtt.
582 203 845 253 numerosum
863 201 1161 252 nasammonas.

157 289 413 436 illis,·lieddite,
429 365 519 437 ‘quae
539 358 613 416 sunt
634 347 796 428 Caesaris,
818 341 970 412 Caesari:
992 356 1025 412 et
1047 366 1131 432 quae
1151 356 1231 414 sunt
1251 348 1320 428 Dei,

157 454 242 520 Deo.
283 454 326 518 Et
347 451 492 518 admirati
513 461 588 517 sunt
610 450 653 515 de
675 467 725 515 eo.
763 539 768 550 ι
1284 454 1289 473 ·

239 637 342 707 LUC.
373 637 441 702 xit
502 635 554 703 20.
597 633 639 708 Et
675 631 887 702 observantes
918 635 1075 700 miserunt
1106 633 1321 714 insidiatores,

122 777 125 785 ·
157 743 212 827 qui
233 761 268 806 se
289 743 391 807 iustos
412 737 614 816 simularent,
642 747 677 802 ut
699 747 853 821 caperent
880 737 1010 804 eumin
1031 756 1200 818 sermone,
1223 741 1321 806 trade-

155 853 293 932 rentque
313 843 406 909 illum
427 843 657 930 principatui„
675 849 708 904 et
734 843 888 924 potestati
913 837 1083 928 praesidis.
1123 841 1176 906 21.
1210 845 1253 909 Et
1278 849 1320 909 in-

156 943 402 1034 terrogaverunt
424 967 510 1035 eum,
533 931 693 1023 dicentes,
714 943 884 1030 Magister,
911 947 1028 1009 scimus
1050 943 1142 1029 quod
1166 959 1258 1014 recte
1279 947 1322 1014 di-

157 1052 203 1116 cis
224 1071 263 1116 ac
284 1047 399 1127 doces,
433 1059 496 1114 nec
523 1048 657 1132 respicis
684 1067 870 1131 personam,
903 1047 962 1128 sed
988 1047 1074 1112 viam
1096 1048 1162 1114 Dei
1187 1052 1223 1115 in
1244 1056 1323 1116 reri-

155 1162 221 1220 tate
243 1153 358 1219 doces:
398 1151 449 1215 22.
479 1151 572 1216 Licet
591 1148 687 1216 nobis
708 1147 862 1216 tributum
891 1149 969 1218 dare
992 1150 1142 1228 Caesari,
1171 1172 1213 1218 an
1236 1159 1322 1219 non?

155 1256 208 1324 23.
236 1255 376 1342 Cognita
404 1263 509 1320 autem
536 1274 649 1321 eorum
677 1256 819 1319 versutia
852 1253 931 1320 dixit
958 1253 1000 1320 ad
1032 1275 1108 1341 eus,
1147 1253 1238 1339 Quid
1266 1279 1318 1322 mc

154 1363 304 1426 tentatis?
345 1357 398 1444 24.
421 1355 600 1444 ,ostendite
628 1355 706 1422 mibi
734 1355 914 1423 denarium.
956 1353 1060 1423 Cuius
1089 1354 1190 1422 habet
1215 1360 1321 1444 imagi-

155 1484 229 1530 nem
252 1473 285 1528 et
305 1461 567 1548 inscriptionem?
610 1459 861 1546 Respondentes
882 1460 1048 1546 direnrnt,
1067 1459 1235 1538 Caesaris
1274 1465 1322 1528 25.

154 1563 197 1632 Et
219 1570 263 1630 ait
282 1563 363 1642 illis,
379 1563 537 1639 ¹lieddite
566 1584 658 1648 crgo,
688 1585 777 1650 quae
804 1575 881 1630 sunt
903 1563 1071 1642 Caesaris,
1104 1561 1262 1644 Caesari,
1291 1577 1321 1632 et

156 1687 240 1754 quae
269 1668 451 1746 Daisunt,
483 1667 568 1731 Deo.
632 1667 683 1730 26.
724 1667 766 1732 Et
794 1659 861 1732 tlon
889 1677 1066 1770 potuerunt
1092 1665 1234 1735 verbum
1255 1674 1319 1736 eius

155 1767 397 1854 reprehendere
428 1789 535 1836 coram
563 1767 703 1853 populo:
746 1778 778 1834 et
804 1772 909 1836 mirati
935 1791 1034 1857 super
1054 1790 1221 1856 responso
1249 1775 1319 1850 eins,
1366 1753 1367 1768 ¹

157 1879 336 1935 tacuerunt.

234 2105 334 2181 Quum
354 2087 578 2166 crassiana
598 2106 747 2180 manteia
770 2105 920 2168 userius
940 2106 1046 2169 renea
1066 2119 1248 2182 renascar,
1265 2111 1316 2168 noc
1366 2109 1367 2114 ‘

157 2193 308 2264 postremo
329 2194 470 2262 putarunt
489 2184 633 2264 optimum
653 2184 788 2252 usserius
800 2185 944 2266 perdendi
958 2187 1183 2264 compendium,
1202 2187 1227 2246 si
1238 2207 1315 2266 prae-

156 2258 211 2320 sidi
231 2271 376 2352 tanquam>
390 2260 559 2322 seditiosum
580 2281 613 2319 ac
633 2280 680 2320 res
701 2281 792 2322 novas
805 2261 978 2324 molientem
990 2263 1152 2322 traderent.
1175 2263 1224 2323 lie
1235 2283 1315 2322 censu

155 2337 210 2414 (ut
228 2333 298 2397 alibi
318 2337 461 2416 vidimus)
481 2347 552 2396 tunc
572 2356 677 2428 magna
699 2349 761 2398 erat
781 2337 857 2472 apud
878 2339 1003 2398 ludaeos
1023 2340 1215 2430 disceptatio.
1247 2339 1315 2398 Nam

119 2461 126 2482 ,
156 2433 247 2492 quum
267 2433 397 2489 censum,
417 2434 504 2494 quern
523 2414 605 2474 Deus
625 2433 656 2473 ru
676 2414 758 2496 laege
778 2413 908 2474 hosaiea
928 2414 984 2474 sihi
1004 2415 1082 2476 solvi
1100 2415 1239 2490 rubebat,
1258 2415 1316 2474 lio·
1367 2433 1368 2444 ¹

156 2491 235 2556 mani
255 2492 291 2552 ad
310 2511 342 2550 se
361 2491 587 2566 transtulissent,
606 2491 710 2570 passim
731 2489 898 2552 fremebant
909 2491 1021 2566 ludaei,
1039 2491 1200 2574 indignum
1213 2512 1272 2552 esse
1287 2511 1316 2550 ac

156 2567 275 2628 minime
296 2567 450 2630 ferendum
471 2565 598 2641 lacinus,
637 2568 718 2648 quod
743 2567 862 2648 prolani
883 2567 1016 2628 homines
1042 2566 1177 2627 divinum
1202 2569 1246 2628 ius
1266 2557 1316 2626 lice

156 2645 247 2705 modo
268 2645 304 2704 ad
323 2661 354 2704 se
373 2655 522 2723 raperent.
556 2643 642 2704 adde
663 2643 743 2723 qtrpd
769 2659 859 2722 quum
879 2643 928 2703 illa
948 2643 1050 2736 legalis
1072 2665 1179 2705 census
1198 2643 1317 2704 indictio

25 2804 28 2818 ι
132 2721 326 2802 ,adoptionis
346 2737 449 2780 eorum
469 2720 550 2782 testis
569 2731 662 2794 esset,
697 2719 814 2780 honore
838 2719 895 2780 sibl
915 2719 1018 2780 debito
1039 2739 1071 2780 se
1089 2721 1218 2800 spoliari
1237 2733 1317 2802 puta-

157 2798 238 2860 bant.
258 2798 321 2856 lam
333 2796 502 2875 utquisque
521 2796 707 2864 tenuissimus
727 2807 800 2868 crat,
820 2798 856 2857 ad
876 2796 1112 2858 tumultuantium
1132 2798 1318 2860 audaciorem

155 2865 300 2934 'reddebas
319 2873 498 2952 paupertatis
519 2871 633 2932 fiducia.
678 2865 764 2932 Hanc
784 2873 874 2954 igitur
893 2874 1030 2954 captandi
1051 2871 1167 2934 Christi
1188 2873 1316 2936 astutiam

156 2947 306 3010 Pharisaei
327 2949 512 3029 excogitant,
533 2948 628 3026 quod,
649 2947 685 3008 de
707 2967 796 3008 censu
815 2950 925 3010 utrovis
945 2951 1034 3010 modo
1054 2951 1259 3030 responderit,
1278 2949 1317 3008 la-

153 3047 250 3118 queos
270 3025 325 3085 sibi
343 3025 460 3084 induet:
480 3025 504 3084 si
525 3025 680 3106 negaverit
698 3024 872 3085 solvendum
893 3045 970 3100 esse,
989 3023 1146 3088 seditionis
1167 3049 1238 3090 reus
1259 3027 1318 3098 crit,

151 3125 202 3168 ⁴sara
220 3123 293 3164 vero
314 3099 464 3176 confessus
484 3101 574 3162 fuerit
592 3100 655 3183 iur'e
675 3100 797 3175 deberi,
828 3104 924 3186 gentis
948 3124 1018 3167 suae
1035 3103 1130 3184 hostis
1151 3126 1188 3166 ac
1208 3105 1316 3184 patriae

156 3177 299 3238 libertatis
319 3174 455 3259 proditor
473 3177 640 3238 habebitur.
665 3177 762 3239 Porro
783 3178 840 3241 huc
860 3179 1019 3261 praecipue
1038 3193 1188 3262 spectant,
1209 3182 1314 3270 utple-

13 3283 21 3306 ι
135 3254 223 3328 ‚hem
244 3253 280 3316 ab
301 3275 338 3315 eo
359 3253 500 3315 alienent.¹
537 3256 618 3316 llaec
642 3268 762 3336 captura
790 3267 834 3315 est
857 3275 953 3335 quarn·
969 3257 1317 3340 notant¹livangelrstae

157 3332 224 3414 quia
243 3331 373 3411 undique
393 3331 537 3392 irretitum
558 3353 620 3392 esse
641 3333 790 3395 Christum
811 3344 932 3412 putant,
970 3345 1005 3392 ut
1028 3333 1085 3392 iam
1107 3333 1172 3393 eliu
1195 3355 1249 3394 erc
1269 3355 1317 3392 nc-

154 3421 252 3488 queat.
293 3407 372 3484 Quia
391 3420 488 3468 autem
508 3408 634 3490 professi
655 3417 739 3470 eraut
758 3409 820 3470 eius
838 3409 955 3482 hostes,
972 3409 1109 3489 ¹ideoque
1121 3427 1162 3472 ‘se
1173 3355 1253 3472 giore
1271 3433 1317 3468 su-

154 3509 167 3547 s
190 3497 270 3547 ector
290 3497 445 3564 noverant,
465 3487 605 3564 quosdam
619 3485 783 3546 subornant
795 3485 879 3549 esuis
892 3485 1049 3568 discipulis,
1071 3487 1318 3568 quemadmodum

175 3564 226 3624 scit
244 3563 418 3624 Matthaeus.
456 3559 550 3624 Lucas
570 3559 872 3623 autem‘iusidiatores
891 3567 993 3638 vocat,
1022 3564 1072 3642 qui
1091 3586 1123 3624 sc
1145 3563 1234 3624 iustos
1254 3581 1317 3620 esse

153 3639 335 3716 simularent,
356 3641 413 3700 hoe
425 3651 479 3716 est,
498 3640 602 3702 dolose
618 3639 818 3700 obtenderent
828 3638 990 3719 simplicem
1001 3651 1177 3721 rectumque
1188 3637 1318 3700 discendi

154 3717 304 3800 allectum.
342 3717 452 3796 Neque
474 3717 551 3778 enim
576 3715 722 3777 simulatio
750 3715 877 3780 iustitiae
904 3717 951 3778 hic
976 3717 1007 3778 iu
1030 3737 1146 3809 genere
1169 3715 1319 3796 accipitur,

61 3791 71 3808 '
151 3795 204 3864 sed
226 3793 413 3876 restringitur
431 3793 467 3852 ad
484 3805 669 3872 praesentem
682 3814 810 3856 causam:
833 3793 901 3874 quia
913 3793 968 3854 uisi
981 3793 1139 3854 docilitatis
1151 3792 1318 3872 sincerique

155 3871 242 3932 studii
262 3882 413 3954 praetextu
433 3869 619 3932 admissinou
634 3870 738 3929 ess'ent
769 3869 958 3930 Herodianus
978 3867 1034 3929 sibi
1054 3870 1234 3952 adiungunt,
1254 3867 1319 3948 quia

154 3947 291 4008 lloruano
311 3947 438 4028 imperio
449 3947 541 4030 magis
551 3945 704 4008 favebant:
725 3947 804 4007 unde
825 3946 862 4006 ad
881 3947 1093 4006 criminandum
1115 3959 1204 4006 erant
1224 3945 1318 4026 aptio-

151 4045 209 4084 res.
247 4025 360 4088 Notare
380 4035 480 4092 autern
496 4043 605 4105 operae
626 4025 752 4105 pretium
774 4034 827 4098 est..
848 4043 935 4102 quum
957 4042 1027 4084 aare
1043 4023 1228 4104 interipsos
1245 4031 1321 4082 essct

155 4099 313 4174 dissidium,
333 4113 418 4162 tanto
439 4100 549 4161 Christi
568 4101 638 4162 odio
659 4100 775 4174 ardere,
793 4111 827 4160 ut
846 4101 882 4162 ad
903 4121 969 4162 eum
1012 4099 1177 4162 cedendum
1199 4097 1318 4176 conspi-

153 4187 228 4234 rent
268 4175 422 4251 Quaenam
443 4177 532 4237 luerit
550 4189 628 4238 secta
648 4178 713 4252 ista,
732 4177 803 4237 alibi
824 4177 953 4236 diximus.
983 4121 1058 4236 liam
1076 4197 1168 4255 quum
1180 4175 1317 4236 llcrodes

152 4261 266 4310 tautum
285 4255 478 4314 semiiudaeus
491 4265 576 4328 esset,
596 4255 640 4314 vel
653 4255 785 4336 degener
798 4266 886 4334 atque
903 4253 1083 4314 adulterinus
1098 4251 1141 4312 lae
1166 4253 1190 4312 is
1200 4251 1319 4340 profes—

150 4347 211 4404 sor,
231 4327 403 4409 quicunque
420 4343 519 4396 exacte
539 4331 680 4398 velebant
696 4349 732 4400 ac
753 4333 835 4396 omui
855 4354 888 4397 cs
909 4341 992 4413 parte
1010 4329 1123 4394 servari
1163 4351 1262 4412 egem,
1283 4326 1318 4386 rl-

835 4449 839 4457 '
1005 4451 1010 4462 1

930 4485 937 4497 ἱ
