2790 4838
411 235 476 316 (99.
494 235 576 297 Iesus
595 234 718 350 sabbato
739 241 869 320 sanans.)
905 311 911 326 ἱ
1151 245 1211 310 283

1182 343 1196 396 q
1241 347 1247 358 ,

64 389 154 450 critis
172 387 313 449 sollenne
333 407 413 464 esse,
436 388 622 449 umbratilem
639 401 754 451 tantum
772 392 862 474 Legis
881 369 1021 454 iustitiam
1040 395 1158 455 sectari:
1178 407 1210 456 et
1307 403 1330 430 ·‘

65 466 323 548 quemadmodum
343 465 434 550 vulgo
451 466 621 545 loquuntur,
640 469 736 550 magis
752 469 886 530 insistere
906 470 936 529 in
957 470 1051 532 fonna
1072 492 1158 549 quam
1177 473 1211 530 in

65 543 244 604 substantia.
290 542 421 602 Primum
447 562 519 624 ergo
546 541 615 604 hinc
642 544 800 616 discamus,
828 566 917 625 puras
939 559 1058 608 mentes
1079 557 1109 606 et
1128 547 1210 608 omni

65 619 207 700 maligno
229 618 341 680 affeetu
360 639 464 682 vacuas
483 619 607 693 afferre,
629 619 681 680 ubi
702 622 856 682 ferendum
876 635 920 684 est
939 624 975 684 de
995 643 1027 683 re
1048 623 1143 703 aliqua
1162 623 1210 684 iu·
1320 691 1323 698 p

67 695 191 756 dicium.
232 697 308 756 Nam
326 696 350 755 si
370 696 483 770 odium,
502 694 548 755 vel
566 695 665 768 fastus,
683 698 730 758 vel
750 698 808 760 tale
827 699 937 780 aliquid
956 700 987 758 in
1006 699 1093 758 nobis
1113 699 1210 760 domi-

66 785 178 847 netur,
209 793 273 832 non
293 771 461 832 hominihus
480 783 593 832 tanturn
613 773 722 834 erimus
739 775 856 850 iniurii,
883 777 936 837 sed
957 797 1021 837 cum
1040 775 1100 848 Dei
1119 776 1209 856 ipsius

67 847 257 910 contumelia
283 848 378 908 lucem
403 849 604 912 vertemus.in
628 851 773 912 tenebras.
812 854 908 914 Nemo
928 873 945 912 a
963 852 1072 912 malitia
1091 853 1210 936 integer

68 947 108 986 ue
133 937 223 998 asset,
245 925 374 986 divinum
388 944 487 985 esseo
511 947 559 999 us„
573 927 652 1005 quod
673 929 809 989 damnare
828 929 876 990 isti
895 928 969 989 honi
989 929 1126 990 doctores
1147 951 1210 990 non

69 1003 87 1062 d
134 1004 222 1060 itant
261 1001 352 1062 Unde
371 1013 466 1062 tantus
487 945 581 1078 iuror,
601 1003 656 1064 nisi
675 1007 756 1083 quod
776 1027 877 1066 omnes
890 1025 992 1067 eorum
1005 1024 1209 1090 sensuspoccu-

92 1091 124 1138 at
143 1078 270 1158 impium
291 1076 402 1139 Christi
428 1079 545 1153 ochum,
575 1090 609 1138 ut
632 1079 773 1160 inplens
792 1082 861 1142 solis
886 1081 1005 1166 fulgore
1024 1083 1209 1144 coecutiantl

104 1176 235 1216 onemur
261 1153 366 1228 etiam,
397 1154 558 1216 cavendum
583 1175 660 1232 esse,
689 1178 727 1216 ne
753 1158 929 1218 ceremoniis
952 1158 1112 1218 tribuendo
1145 1157 1209 1239 pitis

70 1253 164 1322 qnam
207 1253 242 1316 ar
261 1243 319 1303 est,
347 1252 422 1322 quae
442 1231 532 1323 louge
552 1232 642 1311 pluris
661 1246 846 1310 sunt-coram
866 1234 952 1306 De'o,
980 1245 1010 1293 et
1028 1255 1102 1313 quae
1122 1257 1210 1314 prae·

69 1329 162 1388 crpua
182 1253 273 1391 Cogis
294 1307 428 1368 Christus
447 1307 518 1368 alibr
537 1318 624 1369 vocat
642 1309 820 1386 (Martum,
839 1311 913 1387 22),
932 1310 1054 1370 effluere
1074 1311 1209 1372 sinamus.
1241 1337 1247 1346 ·

69 1386 152 1446 liam
173 1403 250 1466 quae
277 1397 379 1444 nostra
398 1395 443 1446 est
461 1385 499 1445 ad
522 1396 658 1446 externos
678 1385 749 1447 ritus
790 1385 947 1468 repensio,
986 1405 1134 1464 nunquam
1156 1387 1209 1448 hac

70 1463 103 1521 iu
117 1475 213 1552 “parte
234 1461 399 1522 tenebimus
418 1461 556 1534 modum,
586 1462 642 1521 nisi
667 1461 753 1524 subin
776 1484 791 1522 e
817 1463 847 1522 in
871 1461 1043 1521 memoriam
1067 1475 1210 1538 recurrat,

71 1537 220 1618 quecquid
241 1539 277 1598 de
298 1539 377 1598 cultu
397 1538 457 1598 Dei
476 1539 671 1630 praecipitur,
700 1540 796 1630 primo
820 1536 970 1619 spirituale
991 1557 1070 1610 esse,
1086 1539 1210 1628 ‘deinde
1317 1571 1320 1576 ⁴

72 1617 112 1676 ad
135 1637 167 1676 re
192 1616 286 1687 ulam,
307 1636 380 1694 quae
401 1615 448 1677 hic
468 1635 484 1674 a
505 1614 624 1676 Chnsto
645 1615 869 1695 praescribitur,
889 1614 999 1675 dehere
1019 1613 1104 1696 exigr.

153 1703 170 1758 1
240 1691 464 1768 Immognhont
488 1691 585 1769 alum,
611 1691 742 1754 diorum
785 1693 900 1753 Marcus
925 1702 955 1752 et
977 1691 1071 1752 Lucas
1097 1702 1210 1754 tanturn

73 1767 183 1830 dicunt
202 1769 389 1843 observasse,
410 1769 626 1848 quid'facturus
645 1783 722 1830 esset
739 1769 900 1829 Dominus:
921 1767 1085 1828 Matthaeus
1105 1768 1210 1831 clarius

74 1847 231 1927 exprimit,
262 1844 359 1905 verbis
384 1864 443 1924 quo
466 1865 501 1905 ue
526 1847 615 1907 fuisse
640 1845 812 1907 lacessitum.
858 1844 1020 1905 Probabile
1040 1857 1136 1906 auum
1157 1858 1212 1922 est,

73 1935 197 1984 sanatos
217 1933 286 1981 ante
305 1920 432 1981 sabbatis
446 1867 540 1984 luisse
561 1924 634 1984 alios
653 1924 817 2004 quospiam.
856 1921 934 1982 Hinc
955 1922 1043 2004 igitur
1054 1923 1210 1984 occasione

74 2011 194 2080 sumpta
214 1999 412 2080 interrogant,
430 1998 526 2060 sibine
545 2000 634 2070 licere
676 2013 755 2075 utet,
774 1999 854 2079 quod
873 2011 984 2082 egerat,
1004 2000 1103 2060 denuo
1123 2019 1211 2082 repe·
1250 2033 1268 2069 ι,

74 2086 151 2136 tere.
190 2077 232 2135 m
255 2075 284 2132 ui
303 2073 467 2154 expendere
486 2075 566 2156 ipsos
586 2021 725 2152 decebat,
751 2077 880 2136 divinum
900 2097 937 2135 an
957 2075 1115 2136 humanum
1136 2097 1210 2158 opus

76 2165 173 2225 essct,
201 2095 368 2212 solonem
388 2163 438 2210 aut
455 2152 548 2212 verbo
574 2165 715 2235 vegetare
732 2173 850 2212 manum
871 2151 989 2211 arida'm.
1027 2150 1110 2212 Deus
1130 2154 1210 2214 enim

74 2230 234 2290 sabbatum
253 2227 409 2287 instituens
429 2227 455 2287 le
479 2249 523 2288 em
543 2227 601 2289 sihi
621 2250 683 2289 non
697 2229 858 2308 imposuit,
888 2227 935 2288 vel
956 2227 1051 2306 aliqua
1070 2229 1213 2290 servitute

75 2329 109 2370 se
131 2304 307 2394 obstrinxit,
335 2321 411 2396 qtnn
425 2248 568 2394 sabbatis,
597 2316 688 2385 prout
712 2305 806 2366 visum
833 2315 893 2378 est,
921 2305 996 2365 sicut
1020 2303 1082 2366 aliis
1106 2303 1211 2366 diebus
1249 2299 1259 2320 ⁹

75 2395 230 2464 operetur.
269 2381 383 2442 Nrmrae
402 2393 493 2518 rgptur
511 2381 655 2442 amentiae
676 2379 742 2452 fuit,
761 2381 963 2461 quaestionem
976 2378 1051 2438 hanc
1062 2381 1211 2444 movendo

76 2479 189 2544 cogere
209 2459 241 2518 in
261 2457 415 2520 ordinem}
447 2458 640 2539 enm'ipsum,
659 2468 690 2517 et
707 2455 833 2517 liberum
855 2457 916 2516 eius
936 2453 1075 2534 operibus
1095 2468 1210 2516 cursum

77 2535 320 2748 ”Miiucio
341 2613 396 2672 sa
417 2632 459 2671 «ω
480 2608 559 2671 nm
582 2607 684 2684 tomo,
713 2611 765 2689 ,u
787 2605 897 2670 ’Μ’
914 2627 993 2668 Μ’·
1011 2619 1061 2666 ⁶¹⁰·
1100 2604 1212 2672 nm

77 2689 211 2752 ostendit
231 2687 257 2748 C
281 2687 381 2764 ristus,
413 2708 556 2767 quaenam
581 2685 619 2748 sit
637 2707 705 2750 vera
724 2684 839 2746 sabbati
859 2682 1043 2745 observatio:
1073 2702 1107 2743 ac
1126 2680 1212 2742 simul

77 2787 131 2829 eos
150 2763 314 2828 calumniae
334 2763 439 2846 arguit,
460 2765 540 2846 quod
559 2763 590 2824 in
610 2783 641 2824 se
660 2782 722 2824 uno
739 2771 862 2842 carpant
871 2759 1008 2820 usitatum
1020 2757 1212 2850 interomnes

77 2863 203 2904 morem.
242 2841 319 2902 Nam
327 2841 351 2900 si
362 2842 443 2902 cuius
464 2841 526 2901 ovis
545 2841 698 2910 cecidisset
715 2841 747 2901 in
766 2837 892 2914 foveam,
911 2856 1001 2898 nemo
1020 2836 1089 2896 rude
1101 2836 1213 2896 extrahi

76 2917 275 3001 prohibebatz
304 2931 415 2998 quanto
440 2931 538 2978 autem
562 2919 654 2979 homo
679 2916 769 2998 pluris
796 2928 841 2976 est
858 2913 988 2996 pecude,
1017 2924 1100 2976 tanto
1120 2913 1213 2994 magis

81 2996 272 3058 coniurare
293 2995 372 3056 licet
412 2993 540 3056 Constat
562 2995 662 3085 igitur,
688 2993 712 3053 si
732 2991 795 3074 quis
816 2992 938 3052 fratrum
958 2985 1131 3051 necessitati
1145 3004 1212 3050 suc-

79 3082 231 3146 curreret,
261 3090 367 3151 praece
389 3082 449 3132 tam
468 3092 485 3131 a
502 3070 636 3132 Domino
661 3070 788 3150 quietem
812 3068 932 3135 minime
956 3065 1090 3129 violasse.
1130 3065 1213 3126 llaec

78 3149 243 3212 similitudo
268 3149 347 3228 apud
405 3169 504 3208 arcum
527 3160 559 3209 et
577 3149 686 3209 Lucam
711 3139 777 3205 noti
799 3139 937 3206 habetur:
966 3154 1081 3204 tautum
1101 3143 1213 3217 dicunt,

78 3226 259 3288 sciscitatum
271 3244 341 3306 ,esse
362 3223 527 3299 Christum,
555 3224 696 3285 Liceatne
716 3222 895 3284 benefacere
914 3217 1043 3281 sabbatis
1063 3241 1101 3281 an
1121 3220 1212 3280 male·
1251 3255 1260 3264 ι

78 3301 190 3362 facere.
229 3303 305 3361 Nam
325 3301 375 3381 qui
394 3302 482 3362 vitam
501 3301 628 3366 hominis
648 3300 760 3381 perdit,
779 3297 914 3360 maleficii
932 3319 1001 3358 reus
1021 3307 1078 3358 est:
1098 3297 1135 3357 ah
1157 3297 1212 3356 ho·

79 3377 188 3440 micida
207 3389 306 3438 autern
326 3399 428 3458 parum
447 3377 563 3453 diflert,
595 3376 645 3460 qui
664 3375 812 3436 laboranti
832 3395 920 3455 opem
940 3374 1019 3434 ferre
1039 3395 1102 3434 non
1122 3383 1213 3434 curat.

78 3453 262 3537 Perstringit
280 3473 353 3538 ergo
375 3475 426 3514 eos
447 3453 597 3529 Christus,
628 3453 709 3533 quod
732 3462 884 3533 praetextu
909 3462 1027 3512 sanctae
1053 3451 1157 3530 quietis
1176 3450 1214 3509 ad

79 3530 161 3592 male
179 3531 326 3614 agendum
346 3549 454 3621 cogere
475 3530 597 3592 vellent:
629 3529 698 3610 quia
722 3549 784 3588 non
809 3540 922 3588 tantum
948 3526 1108 3606 delinquit,
1139 3527 1216 3586 sicut

80 3609 194 3668 dictmn
214 3619 267 3686 est,
288 3607 338 3687 qui
358 3607 468 3698 ahquid
487 3619 589 3698 contra
609 3605 721 3688 Legem
741 3605 891 3698 designat,
914 3605 966 3664 sed
987 3603 1073 3662 etiam
1095 3601 1145 3682 qui
1165 3601 1213 3660 of-

81 3685 181 3745 ficium
202 3703 287 3744 suum
306 3683 440 3766 negligit.
479 3683 557 3744 lhnc
577 3683 665 3744 etiam
684 3701 885 3762 persptcrmus,
906 3701 968 3742 non
984 3679 1214 3756 iisdemsemper
1280 3747 1285 3752 Ι
1305 3683 1309 3690 ’

78 3761 249 3822 rationibus
274 3783 357 3820 usum
383 3781 444 3820 esse
472 3759 639 3834 Christum,
679 3771 712 3820 ut
735 3758 907 3819 calumniam
936 3757 1013 3816 hauc
1041 3753 1215 3833 depelleret,

82 3839 152 3918 quia
171 3837 221 3898 hic
242 3837 278 3900 de
298 3859 348 3898 sua
368 3835 518 3898 divinitate
538 3858 600 3898 non
613 3836 750 3918 disputat,
770 3833 1014 3916 quemadmodum
1034 3830 1111 3909 apud
1124 3830 1213 3890 loan-

81 3936 166 3975 nem:
207 3935 263 3974 nec
288 3935 358 3974 vero
384 3914 643 3993 operaepretium
668 3908 739 3986 fuit,
778 3933 866 3991 quum
892 3911 965 3970 haec
997 3927 1053 3966 una
1080 3905 1213 3966 defensio

38 4015 42 4024 ·
81 3991 202 4052 abunde
215 3990 388 4050 Pharisaeos
398 3989 559 4064 refelleret,
579 3989 652 4049 nihil
664 3989 777 4049 scilicet
789 3988 883 4048 minus
900 4005 962 4046 esse
983 3993 1213 4043 consentaneum

81 4089 174 4149 quam
190 4065 305 4127 sabbati
323 4077 568 4148 transgressorem
589 4067 717 4142 censeri,
741 4065 791 4145 qui
809 4064 907 4124 Deum
927 4059 1098 4140 imitaretur.
1274 4063 1287 4070 '

159 4143 234 4204 Luc.
253 4149 281 4210 8.
318 4143 389 4220 Ipse
406 4163 472 4202 vem
490 4141 604 4202 sciebat.
643 4137 677 4202 Si
695 4163 798 4204 rerum
818 4139 890 4200 dicit
908 4135 1088 4212 Matthaeus,
1118 4135 1214 4216 palam

81 4241 223 4282 sermone
243 4240 296 4280 suo
316 4219 519 4300 prodiderant,
540 4219 609 4300 quid
626 4219 770 4280 haherent
788 4217 819 4276 in
839 4215 946 4276 animo.
985 4213 1055 4273 Non
1076 4224 1151 4296 ergo
1169 4226 1214 4274 ta-

83 4296 161 4357 citae
192 4317 296 4358 eomm
325 4295 516 4378 cogitationi,
544 4296 596 4356 sed
625 4296 733 4356 aertis
764 4291 861 4354 verbis
885 4290 1040 4384 respondit
1071 4291 1218 4353 Christus.-

84 4373 147 4436 Sed
166 4385 323 4456 numaque
342 4385 419 4436 stare
439 4383 549 4454 potest,
567 4391 627 4456 quo
667 4371 763 4455 palan
782 4369 899 4453 loquuti
917 4379 994 4446 emt*
1006 4369 1085 4442 etde
1098 4379 1214 4440 secroto

675 4533 679 4548 f
