2756 4838
158 233 217 302 rto
431 205 552 282 suet!
567 216 649 277 xvi.
690 187 824 276 rreum
845 153 1048 276 isaussn‘am.

244 379 349 465 (lot.)
369 376 618 446 Maremxx.
658 373 711 440 2⁰.
733 372 829 438 Tune
850 375 985 440 secessit
1005 369 1048 436 ad
1070 390 1146 436 eum
1166 379 1276 436 mater
1296 367 1333 434 fi-

160 489 279 558 liorum
301 483 467 550 Zebedaei
490 502 561 546 eum
583 477 660 543 filiis
681 479 756 554 suis,
777 475 927 550 adorans,
950 484 986 566 et
1003 484 1119 561 petens
1140 472 1271 561 aliquid
1293 471 1331 537 ab

162 615 214 659 eo.
255 591 306 656 21.
328 583 372 654 'st
393 587 450 653 ille
473 587 551 652 dixit
573 585 615 659 ei,
638 578 819 666 Quidvis?
862 580 916 645 Ait
936 576 1001 652 illi,
1027 577 1109 655 Dic,
1136 588 1173 644 ut
1196 577 1331 644 sedeant

161 697 197 762 bi
219 695 285 760 duo
307 692 367 758 lilii
389 690 460 764 mei,
482 707 564 752 unus
587 685 627 750 ad
651 683 792 750 dextram
813 677 970 760 tua'mAet
992 679 1074 746 alter
1095 680 1139 757 ad
1161 684 1331 760 sinistram,

160 800 195 864 in
217 817 319 881 regno
340 805 408 859 tuo.
443 792 494 858 22.
515 788 732 876 Respondens
745 791 849 850 autem
867 785 956 849 lesus
969 783 1054 862 dixit,
1077 785 1233 864 Nescitis,
1256 785 1330 873 qnid

163 904 294 988 petatis:
321 899 455 985 potestis
477 893 592 960 hibere
615 891 782 979 poculum,
804 885 893 976 quod
916 909 977 972 ego
1002 886 1168 953 bibiturus
1191 911 1280 966 sum,
1301 901 1330 954 et

162 1003 363 1089 baptismate,
384 1021 450 1087 quo
469 1019 529 1083 ego
552 995 710 1082 baptizor,
730 993 908 1078 baptizari?
935 995 1054 1056 Dicunt
1076 994 1126 1068 ei,
1149 991 1331 1060 Possumus.

163 1109 215 1172 23.
237 1106 291 1171 Ait
311 1103 384 1182 illis,
404 1101 560 1168 Poculum
583 1099 713 1186 quidem
726 1119 836 1164 rusum
845 1093 972 1174 bibetis,
994 1107 1027 1160 et
1041 1095 1243 1181 baptismate,
1265 1119 1330 1184 quo

166 1231 227 1297 ego
249 1209 411 1294 baptizor,
432 1200 697 1289 baptizabimini:
725 1199 842 1266 sedere
864 1211 969 1265 autem
999 1199 1039 1264 ad
1062 1199 1202 1264 dextram
1225 1221 1331 1264 meam

166 1327 198 1382 et
219 1316 377 1378 sinistram
397 1329 509 1386 meam,
529 1329 596 1374 non
618 1318 667 1372 est
687 1327 792 1384 meuru
814 1303 902 1382 dare,
922 1299 981 1367 sed
1004 1304 1043 1366 iis
1062 1303 1236 1388 continget,
1257 1304 1331 1387 qui·

165 1418 227 1484 bus
248 1413 392 1504 paratum
416 1423 463 1478 est
484 1435 503 1477 a
524 1411 619 1477 Patre
640 1431 724 1475 aueo.

249 1581 389 1650 Marte.
410 1582 449 1646 X.
490 1581 540 1646 35.
562 1579 603 1644 Et
617 1525 784 1648 ‘accedunt
810 1573 851 1640 ad
874 1595 945 1640 eum
968 1574 1106 1642 lacobus
1129 1587 1163 1642 et
1185 1547 1331 1654 loannes,

164 1687 227 1756 lilii
249 1685 422 1761 Zebedaei,
443 1682 603 1761 dieentes,
623 1685 837 1769 Praeceptor,
857 1679 1020 1760 volumus,
1040 1691 1076 1744 ut
1096 1681 1258 1767 quiequid
1280 1703 1331 1766 pe-

79 1771 86 1782 ’
166 1792 325 1861 flerimus,
350 1787 449 1852 iacias
471 1784 578 1853 uobis.
619 1789 671 1852 36.
701 1785 761 1852 llle
782 1807 863 1850 vero
886 1784 964 1850 dixit
986 1787 1046 1862 eis,
1075 1781 1169 1868 Quid
1192 1805 1247 1848 me
1269 1781 1332 1848 rul-

165 1894 206 1956 tis
234 1891 342 1954 lacero
368 1888 481 1954 vobis?
527 1891 578 1954 37.
608 1887 659 1953 llli
679 1911 760 1957 vero
782 1889 948 1968 dixerunt,
972 1888 1024 1952 Da
1046 1885 1159 1962 nobis,
1189 1898 1226 1952 ut
1254 1908 1330 1950 unns

165 2017 185 2059 a
213 1991 324 2058 dextra
350 2001 419 2067 tua,
446 2003 480 2057 et
505 1990 587 2056 alter
616 2015 634 2058 a
661 1995 789 2058 sinistra
815 2003 870 2059 tua
896 1991 1065 2058 sedeamus
1087 1993 1122 2055 in
1144 1987 1254 2074 gloria
1275 2001 1329 2056 tua

26 2159 34 2166 .
92 2104 94 2112 '
166 2098 218 2170 38,
245 2097 333 2160 lesus
355 2105 459 2159 autem
482 2093 561 2162 dixit
581 2094 662 2176 illis,
689 2097 842 2175 Nescitis,
870 2096 948 2184 quid
969 2097 1099 2183 petatis:
1127 2099 1268 2180 potestis
1287 2093 1330 2157 hi-

24 2260 34 2276 ,
165 2200 248 2267 bere
270 2197 440 2286 poculum,
468 2197 557 2286 quod
580 2221 640 2284 ego
660 2197 757 2279 hibo,
779 2210 811 2265 et
831 2198 1035 2286 baptismate,
1055 2219 1124 2286 quo
1146 2217 1211 2282 ego
1235 2193 1331 2284 bapti-

168 2303 443 2390 conbaptizati?
485 2305 538 2369 39.
565 2307 609 2368 At
634 2303 683 2370 illi
705 2303 857 2371 dixerunt
878 2307 920 2382 ei,
940 2306 1124 2371 Possumus.
1167 2301 1261 2366 lesus
1280 2323 1331 2365 au·

166 2421 233 2476 tem
262 2407 340 2474 dixit
366 2405 447 2485 illis,
473 2405 631 2494 Pacuium
652 2407 798 2493 quidem,
823 2407 911 2494 quod
935 2429 996 2493 ego
1018 2403 1116 2484 bibo,
1141 2401 1278 2484 bibetis,
1303 2414 1331 2468 et

135 2597 137 2608 ,
169 2511 371 2598 baptismate,
388 2531 454 2600 quo
468 2533 528 2598 ego
540 2510 698 2597 baptizor,
716 2509 970 2596 baptizabimini.
1009 2511 1059 2576 to.
1082 2507 1208 2575 Sedere
1232 2519 1330 2574 auten

170 2639 189 2682 a
211 2617 329 2684 dextris
348 2619 426 2680 meis
449 2627 481 2682 et
502 2637 520 2680 a
541 2618 677 2681 sinistris
697 2619 791 2696 meis,
811 2637 879 2682 non
901 2621 948 2682 est
968 2634 1075 2679 meum
1097 2611 1196 2688 dare,
1218 2614 1277 2679 sed
1297 2615 1333 2676 iis

130 2769 142 2810 Ι,
168 2723 342 2806 continget,
363 2719 482 2806 quibus
502 2731 647 2806 paratum
671 2729 727 2785 est.

149 2857 168 2896 ⁰
248 2885 331 2944 llaec
351 2883 473 2943 historia
491 2883 603 2945 illustre
620 2884 755 2944 continet
766 2885 917 2966 speculum
927 2885 1071 2946 humanae
1084 2883 1232 2944 vanitatis.
1271 2883 1331 2942 Do·

172 2973 222 3023 cet
240 2961 335 3033 enirn,
358 2971 442 3019 recto
462 2961 573 3040 pioque
594 2961 658 3022 selo
680 2961 870 3042 ambitionem
892 2983 978 3044 saepe
999 2981 1061 3022 esse
1080 2961 1273 3050 implicitam,
1291 2959 1331 3022 rel

172 3037 250 3098 aliud
264 3037 358 3096 earnis
370 3035 482 3111 vitium,
502 3049 534 3096 ut
554 3039 605 3117 qui
624 3050 788 3117 sequuntur
808 3038 958 3100 Christum
979 3038 1037 3099 alio
1056 3037 1231 3130 respiciant,
1252 3057 1330 3116 quam

172 3124 303 3193 oportet.
340 3111 437 3172 Porro
459 3135 474 3172 a
494 3135 587 3196 scopo
607 3134 762 3197 perperam
782 3115 931 3190 aberrant,
951 3115 1081 3197 quinne
1101 3135 1169 3196 rpso
1187 3135 1252 3174 non
1264 3133 1332 3174 con-

171 3190 248 3250 ten'ti
269 3189 326 3249 hoc
345 3188 392 3249 vel
411 3188 484 3248 illud
504 3203 649 3271 quaerunt
670 3203 749 3251 extra
769 3212 835 3251 eum
851 3191 952 3254 eteius
963 3192 1184 3273 promissiones.
1217 3192 1331 3252 Nersa-

171 3266 208 3326 tis
230 3276 274 3325 est
293 3264 378 3324 initio
399 3266 527 3326 animum
547 3267 720 3348 simpliciter
740 3267 776 3328 ad
797 3267 946 3330 Christum
966 3269 1108 3346 adiicere,
1128 3268 1186 3328 nisi
1207 3267 1332 3328 eiusdem

171 3362 289 3424 semper
308 3353 426 3402 maneat
444 3343 578 3423 puritatis
598 3357 696 3420 tenor,
717 3345 782 3425 quia
803 3365 891 3427 saepe
911 3347 942 3406 iu
961 3345 1058 3406 merliu
1080 3367 1169 3406 cursu
1187 3343 1333 3424 obrepunt

171 3419 272 3480 vitiosi
292 3417 425 3495 allectus,
446 3419 551 3556 puihus
564 3422 594 3480 in
606 3422 759 3502 obliquum
771 3419 973 3484 abstrahimur.
1012 3423 1106 3484 Sicuti
1125 3421 1269 3487 credibile
1285 3431 1333 3488 est,

172 3499 247 3559 duos
267 3495 414 3558 Zebedaei
433 3497 509 3557 liius
528 3497 642 3560 sincere
661 3499 787 3579 primum
802 3499 923 3562 Christo
944 3521 1055 3566 nornen
1075 3499 1201 3572 dedisse,
1222 3495 1332 3558 sedebi

172 3575 252 3667 apud
272 3595 338 3634 eum
358 3597 388 3636 se
409 3595 470 3637 non
490 3569 604 3658 bulgari
624 3576 717 3668 gratia
732 3576 845 3655 pollere
857 3578 968 3650 vident,
988 3589 1018 3637 et
1031 3575 1251 3656 audiuutregni
1262 3593 1333 3650 pro-

171 3651 277 3734 pinqui
290 3651 353 3711 lieri
366 3653 558 3728 mentionem,
578 3665 673 3713 statam
695 3653 730 3712 ad
751 3673 869 3732 pravam
890 3655 1077 3734 cupiditatem
1099 3653 1233 3713 feruntur
1250 3649 1333 3784 ipso-

172 3751 238 3788 rum
250 3727 348 3804 animi,
368 3729 506 3810 ipsosque
526 3729 688 3790 liberaliter
707 3731 738 3789 in
759 3731 860 3791 officio
880 3751 1001 3790 manere
1021 3731 1112 3810 piget.
1150 3727 1248 3788 lloesi
1280 3745 1333 3784 uo·

173 3805 228 3866 hus
247 3807 364 3866 summis
385 3807 456 3868 disci
478 3806 532 3868 ulis
553 3808 654 3867 contin
678 3805 717 3881 it,
742 3825 829 3886 quam
848 3806 975 3868 sollicite
995 3806 1145 3867 ambulare
1166 3826 1222 3864 nos
1243 3803 1334 3872 decet,

137 3959 142 3964 ι
173 3883 334 3946 siareeta
354 3829 475 3944 linead
657 3828 680 3942 gl

174 3960 292 4020 occasio
312 3979 343 4021 sc
365 3961 470 4036 ollert,
491 3961 651 4020 cavendum
671 3981 709 4020 ne
730 3961 878 4022 honorum
899 3983 935 4021 eu
957 3962 1040 4021 iditas
1060 3958 1179 4040 pietatis
1194 3955 1333 4016 'allectum

171 4035 293 4095 inficiat
333 4035 491 4099 Caeterum
505 4057 670 4117 quanquam
681 4037 711 4096 in
723 4037 820 4098 verbis
841 3983 976 4098 nonnihil
993 4037 1086 4096 disere
1110 4044 1163 4096 ant
1174 4034 1334 4094 Matthaeus

175 4121 207 4168 et
225 4111 355 4190 Marcus,
380 4116 411 4175 in
433 4114 475 4174 rei
495 4126 594 4174 tamen
613 4133 724 4174 summa
744 4113 935 4174 conveniunt.
973 4113 1058 4174 Dicit
1110 4112 1262 4183 atthaeus,
1286 4129 1332 4168 vc-

173 4185 252 4246 nisse
270 4209 390 4251 uxorem
411 4191 570 4266 Zebedaei,
590 4201 621 4251 et
641 4190 706 4250 liliis
726 4192 941 4270 postulassent
982 4190 1047 4249 rimi
1067 4191 1096 4250 in
1118 4207 1215 4270 regno
1230 4183 1333 4272 Christi

173 4261 320 4324 sederent
359 4269 474 4328 Marcus
494 4269 572 4347 ipsos
592 4279 732 4350 rogantes
751 4267 873 4329 inducit.
913 4211 979 4328 Sed
997 4263 1154 4346 probabile
1182 4277 1243 4338 est,
1273 4281 1333 4340 qma

175 4337 234 4399 illis
255 4340 391 4404 obstabat
409 4344 517 4424 pudor,
534 4356 658 4406 maheru
671 4355 765 4406 astute
779 4345 868 4408 luisse
880 4343 1095 4426 interpositam,
1115 4361 1193 4423 quae
1205 4337 1334 4402 audacius

472 3885 608 3944 ellectcre
629 3905 669 3944 uo
683 3905 774 3943 umus.
813 3885 988 3944 Praesertim
1006 3883 1057 3943 uhi
1070 3880 1234 3962 plausibilis
1243 3879 1334 3958 aliqua
