2814 4846
358 146 365 179 l

267 269 436 348 (110-11.
473 267 523 331 De
541 289 635 352 grano
654 267 777 349 sinapis,
797 269 945 331 fermento
964 270 1037 349 etc)
1190 277 1231 351 19

59 423 155 496 bant,
179 421 249 502 quia
269 441 331 482 uon
351 421 449 482 statim
469 419 577 482 laboris
597 423 708 484 tructus
728 434 859 502 apparet.
906 422 989 505 Ergo
1007 421 1066 482 illis
1085 419 1230 503 agricolas

59 501 100 560 arl
123 499 296 560 imitandum
317 499 471 579 proponit,
491 500 540 580 qui
559 499 613 560 sub
633 521 686 580 spe
701 502 833 575 metendi
849 520 948 560 semen
969 501 1001 558 in
1018 499 1229 580 terramproii-

60 576 157 650 ciunt,
177 595 275 654 neque
296 576 378 634 anxia
398 576 600 656 inquietudine
618 584 805 656 torquentur,
824 577 875 636 sed
892 586 963 636 eunt
979 574 1110 636 cubitum
1127 587 1230 638 etsur-

59 664 154 734 gunt,
179 651 239 712 hoc
260 663 319 726 est,
345 672 400 730 pro
420 673 503 712 morc
523 653 630 750 intenti
649 664 717 713 sunt
737 654 910 732 quotidiano
930 651 1042 727 labori,
1072 663 1152 712 etse
1171 672 1230 712 uo-

59 741 166 790 tturna
185 727 286 806 quiete
296 727 441 803 reficiunt,
461 731 557 790 donec
577 729 694 790 undem
713 747 767 790 suo
791 741 927 810 tempore
943 736 1119 790 maturescat
1134 747 1229 809 seges.

60 807 146 888 Ergo
168 805 301 884 quamvis
313 804 406 866 Verbi
423 826 523 866 semen
541 808 577 867 ad
588 819 701 887 tempus
720 806 896 867 suffocatum
917 805 1016 880 lateat,
1034 803 1118 864 iubet
1131 815 1231 866 tamen

63 879 200 972 Christqs
218 879 305 941 bono
326 882 424 942 animo
445 903 507 944 esse
528 884 592 964 pios
612 885 760 960 doctores,
779 905 817 944 ne
838 881 999 944 dilbdcntia
1017 881 1074 942 illis
1093 879 1231 942 alacrita-

61 970 122 1018 tem
141 969 265 1018 minuat.

138 1032 247 1094 blatth.
267 1040 315 1100 st.
357 1034 446 1096 Haec
463 1035 598 1097 ommni
670 1049 716 1097 tus
739 1051 788 1097 est.
838 1037 1015 1116 Quanquam
1045 1033 1153 1096 diserte
1178 1054 1229 1095 cx·

63 1111 165 1192 primit
184 1112 313 1180 hlarcus,
333 1108 487 1203 loquutum
509 1133 570 1174 esse
591 1111 615 1172 C
640 1113 740 1174 ristum
761 1125 850 1194 prout
870 1113 970 1173 audire
990 1123 1139 1194 poterant,
1157 1105 1231 1173 mihi

62 1199 162 1248 tamen
183 1186 341 1268 probabile
360 1187 490 1266 videtur,
521 1209 584 1249 non
604 1200 662 1248 tam
683 1189 809 1250 docendi
830 1188 1123 1249 consilio'continuis
1143 1209 1230 1270 para·

64 1265 141 1325 bolis
162 1286 247 1324 usum
268 1263 366 1339 tuisse,
387 1285 472 1346 quam
493 1277 526 1326 ut
545 1276 674 1324 attentos
693 1267 832 1326 redderet
850 1265 999 1326 auditores
1018 1265 1048 1324 iu
1063 1263 1141 1323 aliud
1151 1275 1229 1326 tem·

63 1363 115 1422 pus
135 1341 231 1424 magis
251 1341 400 1406 idoneum.
440 1341 503 1403 Cur
529 1342 607 1404 enim
631 1363 761 1402 seorsum
786 1339 934 1422 discipulis
959 1341 1022 1402 illas
1045 1337 1241 1420 familiariter⁴

63 1417 219 1509 exposuit?
256 1417 304 1476 An
335 1418 415 1498 quod
447 1419 511 1499 ipso
536 1418 626 1499 vulgo
652 1417 786 1479 rudiores
811 1415 928 1479 sorentl
966 1419 1032 1478 Imo
1056 1434 1129 1476 vero
1160 1417 1230 1496 quia
1285 1453 1289 1466 ·

62 1494 152 1554 ammi
171 1494 217 1554 sui
237 1514 351 1554 sensum
372 1495 450 1575 apud
470 1516 521 1556 eos
542 1493 725 1556 familiariter
744 1497 894 1576 deponere
914 1492 1018 1568 voluit,
1036 1492 1110 1552 alios
1131 1505 1229 1554 autern

61 1571 233 1651 relinquere
257 1591 429 1651 suspensos,
458 1573 553 1633 donec
577 1571 721 1632 maturior
745 1572 952 1653 opportunitas
976 1570 1101 1630 veniret.
1145 1569 1230 1652 Haec

61 1649 142 1708 enim
163 1647 307 1727 quaedam
326 1647 421 1708 solum
441 1648 560 1710 luerunt
576 1649 731 1730 Evangelii
771 1647 911 1722 melodia,
929 1648 1010 1708 cuius
1030 1646 1149 1725 plenior
1167 1646 1229 1707 ela-

61 1723 131 1784 ritas
159 1735 192 1784 et
216 1721 415 1807 promulgatio
439 1725 470 1784 in
502 1748 585 1786 suum
610 1737 669 1785 tem
694 1749 725 1786 us
750 1671 954 1785 differebatur.
998 1721 1099 1783 ,Facile
1130 1734 1229 1784 autem

62 1800 185 1860 diluitur
203 1821 278 1880 repu
302 1801 418 1861 nautiae
437 1803 548 1882 species
569 1803 649 1864 inter
669 1747 877 1862 locutatthaei
897 1801 1005 1861 dictum
1019 1810 1051 1858 et
1059 1797 1229 1860 vaticinium

62 1875 191 1952 lesaiae,
217 1819 300 1955 quod
322 1877 412 1970 paulo
432 1890 501 1939 ante
520 1880 677 1940 adductum
696 1875 760 1938 luit.
804 1877 946 1952 Quamvis
970 1877 1049 1938 enim
1073 1876 1228 1938 doctrinae

62 1953 158 2014 lucem
178 1952 350 2014 subduxerit
368 1953 514 2036 reprobis,
534 1956 591 2017 boc
604 1971 777 2017 tamennon
789 1955 896 2029 obstat,
917 1953 988 2034 quin
1006 1973 1037 2014 se
1058 1973 1228 2014 accommo·

60 2029 176 2090 daverit
196 2030 233 2090 ad
253 2051 355 2090 eorum
376 2044 510 2112 captum,
540 2044 572 2091 ut
595 2035 675 2113 ipsos
700 2032 839 2093 redderet
862 2029 1081 2091 inexcusabiles.
1121 2029 1227 2090 Genus

61 2128 136 2198 ergo
162 2091 300 2168 docendi
316 2119 455 2188 sequutus
481 2121 525 2169 est
551 2121 651 2244 apltum
676 2121 707 2169 et
730 2129 895 2192 congruum
914 2105 1112 2182 auditoribus,
1151 2111 1228 2186 quoa
1307 2109 1310 2116 ⁴

59 2181 173 2244 screbat
191 2183 325 2243 nondum
343 2185 413 2244 satis
433 2195 495 2245 esse
515 2185 551 2246 ad
592 2186 741 2246 iscendum
783 2196 889 2244 aratos.
1249 2201 1256 2216 ·

134 2266 184 2326 35.
229 2259 269 2318 Ut
286 2261 482 2337 compleretur.
521 2263 590 2326 Non
611 2260 751 2344 intelligit
802 2259 948 2333 atthaeus,
968 2257 1116 2319 Psalmum
1138 2277 1227 2337 quem

61 2337 132 2396 citat
152 2335 302 2418 peculiare
323 2357 384 2397 csse
404 2338 441 2399 de
452 2336 571 2398 Christo
589 2337 769 2415 vaticinium,
786 2336 837 2396 sed
859 2335 1104 2416 quemadmodum
1122 2335 1228 2396 enituit

62 2413 188 2492 Spiritus
213 2413 347 2473 maiestas
366 2413 397 2474 in
416 2433 554 2474 sermone
578 2412 761 2493 Prophetae,
786 2413 891 2474 eodem
915 2412 1007 2470 modo
1030 2411 1089 2470 rim
1114 2411 1175 2473 eius
1195 2411 1227 2470 iu

62 2511 199 2550 sermone
222 2489 332 2551 Christi
357 2489 445 2552 luisse
473 2511 645 2571 expressam.
692 2490 842 2570 Propheta
867 2487 927 2546 illic
953 2488 989 2546 de
1015 2484 1137 2548 loedere
1155 2487 1228 2562 Dei,

62 2587 121 2644 quo
142 2585 245 2626 semen
255 2565 392 2626 Abrabae
411 2567 572 2648 adoptavit,
591 2564 710 2626 assiduis
730 2585 800 2645 erga
818 2562 961 2643 populum
973 2562 1053 2622 illum
1066 2562 1229 2637 beneficiis,

61 2653 184 2723 totaque
202 2641 353 2702 Ecclesiae
374 2642 590 2726 gubernatione
609 2641 700 2703 verba
720 2639 863 2720 tacturus,
886 2637 1042 2720 magnifice
1067 2639 1230 2721 praelatus,

61 2719 201 2800 hperiam
221 2717 253 2778 in
273 2719 421 2800 parabolis
441 2742 474 2781 os
494 2741 591 2780 meum
610 2718 701 2796 (Psal.
716 2725 765 2792 68,
784 2718 840 2795 2.),
860 2716 917 2776 boc
937 2726 990 2788 est,
1010 2734 1071 2776 uon
1092 2714 1227 2775 tractabo

61 2796 140 2856 leves
161 2815 272 2878 nugas,
304 2797 355 2856 aad
380 2795 416 2858 de
443 2796 530 2858 rebus
555 2795 678 2856 maxime
702 2793 784 2855 seriis
809 2791 939 2874 graviter
957 2791 1104 2852 disseram.
1142 2786 1228 2851 Idem

62 2893 115 2964 per
133 2872 302 2952 aenigmata
322 2893 442 2952 quoquo
460 2873 483 2932 si
506 2873 617 2934 nificat:
638 2883 682 2932 est
694 2872 771 2942 enim
783 2868 922 2961 repetitio
933 2868 1001 2928 satis
1014 2867 1082 2929 trita
1101 2865 1228 2930 inPsal-

61 2971 131 3024 mas,
158 2969 227 3008 nam
247 2948 344 3015 mbos
363 2961 473 3013 vocant
523 2945 624 3010 ebraei
643 2959 891 3029 comparationes:
911 2945 1018 3004 deinde
1038 2965 1149 3006 nomeu
1169 2945 1229 3006 boe
1316 2945 1324 2958 '

61 3031 246 3092 transierunt
262 3032 298 3090 ad
318 3051 422 3112 graves
442 3030 612 3107 sententias,
633 3028 700 3120 quia
711 3026 914 3089 similitudines
933 3026 1106 3116 plerumque
1125 3023 1228 3104 splen-

62 3108 164 3169 dorem
184 3118 217 3167 et
236 3118 375 3170 ornatum
392 3107 521 3178 orationi
540 3105 709 3170 concibant.
747 3125 834 3175 mam
855 3125 934 3164 nuuc
951 3113 1126 3185 aenigmata,
1146 3121 1227 3164 nuuc

60 3190 314 3273 apophthegmata
340 3189 503 3250 nominant.
541 3189 605 3249 Etsi
626 3201 722 3248 autem
742 3187 858 3248 videtur
876 3185 1040 3245 Matthaeus
1065 3185 1102 3246 ad
1122 3204 1227 3246 vocem

55 3266 220 3344 maome
239 3267 386 3343 alludere,
415 3287 477 3327 uon
504 3277 603 3326 tamen
629 3264 749 3325 dubium
770 3275 815 3323 est
834 3263 904 3343 quin
923 3262 1045 3336 sentiat,
1077 3262 1229 3323 Christum

62 3346 187 3436 figurate
207 3343 362 3424 loquutum
383 3364 457 3419 esse,
476 3353 509 3402 ut
526 3343 589 3423 ipsa
602 3341 738 3402 dictionis
750 3339 846 3401 forma
857 3338 969 3420 vulgari
981 3359 1117 3403 sermone
1126 3338 1227 3418 splen·
1260 3394 1267 3406 ,

62 3421 162 3482 drdior
181 3419 290 3499 aliquid
315 3419 343 3479 di
387 3421 464 3480 itatis
484 3431 515 3480 et
532 3417 673 3498 ponderis
692 3417 824 3478 afferret.
862 3413 953 3476 Certe
973 3414 1126 3494 impletum
1146 3415 1229 3493 dicit,

60 3497 145 3577 quod
166 3497 291 3556 habetur
309 3440 483 3558 inibalmo:
505 3495 573 3576 quia
591 3494 740 3577 allegoriis
761 3505 792 3552 et
803 3491 901 3574 liguris
911 3487 1073 3566 admonuit,
1094 3492 1131 3551 de
1144 3511 1228 3550 arca·

62 3575 105 3634 nis
126 3573 188 3634 Dei
211 3573 356 3654 mysteriis
380 3594 412 3633 se
437 3584 577 3646 tractare,
607 3592 645 3631 ne
669 3569 824 3631 vilesceret
848 3567 992 3628 doctrina.
1034 3567 1132 3627 Porro
1158 3565 1228 3626 binc
1269 3635 1283 3646 g

63 3649 246 3732 colligimus,
280 3649 352 3708 nihil
372 3670 435 3710 esse
455 3648 588 3724 absurdi,
613 3649 694 3728 quod
713 3645 744 3706 in
765 3647 895 3707 diversos
916 3643 988 3704 fines
1009 3641 1160 3703 obscurius
1180 3639 1227 3700 lo·

85 3737 172 3786 uutus
191 3726 231 3786 sit
249 3726 285 3785 ad
306 3723 436 3806 plebem.
476 3724 616 3799 Quamvis
642 3724 720 3784 euim
745 3721 891 3802 reprobos
916 3720 1012 3780 celare
1037 3716 1127 3778 vellet
1146 3715 1228 3806 quod

63 3747 196 3875 dicebat,
229 3802 311 3862 dedit
330 3814 428 3862 tamen
448 3821 583 3882 operam,
602 3813 636 3860 ut
652 3801 751 3862 verbis
769 3797 828 3860 auis
847 3796 978 3860 coeleste
997 3793 1108 3873 aliquid
1127 3813 1162 3854 ac
1181 3791 1227 3852 dt-

63 3879 163 3940 vinum
184 3875 305 3939 subesse
326 3879 414 3939 etiam
433 3878 551 3938 attoniti
569 3877 722 3938 sentirent.

136 3954 210 4014 Luc.
231 3961 279 4019 22.
316 3955 509 4038 Iterfoct'ens
524 3953 767 4033 Hierosolymam.
807 3951 955 4012 Incertum
976 3957 1029 4020 est,
1049 3946 1228 4026 loquatume

62 4029 154 4092 butas
176 4031 214 4091 de
226 4051 285 4090 uua
295 4043 408 4092 tautum
420 4031 617 4113 profectione,
637 4051 673 4090 an
686 4029 842 4110 intelligat,
861 4048 951 4107 quum
963 4022 1127 4114 ambularet
1137 4019 1228 4094 Chri,-

61 4119 120 4242 qqus
139 4128 202 4244 perl
215 4098 365 4184 Iudaeam,
385 4107 562 4246 etdsingulqp
583 4118 692 4244 parteq³
701 4105 838 4195 docendo
858 4095 1228 4238 iusuffiiflifflsaftessl'

62 4195 965 4347 ..¹5:2⁸2littttttitshtttt...atttttthff..
983 4273 1043 4334 q..
1063 4251 1228 4314 rrum...

61 4335 115 4399 ribi
130 4360 148 4400 a
161 4337 253 4400 Patre
272 4359 376 4402 munus
396 4339 481 4404 obire
500 4336 613 4420 coepit.
651 4337 753 4414 Quare
772 4345 806 4397 ut
824 4329 1154 4474 posterius2mpmhrum
1173 4347 1228 4390 co·
