2790 4838
111 213 165 276 m
441 201 594 268 SECTIO
615 205 684 266 vn.
723 207 912 270 tdmacum.
1052 251 1061 289 ,

111 363 179 424 dura
199 369 230 422 et
247 359 352 423 unere
372 367 448 420 esset
467 357 607 418 comitum
628 359 690 420 eius
703 359 857 424 conditio?
877 361 1055 422 Tenendum
1074 359 1250 435 esttuisse

111 437 249 512 scribam,
279 436 330 518 qui
352 435 429 496 vitae
455 435 571 526 quietae
595 446 625 496 et
649 439 824 498 commodae
848 450 976 500 assuetus
996 448 1191 530 versatusque
1215 440 1249 498 in

111 517 223 585 honore
243 511 437 594 probrorum,
469 512 604 592 inopiae,
634 514 897 593 persequutionum
918 525 948 573 et
968 515 1061 576 crucis
1082 525 1249 594 rmpatrens

111 591 216 652 fuisset.
255 587 327 648 Vult
345 587 462 667 quidem
482 588 528 648 hic
542 586 691 648 Christmn
710 591 804 669 sequi,
822 591 874 652 sed
894 589 1014 650 mollem
1034 601 1065 651 et
1084 611 1249 650 amoenam

111 668 193 740 riam,
213 676 243 728 et
262 663 387 744 hospitia
407 663 494 724 bonis
515 664 652 726 omuibus
671 665 780 726 referta
799 667 936 741 somniat,
957 689 1045 746 quum
1064 687 1121 747 per
1140 667 1248 748 spinas

111 741 314 806 ambulandum
338 741 378 802 sit
397 739 507 800 Christi
528 741 692 822 discipulis,
725 755 756 802 et
795 765 828 803 cr
847 744 1003 804 continuas
1028 753 1187 804 aerumnas
1207 744 1248 804 ad

111 829 222 882 erucem
242 817 433 954 pergendum.
472 819 554 900 Ergo
579 839 639 908 quo
659 839 704 878 ma
729 819 736 834 ⁸
770 765 907 893 listinae,
941 841 977 879 eo
1003 820 1099 882 minus
1114 832 1247 956 paratus

111 909 157 958 est.
195 895 285 955 Perin
308 915 324 954 e
344 893 422 954 enim
442 893 513 954 iacit
532 915 590 956 acar
611 894 641 954 in
662 917 711 956 um
735 917 766 955 ra
787 907 817 956 et
835 895 964 972 deliciis,
994 895 1058 956 sine
1078 919 1111 956 sn
1135 916 1190 956 ore
1213 908 1246 956 et

111 971 236 1054 pulvere,
256 981 334 1030 extra
354 970 481 1032 telorum
501 971 608 1031 iactum
626 971 752 1033 militare
771 972 869 1032 vellet
908 973 997 1034 Tales
1017 971 1171 1034 aChristo
1192 993 1245 1032 re-

111 1047 220 1130 pudiari
239 1047 344 1106 mirum
364 1065 426 1106 non
447 1058 506 1121 est,
538 1047 604 1139 quia
624 1049 709 1110 sicuti
728 1060 839 1126 temere
865 1048 1045 1128 irrumpunt,
1075 1049 1117 1109 ita
1166 1049 1244 1109 rima

111 1145 222 1204 quaque
240 1123 374 1184 molestia
394 1121 489 1196 fracti,
509 1145 606 1215 prmo
625 1145 745 1206 qnoque
765 1126 924 1187 certamine
934 1125 1090 1186 exanimati
1102 1069 1244 1186 hellerunt

111 1203 228 1293 pedem,
266 1212 297 1260 et
320 1198 418 1260 locum
442 1209 569 1280 turputer
584 1202 739 1262 deserunt.
796 1201 881 1264 Adde
909 1205 989 1281 quod
1015 1202 1113 1262 locum
1140 1202 1242 1262 scriba

111 1289 158 1360 ste
179 1278 256 1370 apud
277 1275 424 1338 Christum
453 1297 594 1356 quaerere
618 1279 732 1358 potuit,
763 1290 797 1338 ut
822 1299 857 1340 ex
883 1278 945 1340 eius
968 1299 1068 1339 mensa
1094 1279 1187 1360 gratis
1210 1290 1244 1338 et

114 1367 181 1414 aute
201 1377 233 1414 ιιι
253 1353 317 1412 otio
337 1363 513 1432 pasceretur.
553 1354 655 1429 Quare
674 1355 808 1430 sciamus,
826 1355 857 1415 in
878 1355 941 1417 eius
960 1374 1088 1436 persona
1102 1374 1242 1414 nosmo·

111 1431 167 1492 seri
187 1449 301 1504 omnes,
320 1448 357 1489 ne
376 1440 488 1489 temere
508 1441 539 1489 et
556 1449 659 1490 secure
677 1432 834 1508 iactemua,
853 1452 908 1492 nos
923 1431 993 1494 fore
1015 1430 1127 1498 Christi
1148 1431 1241 1490 disci-

111 1507 188 1568 rulos
214 1507 251 1568 de
277 1525 364 1568 cruce
389 1517 419 1565 et
442 1507 587 1566 aerumnis
613 1506 687 1567 nihil
713 1509 892 1590 cogitantes:
933 1507 1003 1588 quin
1034 1507 1134 1586 potius
1166 1520 1241 1568 ante

111 1581 217 1665 {empus
236 1582 426 1656 meditemur,
457 1582 550 1660 qualis
572 1603 627 1643 nos
651 1596 769 1645 maneat
788 1585 931 1646 conditio.
968 1585 1038 1646 Hoc
1058 1583 1139 1642 enim
1158 1583 1238 1645 tiro-

111 1661 182 1722 :iuio
211 1680 266 1721 nos
294 1657 393 1717 initiat
421 1657 452 1716 iu
476 1657 606 1718 scholam
630 1679 727 1736 suam,
765 1672 800 1721 ut
827 1679 882 1722 nos
905 1660 1087 1744 abnegantes
1117 1681 1239 1722 crucem

111 1747 232 1798 tenram
250 1734 395 1795 tollamus.

176 1819 224 1878 20.
268 1809 382 1885 Vulpes
390 1810 502 1890 fouens
519 1808 629 1872 tabam.
666 1811 808 1873 Declarat
818 1813 936 1893 quidem
948 1813 1039 1874 Filius
1051 1813 1122 1889 Dei,
1142 1813 1239 1904 qualis

111 1889 192 1948 'uerit
209 1888 287 1948 vitae
306 1906 375 1946 suae
395 1885 540 1963 conditio,
559 1888 628 1949 dum
648 1887 679 1948 in
694 1890 779 1949 terris
789 1901 919 1950 versatus
940 1904 993 1967 est,
1011 1890 1064 1952 sed
1084 1889 1237 1970 discipulis

111 1966 158 2024 uis
179 1963 315 2024 omuibus
335 1962 523 2042 praescrihit,
551 1965 587 2024 ad
608 1985 695 2046 quam
714 1987 752 2026 se·
765 1967 843 2028 vitae
862 1967 1009 2028 rationem
1029 1966 1159 2028 formare
1181 1969 1236 2028 de-

111 2047 199 2101 reunt
238 2041 345 2102 Mirum
364 2050 463 2100 umen
482 2052 527 2102 est
540 2042 688 2103 Christum
709 2063 831 2124 negare,
848 2043 906 2104 sibi
926 2065 988 2104 esse
1007 2055 1105 2105 terrae
1124 2043 1236 2180 pedem

111 2117 152 2176 rbi
172 2128 260 2198 caput
278 2113 418 2190 reclin'et,
447 2138 535 2196 quum
560 2119 668 2179 multos
692 2118 815 2180 haberet
835 2121 900 2202 pios
924 2120 1059 2182 homines
1079 2132 1110 2180 ct
1150 2142 1237 2180 uma-

111 2216 171 2268 rus,
193 2194 252 2272 'qui
277 2192 405 2253 libenter
430 2197 496 2254 eum
521 2194 650 2276 hospitio
679 2195 857 2276 exciperent.
908 2197 969 2258 sed
994 2197 1157 2258 notandum
1179 2209 1236 2274 est,

110 2271 240 2331 nonendi
260 2291 345 2330 causa
365 2269 422 2328 hoc
444 2289 506 2330 esse
526 2271 654 2346 dictum,
683 2293 722 2331 ne
741 2283 880 2352 tanquam
900 2263 916 2334 h
936 2274 1086 2354 locuplete
1108 2274 1234 2334 domino

111 2348 265 2409 mercedem
290 2367 335 2406 nm
359 2347 414 2406 lum
440 2356 470 2407 et
495 2368 513 2407 o
537 2349 623 2408 imam
648 2369 694 2408 exs
719 2361 797 2412 ectet
820 2349 933 2428 scriba,
974 2372 1063 2431 quum
1095 2350 1234 2412 dominus

111 2445 161 2504 pse
181 2423 315 2504 precario
336 2368 425 2504 legat
444 2423 475 2484 in
496 2369 598 2486 ahenis
616 2369 759 2486 domibus.
975 2468 978 2487 .

175 2507 222 2566 m.
261 2499 455 2594 Etsepeliusn
473 2517 590 2577 paam
606 2523 707 2564 meum.
747 2501 895 2578 Diximus,
925 2496 1051 2564 scribam
1080 2503 1234 2584 repudiari

112 2607 115 2638 ι
136 2577 256 2640 Christo
277 2591 424 2654 comitem,
484 2579 511 2638 ia
530 2578 585 2640 sihi
606 2579 793 2640 commodum
812 2580 889 2640 vitae
909 2601 1002 2676 genus
1021 2579 1060 2639 fin
1085 2581 1164 2642 eudo
1185 2593 1233 2642 te-

112 2675 179 2715 nere
199 2675 229 2715 se
250 2654 412 2746 ingerebat.
482 2656 508 2716 ic
531 2677 623 2730 vero,
654 2678 740 2737 quem
765 2656 875 2716 retinet
895 2657 1044 2749 Christus,
1063 2601 1234 2752 lqhorahat

112 2731 250 2791 :ontrario
270 2731 356 2791 vatio:
395 2735 470 2790 nam'
488 2732 643 2810 quominus
663 2733 810 2813 extemplo
830 2746 948 2814 pareret
968 2731 1090 2794 Christo
1110 2734 1233 2794 vocanti

112 2807 236 2867 ›bstabat
255 2807 303 2866 illa
323 2807 484 2882 infirmitas,
506 2808 585 2886 quod
605 2821 718 2888 patrem
735 2812 874 2880 ¹deserere
895 2812 998 2872 durum
1012 2816 1097 2886 esset,
1118 2831 1151 2870 ac
1163 2831 1232 2872 cre-

112 2882 189 2944 libile
210 2894 254 2943 est
272 2881 548 2943 fuisse'confectum
567 2885 668 2960 senio,
700 2907 788 2965 quum
801 2887 900 2964 dicat,
926 2887 1069 2948 Permitte
1090 2900 1124 2946 ut
1142 2907 1232 2966 sepe-

111 2962 175 3019 iam.
214 2957 288 3020 Nam
315 2958 385 3019 haec
411 2959 547 3038 loquutio
570 2961 753 3038 subindicat,
793 2985 855 3024 non
880 2965 1002 3024 multum
1022 2963 1164 3044 temporis
1185 2964 1233 3026 illi

112 3037 185 3094 uisse
206 3035 362 3094 residuum.
400 3035 499 3096 haeae
518 3059 549 3096 ex
573 3038 667 3114 rimit,
692 3040 800 3100 iussum
825 3040 913 3101 fuisse
938 3063 954 3102 a
975 3039 1096 3102 Christo
1122 3051 1155 3100 ut
1180 3061 1231 3100 se-

112 3123 247 3190 queretur.
290 3111 351 3172 Pro
382 3131 416 3171 eo
450 3113 520 3173 dicit
586 3113 730 3189 metm,
770 3138 860 3176 unum
890 3117 977 3193 fuisse
1008 3138 1042 3176 ex
1067 3117 1230 3198 discipulis.

112 3191 194 3247 'orro
220 3189 406 3248 vocationem
430 3211 492 3252 nou
519 3205 649 3267 recusat,
686 3195 738 3252 sed
763 3206 957 3253 commeatum
977 3193 1034 3252 sibi
1054 3193 1090 3254 ad
1110 3207 1230 3274 tempus

112 3265 160 3324 lari
191 3264 280 3345 petit,
311 3265 379 3326 duur
405 3267 518 3345 pietatis
543 3268 643 3328 officio
670 3269 810 3350 fungatur
834 3291 905 3350 erga
929 3283 1051 3368 paqrem.
1096 3270 1229 3333 Perinde

112 3341 176 3398 nim
195 3339 274 3400 valet
294 3341 354 3401 eius
375 3343 529 3420 exclusatio,
550 3347 607 3404 acsi
627 3342 752 3405 liberum
772 3367 803 3406 se
823 3361 957 3430 negaret,
977 3347 1073 3407 donec
1093 3359 1228 3410 mortuus

115 3430 173 3477 sset
192 3423 283 3497 pater.
324 3419 479 3479 Caeterum
501 3441 534 3480 ex
547 3422 658 3483 Christi
676 3443 819 3502 responso
839 3424 1040 3507 intelligimus,
1058 3423 1101 3483 sic
1122 3423 1227 3486 colen-

112 3499 161 3554 lam
182 3515 244 3555 esse
264 3493 330 3555 filiis
349 3497 486 3576 pietatem
507 3519 577 3580 erga
597 3511 749 3579 parentes,
779 3513 811 3559 ut
836 3521 869 3560 ea
895 3499 1079 3580 posthabita,
1109 3502 1227 3582 quoties

114 3571 154 3631 lio
174 3571 256 3631 Deus
275 3585 378 3646 vocat,
398 3574 522 3654 primum
543 3576 604 3634 eius
625 3577 763 3635 mandato
784 3579 905 3658 gradum
926 3577 1069 3637 tribuant:
1100 3599 1228 3652 cessare,

112 3669 229 3728 uquam,
249 3649 370 3728 oportet
390 3671 578 3730 quaecuuque
599 3651 745 3710 debentur
764 3652 930 3714 hominibus
952 3653 1065 3729 officia,
1094 3654 1146 3714 uhi
1166 3655 1226 3714 sihi

117 3745 215 3804 peram
235 3725 366 3805 impendi
384 3726 567 3787 iubeoDeus.
592 3727 678 3788 Nunc
697 3727 819 3820 siugulis
838 3730 996 3790 videndum
1009 3741 1063 3803 est,
1083 3732 1225 3810 quidnam

113 3802 130 3861 h
151 3803 207 3862 illis
226 3803 358 3880 requirat
376 3803 473 3876 Deus,
504 3815 533 3862 et
558 3805 626 3884 quid
654 3817 772 3864 vocabu
799 3807 846 3866 cui
866 3819 935 3868 suut
953 3807 1063 3868 addicti
1081 3808 1226 3888 postulet,

116 3901 131 3936 e
152 3880 231 3968 ipsos
255 3879 366 3938 terreni
394 3889 531 3958 parentes
553 3881 729 3960 impediant,
768 3885 924 3962 quominus
948 3905 1061 3944 summo
1082 3896 1113 3944 et
1132 3885 1224 3946 unico

113 3976 222 4013 murum
244 3955 325 4014 Patri
344 3977 426 4015 suum
447 3955 492 4015 ius
511 3957 656 4044 integrum
675 3973 801 4018 maneat.

167 4039 215 4096 22.
255 4030 372 4092 Mortui
387 4033 527 4107 sepeliunt
540 4048 676 4094 monens.
716 4037 769 4096 His
789 4035 886 4098 verbis
909 4057 971 4097 non
992 4038 1111 4100 damnat
1132 4037 1224 4098 Chri-

113 4118 151 4163 tus
171 4107 338 4241 sepulturae
359 4109 504 4169 officium:
533 4123 609 4172 esset
628 4113 707 4172 enim
727 4113 847 4173 foedum
868 4126 898 4174 et
918 4115 1062 4189 immane,
1091 4113 1223 4175 abiicere

210 4195 237 4242 ta
258 4197 442 4244 mortuorum
463 4187 615 4264 cadavera,
636 4200 666 4248 et
686 4190 799 4262 scimus,
819 4191 906 4250 ritum
927 4191 1091 4270 sepeliendi
1112 4191 1222 4252 divini·
1245 4201 1253 4218 ·

113 4203 155 4240 asc

113 4279 135 4315 rs
156 4203 242 4320 luisse
261 4261 399 4320 traditum
419 4262 601 4338 hominibus,
632 4278 663 4325 et
680 4267 758 4346 apud
777 4279 894 4327 sanctos
912 4289 966 4328 usu
986 4277 1157 4348 receptum,
1184 4269 1220 4327 ad

113 4353 171 4413 rem
191 4337 310 4396 ultimae
329 4337 550 4400 resurrectionis
570 4343 806 4403 confirmandam.
834 4345 963 4406 Tantum
985 4346 1092 4406 docere
1114 4344 1220 4418 voluit,
