2778 4838
269 207 457 336 (tou-tha.
494 233 545 317 De
564 257 703 320 facilitate
722 262 752 320 io
774 262 988 342 poenitentes.)
1151 275 1208 337 tit

67 426 121 466 nius
133 407 281 487 propensi,
301 407 357 468 nisi
379 411 459 489 quod
478 422 578 471 nostra
598 409 702 472 lenitas
721 414 864 493 peccandi
884 413 940 474 erit
957 413 1116 481 illecebra?
1154 421 1208 478 lii.

65 494 183 565 terrogat
194 484 294 566 igitur,
311 507 348 544 an
361 486 549 565 peccantibus
559 489 674 570 saepius
685 489 840 572 ignoscere
853 491 1023 552 conveniat:
1038 513 1106 552 nam
1118 513 1208 630 quum

66 561 230 638 septenarius
241 583 378 622 numerus
389 583 444 642 pro
461 585 571 645 niagno
591 578 730 641 sumatur,
749 569 920 627 tantundem
940 567 1019 627 valet
1037 570 1124 630 adver
1146 571 1207 632 iiim

64 639 165 710 septies,
186 638 241 697 acsi
262 639 394 713 dixisset,
414 661 567 776 quousque
586 642 720 716 tandem,
739 643 885 715 Domine,
910 656 1064 724 peccantes
1084 646 1115 704 in
1136 667 1206 727 gra-

65 711 122 770 tiaoi
140 713 181 772 ris
200 714 311 794 recipi?
331 737 397 774 nani
418 716 506 778 absur
527 739 573 776 uin
596 730 639 777 est
657 741 690 780 ac
710 719 829 780 minime
845 721 927 797 utile,
946 732 979 780 iit
999 743 1054 782 nos
1074 723 1206 801 placabi-

64 786 98 846 les
115 787 413 871 subinderiipertani.
437 794 529 873 Atqui
544 794 675 855 Christus
696 797 770 856 adeo
791 797 845 857 hac
865 795 1037 856 obiectione
1056 819 1118 858 noir
1138 821 1206 860 iiio-

63 875 143 940 vetur,
161 877 193 925 ut
212 867 319 928 diserte
340 871 489 948 exprimat,
509 871 620 934 nullum
640 872 702 930 fieri
715 872 824 933 debere
837 873 1006 934 remittendi
1019 874 1115 934 finem.
1140 876 1205 936 Ne-

64 961 111 1018 que
130 942 202 1001 enirn
222 957 334 1004 certum
354 966 506 1010 numerum
528 948 729 1027 praescribere
743 950 847 1022 voluit,
867 950 918 1009 sed
938 949 1036 1036 potius
1055 953 1207 1029 mandare,

64 1029 90 1074 iit
106 1039 248 1097 nunquam
269 1021 433 1104 fatigemur.
472 1023 565 1083 Lucas
585 1047 601 1084 a
622 1025 772 1085 bllitthaeo
792 1024 929 1085 nonnihil
949 1027 1110 1106 discrepat,
1136 1031 1206 1108 qula

63 1093 219 1174 simpliciter
234 1094 346 1158 Christi
366 1112 556 1178 praeceptum
575 1101 678 1175 resert,
698 1113 731 1162 ut
748 1103 856 1182 septies
876 1103 1030 1193 ignoscere
1050 1106 1145 1184 parati
1163 1106 1206 1168 si-

62 1189 125 1229 mus:
144 1193 242 1232 sensus
263 1185 361 1234 tamen
382 1177 537 1251 convenit,
557 1189 590 1236 ut
609 1198 671 1237 non
690 1178 781 1238 semel
801 1190 850 1236 aut
869 1178 929 1250 bis,
949 1180 1000 1238 sed
1020 1182 1135 1258 quoties
1154 1203 1204 1242 re-

61 1245 169 1324 sipuerit
187 1240 344 1328 peccator,
364 1251 450 1312 simus
471 1255 508 1312 ad
528 1253 651 1313 dandam
672 1255 785 1314 veniam
807 1255 939 1344 prompti
958 1267 988 1314 et
1008 1254 1116 1317 faciles.
1136 1257 1206 1319 Hoc

61 1333 159 1383 tantuin
179 1327 312 1400 interest,
332 1329 412 1408 quod
433 1329 509 1409 apud
529 1331 709 1390 Matthaenm
730 1330 876 1390 Dominus
896 1323 1017 1390 Petrum
1037 1333 1206 1413 increparis,
1235 1341 1241 1346 '

61 1416 90 1457 eo
109 1403 184 1479 quod
203 1403 289 1463 nimis
308 1405 458 1465 restrictus
478 1405 567 1482 locet,
587 1427 738 1466 numerum
760 1406 953 1486 hyperbolice
971 1429 1007 1465 au
1030 1420 1069 1482 et,
1109 1410 1138 1468 ui
1150 1431 1206 1490 per

60 1493 85 1532 se
102 1477 134 1536 ad
153 1501 289 1538 summam
311 1480 353 1540 rei
374 1482 532 1542 notandam
557 1483 674 1542 suflicit.
712 1485 817 1561 Neque
844 1483 921 1542 enini
941 1428 1067 1566 rogabat
1087 1430 1205 1563 detrus,

59 1569 90 1608 au
106 1555 208 1634 septies
230 1557 404 1632 remitteret,
425 1559 503 1637 quod
524 1557 655 1638 placeret
675 1580 805 1638 eousque
822 1559 974 1640 progredi,
993 1561 1045 1620 sed
1056 1573 1097 1620 ut
1115 1561 1204 1623 obie-

58 1638 96 1686 eta
114 1633 208 1714 magni
229 1633 346 1692 absurdi
367 1635 465 1713 specie
486 1635 636 1697 Christum
656 1657 671 1695 a
691 1636 837 1696 sententia
857 1634 1031 1712 deduceret,
1062 1639 1204 1718 quemad-

57 1706 162 1766 modum
183 1730 280 1790 nuper
299 1709 392 1793 attigi.
419 1713 500 1794 Ergo
522 1713 572 1792 qui
591 1713 698 1792 septies
718 1713 868 1772 remittere
888 1708 1004 1792 paratus
1021 1715 1086 1787 erit,
1107 1717 1144 1775 ad
1153 1737 1204 1776 se-

56 1785 251 1864 ptuagcsimain
262 1799 355 1866 usque
368 1787 514 1860 offensam
526 1789 584 1850 erit
596 1787 755 1870 placabilis.
777 1787 936 1848 Caeterum
950 1809 983 1848 ex
995 1791 1091 1850 verbis
1103 1791 1204 1852 Lucae

56 1854 103 1918 alia
122 1861 213 1922 oritur
235 1864 383 1942 quaestio:
404 1865 472 1943 quia
492 1887 555 1927 non
575 1866 658 1926 iubet
668 1863 801 1926 Christus
822 1867 935 1926 veniam
957 1867 1037 1939 dare,
1057 1868 1112 1928 nisi
1132 1867 1203 1928 dum

56 1932 85 1992 ad
103 1955 153 1996 nos
173 1959 330 2000 conversus
350 1954 491 2021 peccator
510 1943 724 2024 poenitentiam
744 1943 907 2004 testabitur.
930 1943 1004 2002 Nam
1016 1945 1131 2004 videtur
1143 1945 1212 2024 liot:ยน

54 2011 132 2071 nodo
151 2016 208 2075 suis
228 2019 409 2095 permittere,
428 2031 461 2078 ut
480 2019 623 2111 improbis
643 2019 758 2080 veniam
778 2041 811 2080 ac
830 2020 1060 2080 misericordiam
1079 2034 1203 2102 negent.

54 2083 237 2167 llespondeo,
262 2093 395 2154 bilariam
414 2097 526 2156 remitti
546 2108 680 2177 peccata:
710 2097 734 2155 si
755 2096 819 2176 quis
839 2098 974 2156 iniuriam
993 2097 1065 2161 milii
1084 2098 1204 2173 lecerit,

54 2181 102 2252 ego
121 2179 216 2228 autern
237 2169 373 2249 deposito
393 2172 538 2233 vindictae
560 2173 670 2232 aflectu
691 2194 755 2231 euin
776 2193 872 2232 aniore
892 2193 955 2231 non
975 2173 1093 2246 desino,
1128 2174 1203 2252 quin

55 2242 316 2306 etiambeneficiuin
331 2248 466 2326 rependo
478 2247 547 2306 loco
562 2248 700 2306 iniuriae:
722 2249 851 2325 quamvis
866 2249 902 2308 de
922 2246 975 2308 illo
996 2249 1112 2310 sinistre
1130 2267 1203 2308 sen-

54 2313 121 2392 tiam,
139 2334 173 2380 ut
191 2334 333 2398 meretur,
356 2324 506 2392 remittere
526 2335 623 2382 tainen
644 2323 686 2382 illi
707 2324 800 2383 dicor.
838 2325 913 2384 Nam
934 2344 1024 2401 quum
1042 2325 1123 2384 Deus
1145 2326 1203 2384 ho-

54 2390 131 2455 stibus
152 2418 207 2457 nos
228 2396 306 2456 bene
325 2399 401 2458 velle
421 2398 518 2472 iobet,
543 2419 604 2457 non
624 2399 693 2458 ideo
713 2400 848 2478 protinus
869 2399 967 2480 exigit,
987 2411 1019 2458 ut
1034 2399 1202 2490 probemus

53 2463 146 2533 inillis
167 2492 246 2551 quac
265 2474 327 2554 ipsc
347 2474 475 2548 damnat,
494 2475 546 2534 sed
564 2485 677 2534 tantuin
698 2474 810 2536 animos
830 2486 948 2534 nostros
962 2495 1042 2534 omni
1055 2477 1124 2536 odio
1136 2476 1204 2537 vult

54 2561 106 2606 csse
124 2560 277 2632 purgatos.
303 2550 338 2608 In
360 2551 417 2610 hoc
434 2551 661 2632 genereveniae
673 2553 748 2611 adeo
768 2571 830 2610 non
851 2561 896 2610 est
915 2552 1148 2630 exspectandum,
1167 2564 1203 2612 ut

52 2622 93 2698 qui
111 2625 246 2704 peccavit
265 2625 343 2686 ultro
364 2627 400 2686 ad
420 2649 475 2688 nos
494 2628 654 2708 placandos
674 2627 803 2701 accedat,
822 2638 856 2684 ut
875 2647 972 2686 amare
993 2638 1130 2706 oporteat
1149 2629 1201 2706 qui

51 2716 97 2759 nos
116 2703 181 2776 data
203 2721 294 2782 opera
306 2715 496 2783 exasperant,
516 2705 565 2783 qui
584 2702 741 2782 repudiant
760 2703 894 2785 gratiam,
912 2714 1085 2782 veteresque
1099 2703 1202 2763 olien-

49 2792 87 2832 sas
104 2779 190 2838 nohis
209 2780 404 2840 accumulant.
443 2780 579 2841 Secunda
594 2780 764 2839 remittendi
777 2777 889 2870 s'pecies
903 2791 956 2856 est,
977 2801 1065 2871 quum
1086 2779 1125 2839 ita
1138 2779 1201 2840 lra-

49 2857 115 2912 lrem
133 2857 291 2935 recipimus
311 2857 341 2916 iii
361 2857 495 2938 gratiani,
513 2869 547 2918 ut
566 2858 603 2918 de
624 2877 660 2917 eo
681 2869 762 2917 recte
782 2867 949 2931 sentiamus,
968 2877 1114 2936 simusque
1130 2875 1201 2936 per-

50 2930 115 2988 suasi
136 2931 261 2992 deletam
283 2954 382 2994 coram
401 2934 470 2995 Deo
497 2954 559 2994 esse
585 2934 700 3014 peccati
721 2933 781 2994 eius
801 2933 982 2994 memoriam.
1020 2934 1119 3024 Atque
1140 2933 1201 2994 hoe

50 3011 185 3087 estquod
205 3011 286 3090 prius
306 3011 455 3086 admonui,
476 3010 624 3072 Christum
643 3011 690 3071 bic
710 3007 772 3070 non
792 3023 905 3070 tantuin
926 3010 962 3071 de
981 3010 1105 3084 iniuriis,
1124 3030 1204 3089 quae

50 3079 128 3144 uobis
147 3085 246 3148 illatae
266 3087 334 3161 sint,
355 3087 507 3163 disserere,
526 3089 577 3148 sed
592 3089 628 3148 de
641 3088 863 3180 quibuscunque
897 3087 1012 3148 eccatis.
1032 3087 1105 3146 Vult
1121 3087 1201 3148 enim

51 3173 110 3228 eos,
130 3162 179 3241 qui
200 3162 273 3242 lapsi
292 3172 370 3238 sunt,
389 3177 491 3226 nostra
509 3164 709 3225 misericordia
729 3163 828 3224 levari.
869 3107 955 3239 guae
975 3165 1109 3224 doctrina
1128 3163 1201 3224 ideo

49 3233 124 3294 valde
144 3239 307 3300 necessaria
328 3253 381 3316 est,
402 3243 481 3320 quod
495 3253 598 3303 natura
618 3241 875 3320 praetermodum
895 3261 991 3301 sumus
1012 3261 1113 3302 omnes
1133 3243 1200 3302 lere

48 3313 165 3373 morosi:
186 3328 217 3376 et
238 3315 327 3375 Satan
348 3329 500 3396 praetextu
519 3307 681 3378 sevโeritatis
701 3317 737 3376 ad
759 3317 913 3376 immanem
932 3319 1064 3410 rigorem
1076 3339 1131 3380 nos
1143 3320 1200 3378 im-

49 3385 133 3463 pellit,
152 3402 184 3450 ut
196 3392 319 3452 miseros
331 3393 475 3468 homines,
496 3395 600 3473 quihus
613 3393 698 3453 venia
719 3405 854 3484 negatur,
874 3394 989 3454 tristitia
1011 3405 1041 3454 et
1061 3395 1200 3475 desperaฮ

46 3459 86 3520 tio
105 3465 270 3529 absorbeat.
297 3469 356 3530 Sed
369 3469 416 3530 liic
448 3471 578 3531 uaeritur
597 3491 723 3530 rursum:
743 3469 864 3530 simulac
881 3470 977 3531 verbo
1018 3470 1061 3530 nis
1080 3471 1200 3550 profes-

47 3556 88 3596 sus
106 3541 142 3601 sit
161 3545 387 3624 poenitentiam,
407 3491 517 3606 sidesne
530 3545 631 3608 haberi
644 3544 769 3608 debeat?
788 3547 909 3606 Namut
922 3547 980 3636 hoc
1037 3558 1058 3620 t,
1078 3561 1200 3607 necesse

47 3615 97 3674 trit
114 3621 249 3682 volentes
268 3643 301 3682 ac
320 3622 446 3682 scientes
466 3643 574 3683 errare.
611 3623 674 3682 Ubi
695 3623 772 3682 enini
791 3623 1006 3696 critdiscrctio,
1025 3646 1049 3682 si
1069 3624 1105 3682 ad
1126 3643 1199 3683 eenฮ

46 3692 172 3756 tesimeni
192 3719 283 3777 usque
305 3699 415 3759 crimen
436 3698 557 3779 impune
577 3700 671 3778 quivis
691 3699 777 3760 nobis
789 3698 911 3759 illudat?
936 3695 1117 3778 Respondeo
1137 3702 1202 3788 priฮ
1222 3771 1226 3782 ,

47 3785 135 3846 muni,
155 3775 192 3834 de
212 3775 393 3865 quotidianis
414 3775 527 3836 delictis
547 3775 594 3836 hic
614 3775 716 3836 baberi
735 3795 914 3850 sermonem,
932 3775 963 3834 iii
984 3773 1089 3853 quibus
1109 3786 1198 3836 etiam

48 3846 168 3922 optimus
208 3851 416 3942 uisquelrenia
437 3852 560 3934 indiget
587 3852 688 3927 Quum
699 3853 789 3944 igitur
808 3853 839 3911 iii
854 3856 939 3910 tanta
960 3849 1054 3910 carnis
1070 3849 1198 3945 infirmi:

46 3928 100 3982 tate
118 3936 176 3986 tam
189 3873 343 3988 inbutum
361 3927 401 3988 sit
418 3919 505 3987 ntโsbis
525 3929 591 4004 iter,
609 3941 657 3988 tot
675 3929 797 3988 insidiae
818 3926 1008 4006 etimpulsus,
1028 3927 1098 4005 quid
1111 3925 1161 3986 liet
1173 3950 1199 3988 si

47 3995 255 4064 td'secunduin
276 4005 323 4065 vel
344 4003 462 4064 tertium
482 4003 602 4083 lapsum'
614 4005 814 4086 praeciditurs
839 4001 1002 4064 esveniae?
1021 4003 1198 4064 Addendum

47 4085 86 4131 est
103 4081 249 4154 secundo,
269 4081 419 4142 Christum
438 4099 501 4140 non
557 4082 637 4141 ivare
656 4081 764 4142 iudicio
784 4081 803 4140 li
825 4081 896 4154 eles,
917 4090 948 4138 ut
966 4078 1054 4139 stulte
1074 4081 1110 4139 ad
1130 4102 1199 4142 verฮ

46 4144 139 4213 bulum
159 4177 251 4216 unum
271 4157 383 4218 creduli
395 4157 464 4230 sint,
482 4176 513 4216 se
554 4161 673 4217 tantuin*
686 4155 762 4218 velle
781 4176 891 4236 aequos
912 4165 1026 4216 esse'et
1044 4155 1199 4233 humanos,

44 4235 74 4283 ut
92 4231 330 4311 resipiscentibus
341 4255 458 4296 manum
470 4233 635 4315 porrigant,
654 4235 678 4294 si
689 4234 780 4293 modo
792 4243 942 4312 appareat,
961 4231 1040 4312 ipsos
1053 4235 1196 4294 exanimo

25 4301 95 4368 ยนsilii
114 4305 145 4365 in
167 4309 295 4388 peccatis
315 4311 479 4391 displicere.
519 4309 609 4370 Sacra
630 4310 707 4370 enirn
727 4329 774 4371 res
793 4321 838 4369 est
877 4308 1050 4386 oenitentia,
1069 4312 1198 4390 ideoque

42 4391 154 4445 maturo
175 4385 306 4448 examine
327 4405 401 4469 opus
422 4385 523 4450 habeta
555 4387 606 4448 scd
627 4387 742 4467 quoties
762 4329 918 4482 probabile
936 4386 1053 4506 sigpum
1072 4407 1197 4453 conuer-

954 4633 989 4718 โถ.
