2814 4846
154 220 195 282 dd
371 209 487 278 SEGT.
505 210 593 280 xm.
630 224 803 275 cannones
823 223 866 278 ιιι
885 217 1099 274 rumosas.

157 365 325 448 quirerent,
343 365 397 428 sed
415 385 482 428 cum
499 378 566 428 toto
586 385 640 428 suo
658 364 781 441 labore,
799 363 908 440 studio,
927 359 1069 424 industria
1087 360 1125 421 ad
1142 359 1325 443 sanguinem

155 461 250 522 usque
274 441 351 502 luetis
376 455 473 506 essent
496 441 614 504 addicti.
659 443 717 504 llic
741 443 831 504 docet
850 440 1000 514 Christus,
1025 459 1089 498 non
1113 435 1209 497 miuus
1236 449 1325 499 arcto

156 518 303 581 seruitutis
320 518 439 582 vinculo
459 541 514 580 nos
534 539 596 580 esse
615 519 683 582 Deo
703 519 860 581 obstrictos
881 537 914 578 ac
933 516 1100 578 devinctos:
1124 513 1205 574 unde
1232 515 1325 574 colli-

157 597 212 678 git,
230 595 340 658 nullam
360 595 422 656 eius
441 597 593 689 obligandi
612 596 759 657 rationem
779 595 865 656 nobis
885 615 958 656 esse.
987 595 1042 652 Est
1050 603 1149 652 autem
1161 612 1195 650 ar
1268 612 1326 650 en·

156 684 256 733 tuma
274 672 384 734 minori
403 672 439 740 ad
458 694 564 734 marus:
593 690 661 734 nam
680 673 704 733 si
723 683 804 732 tauta
825 671 938 734 bomini
956 666 1074 729 mortali
1094 688 1189 728 conce
1222 679 1271 726 tur
1291 668 1327 728 iu

157 748 309 810 bominem
327 761 467 830 potestas,
486 753 606 818 ut'eum
625 750 662 810 ad
681 749 822 810 continua
835 747 977 839 obsequia
988 756 1079 806 nocte
1092 745 1202 882 dieque
1215 744 1327 826 adigat,

158 837 190 884 et
215 837 312 898 tamen
336 825 446 887 nullam
471 835 589 886 mutuae
609 847 675 886 com
699 825 857 886 ensatiouis
875 835 1024 886 rationem
1043 834 1147 883 contra
1171 833 1217 897 at,
1243 841 1328 901 quase

157 900 197 962 sit
215 901 258 960 illi
278 900 411 977 debitor,
431 914 543 984 quanto
562 903 654 984 magis
673 847 776 962 iicebit
794 902 878 976 Deo,
898 919 1052 981 quousque
1072 919 1103 958 se
1123 897 1248 958 facultas
1268 919 1327 958 no-

158 987 217 1038 stra
243 977 521 1056 extendet,.omnia
546 979 624 1038 vitae
649 991 767 1039 nostrae
787 977 885 1040 officia
905 977 1037 1057 exigere,
1063 987 1097 1034 ut
1123 985 1223 1035 tamen
1250 973 1327 1039 nihil

160 1073 281 1134 prorsus
299 1053 388 1114 nobis
407 1055 532 1116 debeat?
552 1054 663 1116 Prarae
682 1055 774 1146 igitur
789 1053 975 1135 arrogantiae
987 1053 1118 1114 videmus
1130 1049 1263 1112 damnari
1275 1071 1329 1110 eos

159 1151 280 1211 ornnes,
304 1132 356 1211 qui
381 1151 412 1192 se
437 1132 516 1212 apud
534 1132 633 1192 Deum
659 1153 816 1212 qmcquam
833 1128 1091 1210 mereri,fingsmt,
1115 1138 1151 1186 ‘ut
1176 1148 1243 1188 eum
1269 1125 1331 1186 sibi

161 1207 322 1272 obnoxium
343 1207 485 1276 babeant:
506 1220 537 1268 et
555 1219 654 1268 tamen
674 1209 786 1268 nullum
805 1207 907 1268 vitium
924 1205 975 1268 tali
994 1226 1064 1264 arro
1088 1205 1163 1265 antia
1174 1203 1269 1285 magis
1281 1213 1331 1262 est

159 1283 291 1366 vulgare.
328 1285 428 1346 Nemo'
447 1285 525 1346 enim
546 1295 604 1358 est,
629 1285 680 1364 qui
705 1306 767 1346 nou
787 1285 916 1346 libenter
933 1283 1032 1343 Deum
1051 1225 1089 1344 ad
1108 1280 1249 1341 calculum
1268 1300 1331 1340 uo·

80 1405 89 1426 ,
162 1372 256 1423 caret:
283 1362 362 1422 unde
382 1373 413 1423 et
431 1363 603 1422 meritorum
622 1361 795 1444 imaginatio
815 1361 937 1422 saeculis
958 1360 1020 1420 iere
1041 1357 1176 1419 omuibus
1193 1355 1332 1420 invaluit.

160 1435 223 1500 Sed
241 1437 369 1498 tenenda
390 1448 435 1500 est
449 1438 558 1500 Christi
576 1441 732 1513 sententia,
750 1459 805 1500 uos
815 1438 884 1499 Deo
902 1435 977 1496 nihil
992 1435 1151 1519 gratuitum
1187 1443 1332 1505 raestare,

104 1513 108 1530 ¹
162 1513 215 1573 sed
234 1513 289 1574 bac
309 1513 377 1597 lege
396 1512 515 1576 subesse
536 1516 597 1574 eius
616 1515 753 1596 imperio,
771 1526 805 1575 ut
824 1513 852 1575 ei
871 1513 1015 1576 debeatur
1035 1509 1154 1592 quicqui
1193 1509 1226 1568 in
1243 1507 1332 1568 nobis

55 1591 60 1614 '
160 1589 320 1656 sternuere
357 1593 403 1652 Ac
423 1591 481 1650 duo
503 1592 622 1671 quidem
641 1604 710 1651 suut
727 1591 875 1666 membra,
904 1591 993 1652 vitam
1017 1599 1148 1650 nostram
1175 1585 1214 1646 ad
1241 1585 1332 1659 finem

161 1685 254 1746 usquc
273 1668 317 1728 sui
338 1667 476 1728 curriculi
517 1667 611 1726 enitus
631 1668 777 1729 addictam
803 1687 865 1728 esse
886 1667 971 1741 Deo,
996 1676 1045 1740 ut,
1071 1663 1095 1724 si
1123 1663 1187 1753 quis
1214 1673 1331 1741 partem

162 1741 225 1804 eius
243 1742 422 1822 impenderit
441 1742 471 1801 in
513 1744 540 1802 ei
559 1743 648 1822 ipsius
669 1744 854 1824 obsequium,
873 1744 911 1805 de
930 1743 1029 1823 quiete
1048 1740 1240 1819 inrequuum
1254 1750 1330 1798 tem-

161 1837 216 1898 pus
240 1819 349 1910 pacisci
373 1839 435 1878 non
460 1819 562 1880 liceat:
586 1819 673 1880 sicuti
697 1820 777 1883 bona
824 1841 886 1896 ars,
934 1831 1031 1880 eracta
1055 1819 1158 1878 decem
1183 1835 1332 1876 annorum

160 1895 282 1970 militia,
305 1895 434 1956 libenter
458 1895 626 1957 missionem
651 1895 776 1978 peteret.
846 1898 894 1958 ein
917 1894 1084 1976 esequitur
1102 1893 1176 1953 illud
1196 1892 1332 1966 alterum,

163 1972 245 2109 quod
264 1971 322 2030 iam
341 1971 498 2054 attigimus,
516 1973 615 2054 Deum
634 1973 722 2035 nullis
742 1973 849 2035 officiis
868 1975 906 2036 ad
924 1972 1094 2034 solvendam
1114 1967 1203 2029 uobis
1217 1988 1331 2029 merce-

136 2117 145 2128 ·
184 2069 230 2109 em
252 2047 406 2131 obstringi.
445 2050 614 2111 Meminerit
638 2071 712 2134 ergo
736 2050 952 2131 unusquisque,
977 2069 1009 2110 se
1029 2048 1096 2108 ideo
1117 2058 1249 2107 creatum
1271 2063 1332 2106 esse

161 2136 197 2188 ιιι
221 2123 354 2202 isboset,
378 2147 412 2186 ac
437 2138 556 2188 strenue
576 2147 608 2188 se
626 2127 658 2202 in
677 2128 842 2190 ministerio
861 2147 915 2188 suo
935 2135 1083 2186 exerceat:
1112 2141 1226 2202 neque¹
1239 2121 1272 2180 id
1296 2121 1331 2180 ad

163 2198 278 2260 linitum
298 2203 388 2262 modo
409 2215 533 2283 tempus,
552 2206 605 2266 sed
624 2225 718 2284 usque
737 2204 774 2265 ad
793 2213 921 2266 mortem
940 2203 950 2262 i
972 2222 1042 2278 sam,
1062 2200 1122 2262 imo
1144 2211 1260 2259 utnon
1275 2197 1332 2256 mi-

162 2297 218 2340 nus
237 2277 381 2340 moriatur
399 2281 484 2355 Deo,
510 2302 598 2363 quam
616 2282 704 2344 vivat.
741 2283 853 2342 Verum
879 2223 970 2361 quod
985 2279 1021 2339 ad
1045 2276 1182 2337 meritum
1206 2285 1331 2356 spectat,

162 2352 320 2416 solvendus
345 2367 389 2416 est
414 2357 527 2434 nodus,
553 2359 604 2438 qui
627 2357 727 2439 pleros
749 2378 786 2419 oe
811 2356 948 2437 impedit:
975 2375 1043 2414 nam
1063 2350 1128 2416 Scri
1151 2363 1217 2411 tura
1243 2351 1332 2410 toties

163 2429 680 2516 operibusmercedempromittens,
698 2379 816 2496 videtur
830 2433 967 2494 meritum
984 2429 1104 2566 aliquod
1122 2451 1132 2487 1
1157 2429 1164 2442 '
1190 2426 1330 2488 tribuere.

162 2505 281 2568 Solutio
302 2507 393 2570 facilis
414 2523 472 2572 est:
492 2511 659 2574 mercedem
679 2511 842 2572 indebitam
861 2531 924 2570 nou
942 2508 1021 2568 aliun
1043 2527 1070 2582 e,
1090 2525 1176 2586 quam
1196 2524 1233 2563 ex
1250 2525 1330 2564 mero

161 2581 222 2644 Dei
236 2584 424 2666 beneplacito
435 2588 578 2668 promitti.
616 2587 724 2670 Longe
742 2587 819 2655 enim
832 2586 983 2660 lalluutur,
1002 2583 1052 2664 qui
1068 2593 1168 2642 mutua
1186 2581 1331 2640 relatione

161 2662 330 2723 mercedem
350 2685 416 2723 cum
435 2665 543 2724 merito
564 2665 716 2746 copulant,
736 2665 804 2744 quia
817 2663 898 2723 Deus
918 2681 981 2722 non
1001 2679 1124 2740 operum
1135 2657 1282 2738 dignitate
1296 2657 1331 2715 ad

163 2737 348 2802 reddendum
364 2737 420 2803 illis
433 2741 606 2820 praemium,
624 2742 677 2802 sed
734 2739 825 2800 atuita
844 2737 1027 2819 indulgentia
1048 2744 1193 2796 moretur.
1224 2733 1334 2792 Fateor

163 2813 284 2950 quidem
304 2835 338 2874 ex
357 2828 446 2896 pacto
467 2815 567 2897 Legis,
586 2817 684 2876 Deum
725 2816 873 2876 ominibus
894 2834 957 2874 esse
977 2812 1161 2881 obstrictum,
1180 2809 1251 2869 siin
1263 2809 1333 2869 soli-

184 2911 233 2954 um
252 2902 435 2970 praestarent
454 2892 594 2972 quicquid
614 2891 651 2952 a'b
671 2893 742 2973 ipsis
761 2891 932 2972 requiritur,
951 2889 1003 2952 sed
1021 2889 1090 2970 quia
1108 2885 1276 2948 voluntaria
1292 2897 1335 2947 est

162 2965 236 3026 baec
256 2966 417 3048 obligatio,
437 2979 537 3028 manet
556 2969 614 3028 boc
633 2969 731 3046 fixum,
752 2968 901 3029 bominem
921 2966 993 3026 nihil
1013 2984 1101 3046 posse
1121 2982 1139 3025 a
1157 2963 1227 3023 Deo
1247 2963 1334 3043 flagi-

133 3105 140 3112 ,
162 3051 246 3131 tare,
258 3044 317 3108 acsi
330 3044 493 3134 ‚quicquam
514 3057 591 3104 esset
609 3046 795 3124 promeritus.
825 3043 877 3107 Sic
895 3064 968 3179 ergo
984 3039 1116 3104 concidit
1132 3038 1229 3100 cernis
1250 3057 1334 3098 arro-

163 3127 278 3252 gantia:
300 3136 384 3199 qrua,
403 3131 436 3180 ut
455 3119 519 3202 quis
538 3117 652 3203 Legem
672 3122 710 3181 im
733 3119 853 3194 leverit,
870 3119 932 3180 uihr
964 3131 1063 3180 tamen
1083 3135 1243 3196 expensum
1262 3115 1332 3175 Deo

177 3213 243 3252 erre
264 3205 385 3285 pqtest,
407 3195 473 3276 quia
492 3208 607 3258 tantum
626 3143 755 3259 reddidit
773 3196 853 3278 quod
874 3194 1011 3257 debebat
1049 3195 1090 3255 At
1132 3213 1149 3252 e
1169 3192 1227 3252 boc
1246 3211 1339 3253 sensu

162 3280 351 3408 Bronunuat,
370 3293 425 3334 nos
446 3293 508 3334 esse
527 3293 628 3336 servos
648 3263 782 3350 inutiles,
808 3271 875 3410 quia
900 3271 1013 3334 scilicet
1036 3270 1098 3331 nibi
1136 3268 1335 3330 adventicium

173 3417 176 3427 Ι
196 3365 246 3408 eus
266 3367 283 3410 a
303 3347 391 3410 uobis
409 3350 532 3430 recipit,
557 3351 609 3416 sed
628 3355 742 3412 tantum
762 3349 832 3412 cols
855 3350 877 3408 it
896 3347 1044 3432 legitimos
1064 3345 1188 3408 dominii
1207 3345 1254 3424 sui
1272 3345 1335 3404 sru-

163 3432 235 3483 ctus.
275 3423 358 3485 llaec
382 3425 475 3508 igitur
500 3426 559 3486 duo
580 3429 708 3488 tenenda
728 3440 812 3503 suut,
870 3427 936 3485 eum
956 3423 1130 3485 naturaliter
1150 3421 1224 3482 nihil
1245 3419 1334 3481 nohis

163 3497 285 3576 debere,
304 3519 362 3562 uec
382 3523 576 3583 quaecunque
595 3503 639 3563 illi
659 3515 838 3584 praestamus
859 3501 1013 3582 obsequia,
1032 3500 1118 3564 unius
1138 3497 1192 3580 pili
1211 3497 1335 3571 merito-

161 3576 206 3668 ria
227 3596 307 3668 esse:
329 3578 436 3641 deinde
457 3601 491 3640 es
510 3578 600 3663 Legis
620 3593 709 3660 preto
731 3581 898 3641 mercedem
919 3576 1058 3659 operibus
1077 3576 1176 3652 statui,
1195 3594 1256 3634 non
1276 3592 1337 3663 pro

163 3652 193 3713 dr
217 3665 326 3730 nrtate,
351 3656 403 3716 sed
429 3667 462 3716 ut
481 3656 562 3716 Deus
589 3657 628 3719 sit
653 3657 796 3748 gratuitus
817 3654 945 3717 debitor.
993 3654 1077 3716 llaec
1096 3665 1195 3712 autem
1212 3651 1339 3710 minume

162 3672 328 3792 tolerabilis
347 3731 531 3814 ingratitudo
552 3741 612 3808 est,
641 3755 666 3793 ιι
685 3733 749 3813 quis
768 3753 799 3792 se
821 3733 878 3792 boe
898 3740 1050 3811 praetextu
1069 3728 1200 3789 fastuose
1219 3725 1338 3787 cllerst.

161 3806 238 3867 Nam
259 3827 319 3898 quo
340 3807 490 3882 liberalius
510 3807 596 3870 uobis
616 3808 699 3871 Deus
724 3808 873 3892 indulget,
900 3827 938 3869 eo
964 3827 1019 3866 nos
1043 3806 1135 3888 magis
1159 3803 1258 3865 reddit
1280 3801 1338 3863 sibi

163 3882 323 3945 obnoxios:
349 3895 463 3944 tantum
483 3885 582 3961 abest,
600 3897 633 3944 nt
652 3886 696 3945 sas
716 3885 804 3946 nobis
823 3885 862 3946 sit
879 3904 955 3946 vana
975 3880 1155 3944 confidentia
1174 3883 1339 3962 insurgere.

164 3956 294 4032 Quoties
319 3979 392 4044 ergo
420 3961 550 4022 occurrit
573 3960 711 4023 mercedis
729 3981 845 4039 ¹nomen
865 3958 912 4022 vel
932 3961 963 4020 in
983 3959 1157 4022 memoriam
1176 3955 1268 4022 nobis,
1285 3977 1339 4018 ve-

163 4033 225 4108 uit,
253 4035 390 4112 sciamus,
412 4037 491 4097 bunc
510 4037 626 4099 divinae
647 4057 720 4122 erga
739 4059 795 4100 nos
815 4037 957 4098 bonitatis
977 4055 1041 4096 esse
1062 4033 1226 4108 cumulum,
1247 4032 1341 4112 quod,

164 4129 254 4187 quum
274 4131 329 4172 nos
349 4113 380 4172 iu
401 4133 470 4172 aere
490 4133 543 4173 suo
563 4125 643 4176 totos
665 4115 782 4190 lrabeat,
802 4113 956 4176 nobiscum
975 4112 1127 4178 tamenin
1147 4122 1268 4191 pactum
1284 4109 1339 4170 de-

161 4185 286 4244 scendit.
327 4187 399 4264 Quo
424 4189 516 4272 magis
543 4189 716 4252 detestabile
742 4201 787 4252 est
805 4189 1009 4271 sophistarum
1039 4199 1257 4261 commentum,
1287 4184 1340 4265 qui

165 4261 303 4321 meritum
322 4264 359 4324 de
381 4265 535 4347 condigno
555 4267 702 4328 fabricare
722 4267 783 4328 ausi
802 4278 878 4328 sunt.
917 4267 980 4327 lam
999 4285 1054 4404 phet
1073 4263 1341 4326 semeritiuomeu

164 4337 323 4416 profanum
343 4351 374 4402 et
392 4361 409 4402 a
429 4341 547 4421 pictatis
566 4344 669 4426 regula
688 4343 819 4408 alienum
838 4353 916 4424 erat,
935 4343 999 4408 sed
1029 4362 1066 4407 oc
1085 4341 1179 4426 longe
1199 4339 1342 4414 deterius,
