2766 4840
43 1195 45 1202 ’
158 1177 217 1268 ῑίοἸ
233 1177 306 1268 quin
318 1174 453 1237 Christos
464 1177 538 1237 sacri

71 1539 75 1548 ,
159 1485 252 1545 altare
272 1482 524 1558 holocaustorum,
543 1496 576 1544 ut
594 1483 770 1544 sacerdnsin
786 1485 947 1563 conspectu
967 1503 1028 1564 pop

57 285 84 322 ,ι
157 263 217 329 m
307 253 436 321 ‘SEG'L
455 255 553 318 xvlt
591 220 854 318 amanuensem
872 267 1165 318 nacmnarronas.
1220 332 1222 343 ἰ

130 457 133 466 f
201 409 240 473 od
263 408 364 474 medio
388 397 524 491 tempoie
548 409 628 470 inter
651 409 751 470 altaris
776 421 807 470 et
830 407 934 490 templi
955 405 1192 470 aedificationem
1212 405 1328 468 occisus
1371 417 1372 476 l

124 476 129 500 ¹
174 489 259 550 uerit.
296 487 345 548 De
365 486 458 548 altero
479 499 576 548 antem
595 486 735 546 Zacharia
755 486 875 547 loiadae
894 486 956 554 filio
977 506 1058 546 sacra
1079 484 1204 544 historia
1224 483 1328 557 refert,
1371 523 1372 560 ι

160 565 242 658 pund
262 559 333 654 huie
348 562 417 626 loeo
439 564 551 656 optime
563 564 699 655 quadrat:
720 583 827 644 nempe
837 584 926 642 quum
939 574 1009 643 post
1021 573 1153 653 mortem
1162 559 1329 651 patristeins
1371 569 1372 624 ζ

159 637 1328 808 tt'attfn„tttsshhlttttstlltttrtttttsstz&lataStat

181 816 219 856 ue
239 791 270 854 in
291 805 367 854 atrro
387 793 491 874 templi
511 793 599 855 luisse
619 792 789 885 lapidatum.
809 792 977 854 hbsaudum
996 811 1069 853 sero
1091 811 1156 852 non
1177 802 1233 866 est,
1252 803 1327 870 patra
1371 863 1372 872 ἒ

159 817 280 932 doiadae
300 866 423 962 honoris
444 890 527 962 causa
547 870 717 961 impositum
737 871 825 932 luisse
843 868 1009 960 Baraehiae·
1029 887 1219 1004 ⁶⁰ffi¹¹⁰¹¹²5²²
1250 867 1329 956 quia,

159 957 413 1102 ttttlltttt
437 967 508 1113 tlt
527 947 626 1084 {tlt
645 944 1044 1096 lttthttttsstnttti?
1058 943 1328 1110 at'tlttnfh

158 1103 191 1162 in
210 1121 286 1161 voce
305 1101 405 1180 (sicuti
425 1099 539 1160 theron
562 1121 625 1178 mus
645 1099 813 1178 existimat),
833 1101 870 1161 de
890 1120 924 1160 re
944 1109 1023 1160 certe
1044 1098 1187 1166 nullaaest
1206 1095 1330 1156 dubrta·

539 1121 636 1260 llegam
648 1175 726 1236 illam
743 1177 901 1238 Zathariae
910 1175 1123 1256 lapidationem
1135 1186 1225 1247 notet,
1246 1193 1329 1250 quae

160 1253 300 1318 notabatur
319 1251 487 1318 ILChron.
506 1261 555 1328 24,
574 1252 621 1318 22.
662 1253 889 1316 Circumstantia
909 1253 969 1312 loci
989 1251 1122 1312 criminis
1141 1250 1328 1312 atrocitatem

159 1342 261 1414 auget,
280 1329 361 1410 quod
380 1329 493 1390 scilicet
510 1329 617 1411 templi
636 1331 821 1390 sanctitatem
839 1329 959 1393 reveriti
985 1349 1049 1390 non
1069 1327 1188 1388 luerint.
1226 1325 1329 1386 Porro

158 1407 296 1484 mptum
314 1407 363 1467 hic
382 1406 506 1467 sumitur
524 1428 581 1488 pro
600 1407 688 1480 atrio,
708 1418 740 1466 ut
760 1406 822 1468 aliis
842 1399 924 1475 locri.
951 1405 1030 1466 Huic
1031 1405 1243 1542 uppopirpiqnam
1257 1413 1330 1537 f(prat

1062 1503 1137 1544 ιιιι
1159 1500 1254 1539 maso
1283 1500 1328 1538 er·

159 1572 216 1622 ret.
254 1562 388 1640 Apparet
406 1558 498 1642 igitur
516 1560 601 1622 nimis
621 1581 756 1622 vesanam
784 1557 872 1621 luisse
898 1558 1029 1633 rabiem,
1089 1579 1157 1617 uam
1178 1555 1279 1617 altaris
1299 1567 1327 1613 et

159 1636 266 1716 templi
284 1650 461 1716 conspectus
480 1639 583 1698 sedare
604 1657 667 1699 non
686 1637 798 1718 potuit,
838 1637 911 1717 quin
936 1657 1051 1698 sacrum
1088 1655 1177 1696 ocum
1198 1633 1335 1694 nelandn

106 1727 112 1746 ¹
160 1713 322 1776 homicidio
342 1712 445 1772 ludaei
457 1712 629 1774 ‘foedarent
713 1767 723 1776 ,
1037 1765 1039 1772 ,

201 1830 203 1838 1
236 1795 284 1855 37.
322 1787 493 1864 mulera,
513 1779 682 1850 thematem
722 1791 775 1850 His
794 1790 893 1852 verbis
914 1789 1017 1852 clarius
1038 1788 1226 1850 demonstrat
1240 1781 1324 1844 Chri-

92 1899 99 1920 1
158 1875 230 1954 etus,
250 1885 337 1956 quam
356 1865 461 1956 iustam
482 1866 590 1955 habeat
608 1867 838 1958 excandescendi
857 1889 987 1961 eausam,
1007 1865 1089 1960 ..⁰⁶
1108 1861 1324 1942 Hierosolyma,
1371 1939 1372 1972 1

158 1961 252 2078 att
267 1940 1322 2100 laiht¹:¹2‘35:232,{‡„t¹¹5:ta⁰t¹0‘;t‘a¹‚⁰?a¹talanat?
1371 1989 1372 2034 ³

157 2105 280 2156 tronum
301 2096 392 2173 esset)
413 2094 576 2156 hamiendu
589 2095 806 2190 Prophetarum
825 2099 960 2180 sanguini
979 2097 1074 2180 longo
1086 2117 1141 2158 usu
1153 2102 1320 2154 assueverat.

158 2169 315 2232 Pathetiee
336 2175 416 2252 ergo
431 2172 572 2232 exclamat
582 2171 715 2234 Chrrstus
733 2175 770 2234 ad
789 2185 904 2236 tanturn
923 2187 1105 2257 portentum,
1127 2171 1211 2264 quod
1229 2179 1321 2229 saneta

159 2247 220 2308 Dei
240 2248 341 2310 civitas
360 2267 398 2308 eo
418 2249 704 2334 amentiaedelapsa
730 2263 809 2332 erat,
847 2264 881 2312 ut
899 2251 1060 2313 salvificam
1080 2251 1143 2310 Der
1163 2245 1321 2308 doctrinam

159 2325 378 2405 Prophetarum
397 2326 541 2411 sanguine
561 2327 674 2407 pridem
696 2328 881 2412 exstinguere
899 2341 1005 2390 conata
1025 2339 1111 2388 emet.
1152 2329 1250 2404 Atque
1267 2321 1319 2380 huc
1371 2347 1372 2350 ¹

197 2413 276 2462 ectat
294 2401 434 2482 repetitio
447 2403 586 2478 nominis,
627 2405 673 2464 uia
685 2415 743 2464 tam
758 2406 844 2484 prodi
867 2406 928 2467 iosa
941 2418 976 2476 et
989 2403 1175 2465 incredibilis
1195 2400 1320 2480 impietas

159 2421 446 2538 demensione-non
472 2480 586 2561 vulgari
606 2426 700 2562 digua
726 2493 798 2542 erat
866 2503 900 2543 ec
920 2501 991 2546 uero
1012 2479 1176 2572 exprobrat
1196 2477 1321 2538 Christus

72 2609 79 2620 .
159 2575 249 2616 unam
268 2567 384 2616 tantum
401 2555 450 2616 rel
469 2555 589 2616 alteram
602 2559 731 2630 caedem,
750 2557 802 2620 sed
819 2559 1099 2620 hacconsuetudme
1110 2556 1256 2618 imbutam
1265 2569 1322 2612 csse

60 3363 63 3368 .
159 3315 290 3400 indigne
306 3319 402 3379 occidi

158 2630 266 2694 urbem
287 2632 368 2709 dicit,
387 2644 422 2692 ut
431 2631 607 2713 Prophetas,
648 2645 777 2714 uotquot
786 2635 953 2712 mittuntur,
973 2635 1110 2695 occidere
1121 2655 1186 2694 non
1208 2630 1323 2692 desinat

160 2707 351 2789 Participium
377 2709 456 2768 enim
482 2707 552 2771 loco
577 2712 638 2790 epit
660 2711 700 2772 eti
724 2710 853 2791 positum
874 2725 929 2774 est:
961 2711 1018 2772 aest
1044 2710 1164 2782 dixisset
1186 2707 1323 2776 Christus,
1371 2669 1372 2757 l

159 2783 224 2859 Tu,
243 2805 319 2864 quae
338 2784 432 2846 fidelis
451 2785 535 2845 verbi
555 2787 613 2847 Dei
634 2797 748 2862 custos,
769 2788 904 2851 coelestis
923 2787 1085 2869 sapientiae
1104 2785 1263 2924 malfistra,
1283 2782 1322 2840 lu·
1371 2779 1372 2840 l

159 2881 251 2922 cerna
270 2861 382 2934 mundi,
402 2859 470 2921 lons
488 2873 589 2922 rectae
599 2863 771 2938 doctrinae,
791 2867 875 2926 sedes
895 2866 987 2927 divini
1000 2866 1105 2936 cultus,
1125 2865 1144 2922 h
1168 2863 1198 2922 ei
1209 2875 1242 2922 et
1255 2859 1322 2918 obe·
1371 2857 1372 2890 l

160 2936 289 2997 dientiae
310 2936 458 3016 exemplar
472 2957 539 3010 esse
559 2937 714 3014 debueras,
733 2940 950 3022 Prophetarum
972 2939 1210 3013 esimerlectrir,
1228 2929 1322 2998 iatiam

160 3011 293 3088 habiturn
315 3015 462 3091 quendam
481 3016 659 3076 contraxeris
678 3019 828 3100 sanguinis
849 3040 951 3080 eorum
971 3017 1122 3080 sorbendi.
1143 3015 1226 3082 Hinc
1241 3015 1323 3098 igitur
1371 3033 1372 3042 ¹

134 3095 244 3168 'patet
288 3089 369 3148 omni
388 3109 500 3171 genere
520 3090 698 3170 probrorum
719 3092 808 3156 luisse
828 3097 951 3188 dignos,
982 3095 1031 3174 qui
1051 3095 1111 3154 Dei
1131 3092 1324 3154 sanctuarium
1371 3101 1372 3168 ξ

88 3205 95 3214 -
160 3175 221 3255 tam
240 3131 330 3225 loede
350 3165 588 3244 profanaverant
628 3168 808 3252 Quanquam
828 3184 920 3233 etnam
934 3172 1019 3234 simul
1041 3171 1153 3232 Christi
1172 3167 1324 3230 consilium

159 3237 235 3315 lust,
254 3241 392 3302 scandalo
414 3245 494 3378 ppod
514 3265 610 3326 prope
630 3245 759 3308 instabat
779 3269 947 3326 occurrere,
969 3270 1006 3310 ne
1018 3247 1130 3324 fideles,
1150 3269 1244 3328 quum
1264 3263 1324 3303 emn
1371 3267 1372 3300 ι

376 3395 383 3410 ⁸
447 3319 643 3410 ierosolymae
662 3324 782 3385 videren
826 3325 884 3385 tale
904 3325 1103 3406 spectaculum
1123 3347 1178 3386 sua
1197 3323 1325 3382 novitate

159 3392 303 3456 turbaret.
343 3395 398 3455 Hrs
418 3415 497 3457 emm
515 3398 614 3460 verbis
631 3401 691 3460 iam
709 3401 853 3462 admoniti
873 3401 1008 3478 luerunt,
1033 3403 1107 3462 nihil
1127 3401 1235 3462 mirum
1257 3418 1325 3468 ease,
1371 3437 1372 3462 ι

159 3471 186 3532 si
203 3471 274 3532 urbs
295 3471 460 3555 iugulandis
472 3476 518 3536 vel
532 3467 695 3557 lapidandis
706 3477 864 3559 Prophetis
875 3492 987 3540 assueta
998 3501 1081 3540 suum
1094 3479 1323 3557 Redemptorem
1371 3529 1372 3558 ,

159 3549 320 3610 crudeliter
328 3550 486 3612 occideret.
508 3551 666 3626 Caeterum
674 3553 1321 3636 hincapparetquantumtribuerelociseon-

51 3633 53 3643 ’
159 3627 270 3687 veniat'
287 3625 404 3687 Nullam
416 3640 496 3689 certe
507 3629 1323 3724 mundiurbemaeqnesplendidiselogiisornaritllens,
1371 3667 1372 3676 ι

159 3703 273 3765 reltam
281 3702 445 3764 honorifice
456 3706 571 3767 extudit:
591 3707 721 3768 videmus
733 3720 841 3782 tamen,
853 3729 913 3799 quo
925 3731 955 3769 se
967 3710 1265 3790 praecrprtaven't-sua
1275 3705 1321 3764 in·
1371 3731 1372 3734 ¹

144 3779 349 3872 ‚gradtndine
387 3781 536 3843 Conferat
549 3804 627 3843 nunc
639 3783 720 3864 Papa
735 3785 886 3846 latrocimi
901 3786 946 3846 sui
961 3789 1061 3847 sedem
1082 3807 1150 3848 eum
1166 3797 1265 3848 saneta
1277 3783 1325 3843 illa
1371 3801 1372 3840 3

159 3854 249 3917 urhe:
270 3859 340 3936 quad
348 3857 417 3995 pari
427 3859 544 3920 honore
556 3860 676 3940 dignum
686 3860 835 3943 reperiet?
854 3863 969 3925 lactant
979 3863 1066 3924 nobis
1075 3862 1255 3924 mercenarii
1268 3861 1325 3920 eins
1371 3865 1372 3888 ¹

131 3939 134 3954 ¹
158 3933 339 4022 adulatores,
369 3935 436 3994 dem
447 3935 508 3996 illie
520 3935 589 3996 olim
601 3937 737 4020 timuisse.
767 3937 860 4014 Quod
873 3951 906 4000 ut
916 3961 1018 4000 rerum
1028 3961 1091 4002 esse
1103 3941 1220 4014 demus,
1238 3939 1263 3998 si
1273 3941 1324 3998 ho-

159 4006 208 4067 dre
225 4022 343 4100 constat
362 4011 473 4091 perfida
494 4011 662 4074 defectione
682 4014 838 4077 alienatam
858 4037 921 4077 esse
938 4017 1100 4090 aChristo,
1120 4027 1153 4078 et
1166 4015 1325 4076 innumeris
1371 4055 1372 4098 ,

158 4083 319 4167 sacnlegirs
337 4089 493 4163 refertam,
511 4109 610 4170 ,quam
636 4090 727 4152 stulte
745 4091 889 4153 honorem
909 4092 1050 4173 primatus
1076 4096 1104 4155 ei
1125 4093 1248 4154 affixum
1268 4111 1325 4154 esse

91 4227 96 4240 .
159 4163 365 4250 contendunt?
384 4165 448 4225 Nos
467 4185 538 4227 vero
560 4165 659 4257 potius
679 4168 821 4230 discamus
842 4189 875 4229 ex
895 4169 952 4230 hoc
971 4169 1161 4231 memorabili
1182 4169 1325 4251 exemplo,

159 4243 195 4292 ut
219 4253 341 4314 quasque
367 4239 448 4301 locus
472 4244 632 4304 maioribus
650 4243 710 4303 Dei
735 4243 887 4308 benefieiis
917 4248 947 4306 in
975 4247 1101 4308 sublime
1127 4259 1251 4308 evacuas
1275 4257 1324 4318 est,
1371 4245 1372 4286 Ῑ

159 4307 294 4385 adeoque
313 4332 330 4400 a
350 4317 498 4406 communi
517 4330 598 4379 sorte
619 4330 783 4400 exemptus,
808 4321 832 4382 si
861 4323 1040 4404 degeneret,
1065 4345 1128 4384 non
1155 4325 1250 4384 modo
1268 4321 1323 4382 suis

159 4396 340 4447 ornamento
358 4391 496 4469 spellari,
524 4396 575 4458 sed
596 4416 635 4458 eo
653 4397 746 4479 magis
765 4399 944 4480 probrosum
965 4421 1028 4462 esse
1049 4413 1080 4462 et
1100 4400 1320 4472 exsecrabilem,
1371 4409 1372 4454 f
