2768 4834
92 195 116 218 ‘
151 207 209 270 aaa
330 240 337 280 ,
572 249 576 252 .
608 193 760 260 suerro
782 197 835 256 vr.

150 377 219 426 nou
245 357 430 452 remiseritis
457 351 641 420 hominibus
667 363 799 439 peecata
821 372 893 431 sua,
925 370 1031 437 neque
1059 349 1154 416 Pater
1173 359 1295 416 vester
1328 337 1360 466 'q

100 543 114 562 Ι
148 461 288 526 remittet
308 465 439 542 peccata
459 463 573 522 restra.
1127 461 1135 474 ·
1358 477 1361 586 q

233 569 377 662 MARC«
393 573 445 638 xt.
486 573 537 637 25.
559 568 601 638 Et
622 595 719 658 quum
742 571 893 636 steteritis
915 578 1057 646 orantes,
1084 571 1237 634 remittite
1259 572 1295 633 si
1359 591 1362 686 p

151 675 231 764 quid
256 674 381 740 habetis
408 671 562 740 adversus
591 671 743 758 aliquem,
778 683 813 736 ut
842 681 873 742 et
894 672 990 736 Pater
1011 681 1134 748 vester,
1171 673 1294 756 quiin

151 775 342 853 oculisest,
375 776 514 840 remittat
541 771 634 838 vobis
663 772 781 837 delicta
807 773 922 838 vestra.
983 771 1034 838 26.
1067 769 1197 856 Quodsi
1224 791 1293 834 vos
1362 809 1364 882 q

149 899 217 944 non
238 878 437 952 remiseritis,
465 895 527 940 neo
548 873 645 940 Pater
664 875 860 960 vester‚.qui
880 875 915 939 in
936 869 1037 938 coelis
1060 881 1123 950 est,
1145 873 1293 936 remittet
1362 901 1365 974 ¹,

150 975 245 1043 vbbis
264 987 399 1061 peccata
419 984 534 1041 vestra.
1364 977 1365 988 ¹

227 1141 285 1200 Hic
304 1151 416 1200 tantum
437 1137 558 1228 exponit
569 1135 712 1212 Christus,
732 1151 871 1216 quorsum
890 1113 1023 1218 apposita
1044 1135 1131 1194 suerit
1147 1133 1289 1196 illacon-
1366 1179 1367 1200 ,

151 1210 241 1290 ditio,
266 1216 395 1277 Remitte
414 1213 500 1274 nobas
520 1214 594 1273 sicut
612 1235 668 1273 uos
688 1211 874 1274 remittimus:
901 1201 1126 1292 ncrnpe'Deum
1146 1221 1208 1270 nort
1229 1213 1290 1271 ali·
1365 1228 1368 1320 p

149 1305 198 1354 ter
221 1293 287 1354 lore
313 1293 400 1354 nobis
426 1288 621 1364 exorabilem,
650 1290 706 1350 uisi
731 1311 785 1349 uos
806 1290 893 1350 etiam
912 1285 1104 1369 praebeamus
1125 1287 1227 1347 faciles
1247 1289 1290 1350 ad

151 1370 275 1430 dandam
299 1368 428 1442 veniam,
461 1367 484 1426 si
509 1367 559 1446 qui
584 1385 639 1426 nus
664 1367 810 1426 laeserint
855 1368 895 1426 Et
919 1377 1002 1425 certe
1029 1364 1085 1424 nisi
1108 1363 1171 1448 plus
1214 1385 1287 1423 narn
1368 1409 1369 1416 1

150 1445 241 1508 ferrei
271 1469 384 1520 surmus,
421 1443 538 1504 mollire
563 1464 617 1502 nos
642 1443 732 1505 debet
755 1443 828 1503 haec
850 1442 1034 1516 exhortatio,
1067 1451 1099 1498 ut
1124 1387 1290 1522 placibiles
1369 1437 1370 1458 ¹

150 1524 237 1584 simus
266 1523 302 1582 ad
327 1521 516 1582 remittendas
541 1517 679 1579 oiiensas.
722 1519 785 1580 Nisi
805 1519 938 1599 quotidie
956 1517 1036 1578 varia
1055 1529 1175 1598 peccata
1196 1517 1290 1576 nobis

151 1596 306 1660 condonet
322 1598 420 1671 Deus,
444 1597 564 1669 scimus,
588 1615 642 1654 uos
662 1595 821 1656 innumeris
841 1594 935 1666 modis
952 1593 1087 1682 periisse:
1112 1603 1200 1671 atque
1220 1615 1289 1653 non

150 1673 206 1735 alia
226 1677 307 1758 Lege
327 1675 363 1734 ad
383 1673 498 1732 veniam
518 1692 572 1730 nos
592 1671 733 1745 admittit,
753 1672 808 1730 nisi
828 1670 965 1731 tratribus
986 1669 1179 1752 ignoscimus,
1200 1671 1289 1748 quic-

152 1752 223 1830 quid
243 1752 273 1809 in
293 1772 348 1810 nos
390 1749 527 1808 eccarint.
567 1747 607 1806 Se
628 1747 718 1828 igitur
735 1746 814 1807 ultro
836 1746 917 1828 quasi
937 1747 1049 1808 devotis
1070 1745 1171 1804 animis
1193 1747 1288 1805 exitio

151 1827 299 1897 addicunt,
320 1837 350 1885 et
369 1770 435 1884 data
456 1843 546 1914 opera
566 1823 663 1882 Deum
682 1823 738 1884 sibi
757 1823 885 1898 reddunt
903 1821 1134 1904 implacabilem(
1146 1822 1196 1902 qui
1217 1822 1288 1882 illa-

149 1901 269 1984 tasssibi
287 1891 407 1962 iniurias
427 1899 559 1962 obhvisci
578 1901 693 1961 nolunt.

188 2185 284 2264 (56.)
332 2181 499 2249 ΜΑΤΤΗ.
526 2183 581 2266 VJ.
632 2183 681 2248 16.
714 2184 818 2250 Porro
845 2204 942 2270 quum
970 2183 1206 2260 ieiunaveritis‚
1240 2203 1286 2249 ne

147 2284 217 2352 sitis
247 2282 347 2350 veluti
381 2283 572 2368 hypocritae
599 2287 717 2350 tetrici:
749 2285 931 2351 deformant
952 2285 1043 2372 ‚enim
1068 2283 1169 2348 iacies
1199 2305 1287 2359 suas,

148 2407 216 2473 quo
241 2388 445 2472 perspicuum
472 2388 513 2450 sit
539 2385 737 2464 bominibus,
775 2389 863 2468 ipsos
883 2388 1037 2450 ieiunare.
1080 2385 1184 2448 Amen
1206 2383 1286 2451 dieo

147 2485 257 2563 vobis,
283 2485 405 2552 habeut
428 2485 610 2554 mercedem
638 2507 735 2552 suam.
778 2485 828 2551 17.
856 2486 908 2550 Tu
929 2506 1008 2551 vero
1030 2507 1127 2572 quum
1149 2485 1290 2563 ieiunas,

147 2607 233 2672 unge
255 2598 351 2672 caput
371 2595 470 2665 tuum,
491 2597 522 2651 et
545 2583 658 2652 lacicm
683 2599 768 2652 tuam
790 2586 878 2664 lava,
920 2585 969 2651 ta.
996 2583 1047 2650 Ne
1071 2589 1286 2671 conspicuum

146 2689 188 2753 sit
208 2685 393 2754 hominihus
413 2697 445 2752 te
467 2688 625 2763 ieiunare,
655 2685 713 2752 sed
735 2689 821 2754 Patri
843 2688 992 2772 tuo,‘qui
1015 2697 1062 2750 est
1082 2689 1115 2750 iu
1137 2685 1287 2752 occulto:

150 2799 183 2854 et
203 2799 297 2886 pater
315 2797 404 2865 tuus,
430 2787 487 2871 qui
507 2785 595 2850 videt
616 2789 650 2852 iu
671 2785 800 2865 abdito,
822 2788 939 2853 reddet
960 2785 1019 2852 tibi
1042 2789 1075 2852 iu
1096 2786 1287 2873 propatulo.

225 2949 336 3007 Iterum
360 2947 439 3007 redit
462 2945 498 3006 ad
522 2947 705 3027 superiorem
730 2949 908 3012 doctrinam:
944 2951 1044 3026 Quum
1072 2951 1151 3010 enim
1175 2971 1284 3011 vanarn

150 3024 380 3085 ostentationem
404 3024 434 3080 in
459 3023 651 3109 eleempsynis
677 3038 707 3086 et
730 3025 867 3105 precibus
886 3028 1104 3108 reprehendere
1125 3028 1287 3106 coepisset,

149 3100 310 3182 legitimam
330 3099 435 3158 orandi
453 3100 584 3182 regulam
604 3099 789 3182 interposuit.
831 3105 918 3163 Nunc
939 3105 975 3164 de
994 3103 1104 3164 ieiunio
1125 3102 1204 3163 idem
1222 3105 1286 3164 suis

149 3175 309 3258 praecipit,
330 3177 410 3268 quod
430 3175 509 3256 prius
530 3177 565 3236 de
585 3179 722 3257 precibus
742 3191 772 3238 et
792 3179 1000 3261 eleemosynis:
1020 3201 1058 3238 ue
1078 3179 1194 3239 scilicet
1213 3193 1284 3240 tau-

148 3267 255 3334 topere
275 3272 384 3312 scrmre
404 3253 520 3312 theatro
541 3255 691 3328 studeant,
716 3272 801 3334 quam
821 3257 917 3315 Deum
939 3257 1047 3316 habere
1068 3277 1192 3335 operum
1211 3279 1283 3318 suo-

148 3351 212 3390 rum
239 3341 352 3388 testem.
401 3327 499 3388 Porro
525 3331 605 3409 quod
631 3343 721 3412 caput
745 3353 856 3414 ungere
882 3345 911 3391 et
936 3333 1039 3407 facicm
1066 3333 1162 3392 lavare
1188 3333 1286 3409 iubet,

148 3405 374 3488 hyperbolicum
395 3417 450 3465 est:
472 3407 665 3486 nequeenim
687 3408 819 3469 Christus
839 3409 875 3467 ab
897 3428 953 3466 una
973 3409 1106 3488 specieh
1128 3410 1284 3487 pocriseos

147 3483 189 3544 ita
209 3503 264 3540 uos
284 3481 423 3556 retrahit,
447 3483 529 3542 utin
549 3483 669 3544 alteram
689 3485 815 3544 inducat
854 3487 924 3545 Non
945 3505 1017 3566 ergo
1037 3429 1173 3544 simulare
1194 3485 1283 3545 lauti-

147 3561 202 3620 tias
222 3559 314 3632 iubet,
335 3579 432 3636 neque
452 3559 492 3620 ita
513 3579 567 3618 nos
588 3560 722 3620 hortatur
741 3562 778 3620 ad
797 3561 888 3621 victus
908 3562 1150 3640 temperantiam,
1174 3573 1207 3620 ut
1227 3563 1284 3623 de-

148 3637 228 3698 licias
246 3635 278 3694 iu
297 3635 455 3718 unguentis
475 3645 505 3696 et
524 3638 629 3696 vestitu
648 3637 815 3718 indulgeat,
841 3637 893 3698 sed
912 3635 1084 3717 simpliciter
1103 3659 1158 3696 uos
1178 3637 1283 3698 horta-

148 3726 197 3773 tur
221 3713 257 3772 ad
281 3713 441 3774 tenendam
466 3712 715 3786 moderationem,
746 3715 775 3773 iu
800 3735 856 3793 qua
883 3713 955 3774 nibil
980 3715 1019 3774 sit
1037 3713 1084 3773 vel
1104 3734 1213 3775 novum
1234 3715 1283 3778 rei

148 3789 331 3850 affectatum:
351 3789 409 3852 acri
429 3785 551 3862 diceret,
570 3791 610 3848 ita
630 3790 923 3862 ieiuniis,vacandum
944 3811 1015 3864 esse,
1035 3788 1119 3850 utin
1140 3804 1285 3852 consueta

147 3866 223 3926 vitae
242 3865 358 3925 ratione
377 3863 450 3924 nihil
471 3876 623 3924 mutemus.
663 3867 756 3942 Quod
776 3866 891 3928 ieiuniis
909 3865 1065 3927 mumadam
1084 3887 1099 3924 a
1119 3867 1187 3926 Deo
1208 3887 1283 3948 pro-

147 3942 245 4014 mittit,
263 3941 426 4021 impropria
446 3953 490 4002 est
508 3941 656 4020 loquutio,
674 3943 759 4002 sicuti
779 3945 867 4023 paulo
889 3954 956 4020 ante
973 3944 1009 4003 de
1022 3943 1159 4034 precibus
1169 3943 1285 4004 dictum

147 4030 200 4090 est,
221 4037 387 4098 quanquam
406 4018 486 4076 inter
504 4039 606 4098 preces
626 4031 657 4078 et
674 4019 783 4080 ieiunia
798 4041 936 4102 magnum
952 4032 996 4078 est
1009 4019 1175 4089 discrimen.
1207 4020 1283 4080 illae

147 4093 226 4154 euim
256 4093 335 4152 inter
361 4094 493 4184 pietatis·
511 4091 608 4154 officia
633 4095 787 4175 primatum
810 4108 931 4171 teuent,
960 4096 1103 4157 ieiunium
1126 4099 1200 4154 vero
1227 4113 1284 4175 per
1330 4159 1337 4180 ⁸

146 4191 177 4230 se
198 4189 272 4246 opus
290 4169 418 4228 medium
439 4181 497 4244 est,
526 4191 589 4230 non
608 4183 704 4230 autem
725 4195 758 4232 ex
778 4193 880 4234 eorum
922 4191 1012 4234 encre
1033 4192 1113 4250 quae,
1127 4171 1210 4232 Deus
1231 4193 1282 4232 re-

147 4243 237 4324 quirit
263 4257 292 4302 et
315 4246 442 4324 probat,
472 4259 503 4306 ut
527 4259 594 4306 suot
619 4247 832 4332 eleemosynae.
882 4194 984 4310 Placet
1008 4260 1105 4307 autem
1131 4248 1283 4322 duntaxat,

147 4331 289 4402 quatenus
313 4320 442 4384 retertur
464 4323 496 4386 in
522 4322 610 4392 alium
630 4326 733 4389 tinem
764 4346 870 4407 nempe
891 4339 924 4388 ut
942 4345 997 4428 nps
1017 4325 1053 4392 ad
1074 4323 1282 4387 abstinentiam
1308 4421 1317 4431 ι
