2756 4838
429 60 438 99 r

342 205 425 285 (tto.
462 203 585 302 Davidir
603 201 713 266 dictum
730 201 770 265 de
789 201 921 290 Moesia.)
1153 198 1215 266 w
1295 261 1304 266 .

138 359 242 440 (trs.)
281 357 454 427 marra.
483 361 581 427 xxu.
634 359 687 426 41.
697 311 932 446 'econgreguu
965 367 1071 425 aurem
1103 356 1214 423 rusa
1334 445 1336 452 χ

12 505 14 518 ι
63 467 155 544 sacis,
175 465 386 550 interrogavit
408 483 465 529 eos
486 464 587 542 lesus,
630 463 679 528 42
700 462 837 541 Dicens,
860 459 950 547 Quid
971 459 1066 527 vobis
1085 460 1214 526 videtur

63 566 101 631 de
122 563 273 634 Cbristo?
300 569 408 632 ⁸cuins
428 565 516 632 filius
538 569 618 632 est?-
642 567 765 632 Dicunt
795 569 841 644 ei,
870 561 1015 630 Doridis.
1076 565 1128 630 43.
1158 565 1214 628 Ait
1268 602 1286 628 .

62 669 133 747 illis,
166 669 353 754 ‚Quomodo
381 691 458 757 ergo
479 667 588 735 David
615 672 650 734 in
671 669 794 756 Spiritu
818 677 915 734 vocat
937 689 1008 732 enm
1030 665 1214 742 Dominum,

64 764 179 852 dicens*
202 763 263 840 ⁴1⁴1.¹
276 773 365 840 Dixit
385 773 545 852 Dominus
566 772 709 838 Domino
732 795 814 854 uteo,
835 770 921 836 Sede
945 769 964 834 a'
985 770 1106 836 dextris
1126 769 1215 860 meis,
1327 764 1332 772 ’

63 873 163 941 donec
183 895 325 962 posuero
351 879 498 944 inimicos
524 887 597 943 tnos
624 875 801 942 scabellum
827 875 946 963 pedum
972 873 1121 938 tuorum?
1162 867 1215 932 ts.

62 977 92 1041 st
114 997 193 1066 ergo
213 979 321 1045 David
342 991 438 1046 vocat
459 1001 531 1044 eum
549 979 740 1058 Dominum,
760 977 925 1066 quomodo
947 975 1035 1044 filius
1057 977 1126 1039 eius
1148 974 1215 1036 est?
1256 1055 1259 1066 Ι

61 1081 107 1146 46.
126 1083 168 1148 Et
185 1105 283 1149 nemo
300 1093 432 1170 poterat
453 1085 485 1148 ei
502 1081 702 1170 respondere
722 1076 904 1170 quicquami
925 1101 1032 1166 neque
1044 1097 1139 1152 ausus
1154 1074 1216 1140 luit
1243 1067 1249 1070 ’

19 1275 23 1284 ⁸
61 1187 225 1272 quitquam
248 1186 366 1254 exilio
388 1187 442 1252 die
465 1207 538 1252 enm
561 1183 696 1272 amplius
716 1189 924 1272 interrogare.

140 1351 280 1420 lllARC.
300 1355 368 1420 ΧΗ.
409 1355 459 1420 35.
480 1353 522 1420 Et
542 1351 746 1441 respondens
767 1353 855 1418 lesus
877 1349 1014 1426 dicebat,
1037 1346 1158 1414 docens
1180 1346 1216 1410 in

61 1455 189 1542 templo,
208 1453 386 1544 Quomodo
406 1453 670 1534 dicuntScribae,
692 1455 854 1525 Christum
878 1437 948 1520 esse
969 1453 1071 1518 filiurn
1085 1443 1216 1514 David?

59 1562 106 1625 36.
136 1563 219 1628 Nam
248 1541 318 1645 ipse
338 1556 447 1624 David
469 1559 548 1625 dixit
575 1565 611 1626 in
631 1560 754 1646 Spiritu
780 1571 907 1636 sancto,
936 1559 1026 1622 Dixit
1055 1554 1217 1618 Dominus

58 1659 202 1728 Domino
223 1683 313 1738 meo,
354 1660 433 1728 sede
455 1683 473 1728 a
496 1663 614 1730 dextris
635 1665 728 1741 meis,
771 1660 878 1729 donec
905 1678 1047 1746 posuero
1069 1651 1228 1722 iuimicns'
1270 1643 1278 1654 ”

59 1771 130 1830 tuos
151 1762 329 1830 scabellum
349 1763 469 1849 pedum
492 1775 628 1832 tuorum.
653 1767 704 1830 37.
721 1763 793 1852 lpse
807 1786 883 1849 ergo
898 1753 1005 1828 David
1026 1771 1122 1826 vocet
1142 1775 1224 1824 eum
1324 1757 1327 1770 '

58 1864 250 1933 Dominum:
276 1878 309 1934 et
333 1865 422 1934 nude
443 1866 530 1934 filius
552 1871 621 1936 eius
647 1871 713 1936 est?
753 1869 797 1936 Et
822 1866 921 1936 multa
942 1861 1038 1932 turba
1062 1857 1218 1928 audiebat
1288 1858 1291 1875 '

12 2065 14 2072 y
56 1969 148 2036 illum
169 1969 319 2037 libenter.
1217 1959 1222 1970 ¹

140 2103 245 2171 LUC.
265 2105 334 2170 xx,
374 2105 426 2170 41.
458 2105 547 2174 Dixit
574 2117 680 2173 antem
706 2103 747 2171 ad
775 2103 865 2182 illos,
899 2097 1077 2189 Quomodo
1106 2059 1218 2162 dicunt

56 2205 223 2273 Christum
247 2227 317 2272 essa
338 2205 442 2272 filium
462 2207 591 2274 David?
632 2210 683 2273 42
703 2207 745 2272 Et
765 2209 834 2292 ipse
846 2203 955 2270 David
976 2201 1054 2268 dicit
1074 2203 1109 2264 in
1130 2197 1217 2263 libro

57 2309 267 2386 Psalmnrum,
288 2308 377 2373 Dixit
397 2308 558 2375 Dominus
571 2309 715 2375 Domino
736 2329 818 2382 meo,
839 2307 926 2373 Sede
948 2331 966 2372 a
989 2304 1109 2370 dextris
1129 2304 1218 2379 meis,

54 2415 107 2478 43.
137 2413 258 2474 Donec
283 2431 426 2496 posuero
452 2413 602 2476 inimicos
626 2422 700 2476 tuns
727 2407 905 2501 scabellum
932 2407 1051 2494 pedum
1077 2415 1217 2470 tuorum.
1253 2435 1267 2464 x
1326 2419 1336 2450 ³

54 2515 109 2580 44.
123 2509 236 2578 David
249 2532 326 2600 ergo
338 2477 512 2580 Dominum
524 2511 614 2579 illum
625 2523 735 2600 vocat3
751 2523 784 2580 et
795 2509 961 2600 quomodo
970 2507 1058 2574 filius
1069 2510 1138 2572 eius
1151 2511 1219 2574 est?

138 2705 244 2766 ttutb.
263 2712 311 2772 42.
358 2704 438 2842 Quid
458 2707 535 2791 vobis
557 2705 676 2800 uidetur.
721 2663 835 2798 §lariqs⁸
860 2702 1024 2792 exprimunt
1048 2699 1164 2789 Marcus
1188 2711 1220 2760 et

56 2787 173 2874 Lucas,
189 2803 244 2871 rur
263 2783 320 2844 boc
341 2781 366 2843 C
389 2795 475 2874 rietus
495 2785 666 2865 quaesterit,
686 2805 754 2868 qma
773 2783 885 2844 scrlrcet
905 2799 992 2870 prava
1013 2789 1091 2868 mter
1108 2776 1219 2842 scribas

57 2854 1219 3017 ttttleltttbttt‘ttblt“ltitittrttllltilttitt:

57 3016 116 3076 tius
137 3033 239 3080 secum
258 3012 390 3076 afferret.
457 3037 503 3076 am
522 2982 621 3078 statiui
638 3037 655 3076 r
686 3014 773 3074 initio
784 3013 875 3074 Satan
889 3010 1109 3090 quibuscunque
1121 3007 1220 3086 potuit

57 3091 175 3152 artibus
194 3089 333 3179 ficticiqm
352 3091 479 3170 aliquem
492 3079 642 3155 Cbristnm
655 3110 824 3171 supponere
844 3099 966 3149 conatus
987 3083 1112 3176 estqqui
1131 3104 1217 3144 verus

57 3190 121 3228 nou
144 3177 222 3228 esset
239 3166 298 3256 Der
312 3179 349 3228 ‘et
368 3169 519 3230 bominum
537 3169 691 3232 mediator.
736 3167 814 3242 Quia
838 3165 927 3225 toties
949 3163 1102 3254 pollicitus
1123 3161 1220 3252 suerat

58 3245 153 3318 Deus,
174 3245 359 3322 proditurum
380 3265 442 3304 esse
455 3243 604 3308 Christum
623 3243 779 3306 exsemine
799 3242 854 3316 vel.
865 3240 971 3300 lumbis
982 3239 1112 3312 Davidrs,
1132 3239 1219 3298 altius

57 3317 1060 3459 tuemstitueruntmtumt1'eltutus
1079 3323 1219 3450 illisis

57 3488 126 3548 tan,
180 3472 301 3532 hristum
320 3475 441 3556 agnosci
460 3495 562 3536 verum
581 3474 731 3535 bominem
752 3483 782 3532 et
801 3441 891 3533 filiurn
911 3413 1141 3547 Davidss’mquia
1161 3467 1218 3525 boc

59 3551 129 3612 lidei
151 3561 241 3628 caput
251 3549 429 3612 labefactare
445 3552 551 3612 trustra
561 3561 716 3613 tentassem
736 3549 820 3630 sed(
844 3547 903 3608 und
923 3544 1051 3607 deterius
1071 3545 1149 3619 erat)
1167 3558 1220 3600 sua

58 3630 146 3690 illurn
167 3626 286 3688 Deitate
306 3627 437 3703 nudavit,
457 3629 538 3708 quasi
547 3649 621 3688 unus
633 3627 760 3707 quilibet
771 3645 805 3684 ex
823 3571 842 3684 d
1070 3695 1078 3710 ‚
1113 3695 1120 3708 ·
1170 3691 1201 3705 ..

59 3706 156 3784 Atqui
169 3703 233 3768 boc
252 3702 343 3764 modo
362 3724 429 3783 spes
450 3706 564 3766 suburae
584 3716 615 3772 et
633 3716 771 3764 aeternae
789 3703 866 3762 vitae
886 3711 917 3764 et
937 3695 1092 3778 spiritualis
1111 3703 1221 3752 rustrtra

844 3625 888 3686 llis
898 3623 981 3684 Adae
992 3631 1078 3692 esset
1097 3618 1218 3678 fullerus.
1336 3635 1353 3666 a

58 3781 248 3846 abolebatur·
286 3781 330 3840 Ex
350 3800 409 3858 quo
428 3801 500 3842 vern
521 3780 664 3842 exhibitus
687 3779 745 3840 fuir
764 3777 896 3842 Christus
921 3774 1049 3848 mundo,
1087 3767 1221 3850 pluribus
1321 3821 1323 3832 .

58 3859 108 3919 vel
127 3857 281 3933 machinis,
300 3856 346 3992 opp
366 3856 506 3918 cuniculis
526 3879 604 3918 nunc
623 3858 792 3930 humanam,
809 3875 887 3916 nune
906 3851 1034 3912 divinam
1053 3847 1114 3908 eius
1133 3857 1221 3904 natu-

59 3956 125 3996 ram
148 3945 280 3994 evertere
301 3955 316 3993 c
340 3932 401 3992 nati
419 3945 487 3994 sunt
505 3934 655 4008 baeretici,
674 3953 713 3994 ne
731 3931 780 3994 vel
795 3931 838 3992 illi
849 3931 886 3990 ad
897 3949 952 3989 nos
961 3924 1120 3986 servandos
1150 3921 1220 3982 lena

60 4023 141 4074 esset
161 4022 307 4090 potestas,
325 4009 374 4072 vel
394 4009 542 4072 familiaris
562 4011 599 4070 ad
618 4031 685 4072 eum
704 4027 834 4074 accessus
853 4004 941 4066 uobis
961 4013 1083 4083 pateret
1122 3943 1220 4090 long)

61 4109 156 4170 quum
176 4087 375 4148 iameinstaret
395 4089 468 4148 bora
486 4087 599 4162 mortis,
617 4095 751 4147 testeum
767 4076 1222 4166 iacereDeitatemsuamvolurt

59 4169 69 4226 i
93 4187 126 4227 se
148 4165 307 4240 Dominis,
346 4177 378 4226 ut
401 4163 549 4246 intrepide
573 4163 606 4224 in
630 4163 726 4243 ipsum
745 4159 931 4222 recumberet
954 4156 1071 4236 piorum
1090 4175 1221 4214 omnium

82 4241 185 4304 ducis:
215 4263 284 4302 nam
303 4240 328 4302 si
346 4243 437 4302 bomo
456 4251 570 4302 tantum
590 4251 681 4315 esset,
712 4257 809 4319 neque
828 4237 859 4298 in
883 4235 949 4326 ipso
968 4232 1072 4323 liceret
1089 4229 1222 4313 gloriari,
1253 4305 1260 4310 ι

59 4338 165 4400 neque
185 4317 223 4380 ab
242 4316 308 4399 ipso
327 4317 449 4394 salutem
467 4335 595 4421 spepare.
614 4317 701 4380 Nunc
721 4327 854 4378 tenemus
874 4329 935 4374 ema
955 4309 1121 4386 constitum,
1141 4305 1224 4389 quod

179 4405 190 4434 Ι
