2756 4838
476 57 487 92 l

381 215 463 294 (le
501 213 584 274 lesus
604 233 714 296 pueros
732 215 888 294 muleens.)
1156 223 1212 285 161

123 365 231 426 'blatth
256 371 303 434 13
355 365 506 444 Disdpuls'
532 381 626 427 uideni
654 365 851 444 increpabaris.
900 366 933 426 Si
957 366 1126 448 impositum
1151 371 1213 433 eius

63 442 142 535 capiti
161 441 262 504 fuisset
282 443 425 520 diadema,
445 443 574 504 libenter
593 445 724 504 necsine
758 445 840 527 lausp
852 445 1044 523 excepissent,
1064 447 1213 526 quiapro-

62 541 148 600 pnum
168 520 229 580 eius
248 541 353 580 munus
373 521 505 580 nonduin
524 519 676 580 tenebant.
746 542 801 594 nur
819 541 890 580 vero
903 521 1056 603 indiguum
1070 522 1131 582 eius
1165 543 1213 582 er·
1255 545 1257 550 ’

61 617 125 655 sona
144 616 205 656 esse
226 597 346 670 ducunt,
366 617 475 676 pueros
495 597 661 658 admittere:
682 618 737 658 nec
749 598 854 658 colore
866 618 950 657 error
962 597 1090 658 carebat.
1162 600 1214 660 uid

62 673 132 732 enim
151 693 216 732 cum
236 671 397 734 infantibus
416 675 533 755 negotii
556 675 668 733 somnio
690 673 859 754 Prophetae
882 695 915 734 ac
934 671 993 733 Dei
1014 673 1112 737 Filio?
1152 675 1214 736 Sed

62 747 120 808 hine
140 748 285 824 discimus,
304 771 457 830 perversos
478 771 539 810 esse
559 749 680 824 iudices,
700 751 750 830 qui
770 770 805 810 ex
824 752 918 812 carnis
938 757 1005 810 sitae
1021 751 1213 812 sensu'aesti-

60 838 132 885 mant
151 823 315 886 Christum:
341 827 465 886 subinde
486 827 565 886 enim
585 827 628 900 fit,
648 839 681 886 ut
698 825 830 907 spolient
849 825 924 886 eum'
934 829 1061 917 propriis
1082 829 1214 902 dotibus,

62 912 86 958 et
103 923 212 962 rursum
232 923 307 982 quae
327 903 358 962 iii
379 924 446 964 eum
465 903 585 964 minime
605 916 778 985 competunt
794 903 847 964 sub
865 924 964 983 specie
985 904 1106 966 honoris
1125 905 1212 965 affin-

60 988 130 1056 gant.
167 979 247 1038 Hinc
267 991 334 1038 nata
355 992 399 1040 est
417 979 558 1039 immensa
578 1001 611 1039 su
634 981 820 1052 erstitionum
840 979 1012 1061 congeries,
1037 1001 1112 1060 quae
1133 981 1213 1040 ficti-

61 1053 126 1111 cium
147 1055 297 1116 Christum
316 1055 427 1116 mundo
447 1055 568 1115 induxit¹
607 1001 708 1132 &uait
728 1056 881 1132 discamus,
902 1077 963 1116 non
983 1056 1069 1116 aliter
1088 1057 1125 1118 de
1146 1058 1211 1137 ipso

60 1129 158 1189 sentire
179 1151 265 1221 quani
286 1132 348 1212 ipse
368 1134 473 1207 docet,
498 1152 555 1194 nec
575 1132 659 1192 aliam
679 1133 722 1192 illi
741 1133 864 1192 induere
884 1152 1056 1214 personam,
1123 1155 1169 1194 am
1193 1156 1212 1195 a

60 1203 137 1265 Patre
156 1205 213 1266 fuit
233 1208 379 1287 imposita.
418 1209 571 1282 Videmus,
591 1209 661 1288 quid
681 1210 711 1268 in
730 1221 841 1300 papatu
861 1210 1030 1290 contigerit
1069 1210 1212 1290 bagnum

58 1301 84 1339 se
103 1280 220 1344 Christo
241 1285 385 1345 honorem
406 1285 524 1344 deferre
543 1297 695 1364 putarunt,
713 1308 738 1346 si
750 1305 849 1345 coram
863 1283 944 1364 panis
958 1284 1081 1346 frustulo
1094 1306 1126 1346 se
1139 1307 1212 1366 pro-

57 1369 228 1419 sternerent:
256 1359 368 1422 foetida
389 1383 489 1421 coram
508 1361 576 1422 Deo
597 1361 789 1421 abominatio.
827 1361 953 1420 Rursum
973 1361 1040 1440 quia
1060 1381 1121 1420 non
1143 1363 1212 1422 satis

57 1431 242 1496 honorificum
264 1439 292 1496 ei
310 1437 455 1518 putabant
474 1457 548 1513 esse,
567 1438 700 1499 advocati
722 1437 806 1496 obire
840 1458 874 1497 ro
887 1435 974 1498 nobis
987 1457 1102 1510 munus,
1121 1438 1211 1497 irinu-

56 1513 220 1652 dimili?
239 1525 382 1593 patronos
402 1526 559 1575 crearunt:
579 1515 661 1594 atqui
681 1515 738 1574 hoe
757 1459 848 1574 modo
870 1523 987 1594 ereptus
1007 1512 1051 1573 illi
1070 1513 1125 1573 fuit
1144 1515 1211 1576 Me-

74 1599 168 1648 ritoris
213 1611 299 1650 onor.

122 1672 167 1728 ld.
207 1665 301 1727 Sinite
314 1688 434 1742 pueros.
472 1667 623 1744 Testatur,
642 1687 673 1728 se
692 1667 769 1728 velle
785 1673 897 1758 pueros
916 1663 1081 1742 admittere,
1102 1677 1210 1728 ettan-

55 1737 113 1798 deui
131 1741 161 1800 in
179 1743 265 1802 ulnas
284 1755 422 1824 receptus
441 1762 505 1804 nou
524 1745 615 1804 modo
636 1744 851 1825 complectitur,
870 1743 922 1803 sed
938 1762 1074 1802 manuum
1087 1743 1211 1836 imposi-
1274 1761 1279 1772 ·
1317 1773 1319 1784 ι
1361 1791 1362 1800 ,

55 1814 128 1874 tione
139 1817 304 1881 benedicit:
324 1819 403 1880 unde
424 1820 589 1904 colligimus
605 1823 641 1882 ad
662 1821 737 1880 hane
749 1839 869 1900 quoqne
880 1829 1006 1878 aetatem
1019 1821 1137 1880 extendi
1148 1842 1211 1882 eius

55 1893 176 1970 gratiam
206 1898 271 1957 Nec
283 1897 403 1956 mirum:
423 1917 491 1958 uam
509 1919 598 1988 quiim
616 1909 712 1958 totum
723 1917 816 1978 genus
826 1895 910 1955 Adae
929 1895 983 1955 sub
1003 1897 1107 1957 mortis
1126 1909 1212 1959 reatu
1262 1945 1265 1952 ,
1361 1907 1362 1914 ’

56 1969 214 2034 conclusum
243 1971 295 2048 sit,
321 1994 423 2035 omnes
449 1995 465 2034 a
484 1995 607 2034 minimo
627 1995 720 2053 usque
741 1975 777 2036 ad
797 1973 951 2032 maximum
971 1973 1070 2052 perire
1090 1994 1212 2035 necesse

56 2055 107 2118 est,
132 2047 188 2108 nisi
209 2070 284 2130 quos
305 2050 394 2131 eripit
411 2071 486 2110 unus
506 2051 700 2132 Redemptor.
737 2053 850 2110 Arcere
869 2069 940 2110 vero
962 2069 978 2108 a
997 2051 1212 2130 redemptionis

55 2121 139 2253 gratia
158 2137 284 2185 aetatem
304 2127 392 2202 illam,
412 2127 498 2187 nimis
518 2128 636 2188 crudele
658 2128 750 2186 foret:
771 2127 871 2203 itaque
887 2125 966 2185 hunc
982 2125 1117 2205 clypeum
1127 2128 1213 2188 Ana-

72 2199 178 2276 aptistis
199 2223 261 2261 non
280 2214 393 2262 temere
411 2204 599 2282 opponimus.
632 2201 799 2262 infantibus
810 2200 987 2280 baptismum
1000 2212 1122 2282 negant,
1141 2203 1212 2282 quia

55 2291 109 2332 tion
127 2277 186 2336 sint
205 2281 268 2338 eius
286 2279 417 2359 mysterii
438 2299 570 2358 capaces,
591 2278 672 2358 quod
692 2278 752 2338 illic
771 2277 913 2369 signatur.
951 2277 1015 2335 Nos
1035 2287 1139 2336 contra
1160 2299 1211 2338 ex·
1233 2290 1237 2303 ¹

56 2347 76 2406 ci
96 2350 184 2428 imus,
212 2375 302 2433 quum
328 2353 473 2436 gratuitae
497 2366 685 2433 peccatorum
704 2351 901 2426 remissionis,
930 2351 1074 2442 simulque
1093 2352 1212 2415 divinae

55 2369 216 2507 adhptionis
238 2430 345 2510 pignus
366 2449 399 2488 ac
420 2427 512 2510 figura
532 2428 569 2489 sit
589 2429 758 2509 baptismus,
777 2426 939 2487 infantibus
958 2427 1079 2486 minime
1095 2431 1133 2490 ne
1157 2451 1211 2489 aii-

56 2499 114 2562 dum
139 2525 220 2579 esse,
248 2525 322 2584 quos
342 2505 424 2564 Deus
449 2506 587 2585 adoptat,
613 2518 643 2565 et
660 2505 730 2564 titii
749 2503 793 2564 sui
813 2504 956 2583 sanguine
977 2501 1077 2561 abluit
1151 2505 1212 2567 und

55 2581 262 2654 poenitentiam
281 2581 418 2660 vitaeque
439 2583 600 2641 novitatem
619 2581 705 2646 simul
725 2581 785 2640 illic
804 2577 924 2662 figurari
943 2577 1098 2652 obiiciunt,
1118 2579 1211 2644 facilis

54 2652 155 2716 solutio
176 2668 230 2732 est,
250 2656 388 2718 renovari
406 2657 466 2718 Dei
486 2659 507 2718 S
531 2651 601 2717 iiitu
619 2677 674 2738 pro
696 2657 797 2718 aetatis
816 2653 949 2730 modulo,
969 2655 1065 2715 donec
1077 2675 1130 2734 per
1163 2677 1211 2717 ia-

54 2728 100 2790 dus
118 2754 171 2793 suo
191 2745 252 2794 tem
277 2754 330 2794 ore
350 2733 476 2815 quaein
496 2679 553 2796 illis
573 2733 688 2796 occulta
709 2746 753 2796 est
772 2731 862 2792 virtus
882 2740 1034 2812 augescat,
1060 2742 1090 2790 et
1113 2677 1211 2811 palam

54 2807 201 2890 refulgeat.
242 2755 334 2886 guod
353 2822 452 2872 autem
472 2831 535 2872 nou
554 2809 640 2872 aliter
658 2809 845 2872 reconciliari
865 2829 920 2870 iios
933 2807 1001 2866 Deo
1022 2817 1053 2866 et
1072 2808 1211 2889 adoptio-

54 2880 92 2941 nis
112 2886 251 2948 haeredes
271 2887 336 2948 fieri
356 2889 543 2948 contendunt
562 2908 648 2967 quani
668 2887 737 2963 lide,
756 2887 814 2947 boc
836 2885 872 2945 de
886 2882 992 2944 adultis
1003 2883 1138 2960 fatemur,
1157 2884 1212 2948 sed

54 2962 126 3032 quod
145 2964 182 3023 ad
201 2963 330 3024 infantes
349 2965 465 3039 attinet,
483 2963 586 3024 falsum
606 2985 669 3025 esse
690 2961 842 3026 convincit
852 2961 899 3021 liic
913 2961 1003 3020 locus.
1038 2961 1129 3022 Certe
1147 2981 1211 3022 nou

56 3030 204 3114 lusorium,
229 3061 287 3101 nec
305 3042 395 3101 inane
415 3040 580 3122 symbolum
601 3053 664 3102 erat
682 3059 820 3100 manuum
838 3037 1006 3120 impositio,
1025 3057 1082 3097 nec
1102 3037 1212 3099 frustra

53 3126 147 3183 preces
167 3116 197 3176 in
218 3123 315 3178 aerem
330 3117 463 3179 Christus
484 3119 603 3178 effudit:
623 3117 798 3178 sollenniter
817 3127 914 3174 autem
935 3113 1046 3175 offerre
1057 3113 1126 3175 Deo
1146 3136 1212 3176 nou

53 3189 160 3266 potuit,
180 3193 253 3273 quin
263 3194 399 3285 puritate
420 3194 554 3255 donaret.
594 3193 677 3268 Quid
694 3214 765 3254 vero
785 3193 843 3252 illis
863 3202 998 3271 precatus
1019 3203 1078 3266 est,
1101 3192 1157 3252 nisi
1177 3197 1211 3251 ut

53 3263 249 3345 reciperentur
268 3282 347 3330 inter
363 3269 424 3331 Dei
443 3271 539 3334 filios?
559 3272 637 3330 unde
657 3270 798 3349 sequitur,
817 3290 849 3329 re
873 3267 968 3328 enitos
985 3265 1099 3347 Spiritu
1120 3263 1211 3328 fuisse

53 3353 79 3392 ¹¹¹
98 3361 177 3430 spem
197 3347 307 3407 salutis.
346 3347 415 3430 Ipse
436 3347 563 3427 denique
584 3346 730 3426 amplexus
751 3347 831 3405 testis
851 3289 922 3417 luti,
948 3344 1062 3406 censeri
1087 3344 1167 3478 igsos
1193 3365 1210 3402 a

55 3407 166 3481 Christo
186 3423 217 3483 in
239 3444 293 3484 suo
314 3444 416 3506 grege.
460 3423 577 3499 Quodsi
598 3423 742 3482 donorum
769 3419 978 3502 spiritualium,
1004 3440 1079 3500 quae
1124 3431 1213 3502 gurat

54 3483 227 3575 Baptismus,
248 3511 401 3579 compotes
422 3498 556 3572 fuerunt,
582 3511 702 3560 externo
728 3497 814 3578 signo
840 3497 947 3578 privari
975 3495 1131 3556 absurdum
1157 3505 1211 3554 est.

55 3560 197 3656 §acrilega
216 3597 289 3636 vero
301 3575 422 3636 audacia
435 3586 488 3650 est,
508 3573 629 3658 abigere
649 3574 752 3655 procul
773 3573 809 3633 ab
831 3575 901 3636 ovili
916 3572 1037 3644 Christi,
1057 3589 1131 3649 quos
1147 3569 1212 3649 ipse

52 3657 81 3696 tn
103 3645 165 3707 siiiu
188 3674 243 3713 suo
270 3653 367 3725 fovet,
398 3665 429 3713 et
475 3653 535 3712 uasi
560 3664 712 3712 extraneos
738 3649 833 3710 clausa
859 3651 946 3710 ianua
970 3647 1109 3720 reiicere,
1136 3665 1212 3724 quos

54 3719 199 3790 prohiberi
219 3750 281 3789 non
301 3728 374 3790 vult.
413 3729 446 3788 Τ
473 3733 533 3788 iiim
552 3743 593 3789 est
610 3751 690 3805 rugii.
710 3727 781 3788 coel.
814 3727 878 3786 llac
898 3744 972 3790 voce
993 3734 1051 3782 tam
1072 3721 1211 3801 parvulos

55 3807 134 3865 tuam
153 3823 255 3866 eorum
276 3805 384 3865 similes
404 3806 637 3898 comprehendit.
676 3804 788 3864 Insulse
809 3804 887 3862 enim
901 3797 1113 3888 Anabaptistae
1134 3817 1209 3878 pne-

55 3883 99 3928 f⁰⁵
119 3880 288 3958 excludunt,
308 3903 325 3942 a
347 3881 451 3960 quibbs
471 3882 587 3942 initium
608 3881 672 3942 lieri
693 3879 830 3940 debebat.
870 3877 930 3938 Sed
954 3877 1073 3934 interim
1097 3885 1211 3952 sumpta

57 3959 134 4033 ‘Ue
153 3960 301 4044 praesenti
324 3959 497 4033 occasione,
531 3959 642 4018 hortari
667 3977 734 4018 suos
760 3955 874 4028 voluit,
898 3965 931 4012 ut
955 3950 1065 4010 malitia
1087 3962 1117 4010 et
1136 3950 1213 4009 fastu

56 4033 188 4092 exinaniti
213 4035 357 4115 puerilem
385 4047 518 4096 namrain
538 4035 704 4094 induerent.
743 4033 819 4092 Ideo
846 4030 924 4111 apud
943 4029 1075 4087 Marcum
1100 4039 1130 4086 et
1150 4026 1211 4086 Lu-

57 4113 116 4158 cam
135 4110 266 4187 additur,
287 4113 435 4173 neminem
455 4113 486 4172 iii
506 4131 631 4192 regnum
651 4109 803 4170 coelorum
820 4127 910 4200 posse
930 4103 1063 4195 ingredi,
1084 4101 1147 4195 nisi·
1160 4101 1212 4182 qui

57 4187 146 4270 puero
166 4187 203 4245 sit
223 4190 393 4250 conformis.
440 4189 501 4250 Sed
525 4186 655 4248 notanda
681 4196 724 4246 est
743 4184 828 4244 Pauli
852 4181 1033 4256 admonitio,
1059 4200 1098 4240 ne
1124 4199 1212 4240 simus

57 4265 136 4322 pueri
154 4281 251 4341 sensu,
270 4271 322 4328 sed
342 4265 451 4327 malitia
471 4267 511 4346 (1.
532 4263 604 4324 Cor.
622 4269 673 4340 tt,
691 4264 763 4339 20.)-

81 4348 168 4404 euitat
181 4378 265 4412 uum.
280 4370 304 4414 in
317 4369 399 4416 ΙΙιιηι.
412 4369 457 4414 ttv.
472 4367 526 4414 Vel.
540 4367 573 4415 ll.
977 4340 1014 4400 ss
