2778 4838
638 121 648 150 b

332 243 500 324 (ιω-57.
537 242 585 302 De
603 242 730 324 repudio
750 253 782 304 et
800 243 967 336 coniugio.)
1173 252 1236 318 157

70 413 131 454 reni
151 377 326 454 inscribant.
366 393 483 471 Quodsi
507 415 542 456 ex
560 393 676 480 legdbus
723 395 829 458 oliticis
848 415 911 457 nou
929 415 1062 477 semper,
1090 417 1148 460 nec
1166 399 1235 461 ubi-

70 491 126 550 que
146 471 278 608 getcnda
299 482 344 532 est
361 485 463 534 sancte
483 473 591 554 pieque
609 418 728 575 vivendi
744 473 858 557 regula,
876 474 971 536 multo
990 475 1085 536 miuus
1105 496 1140 536 ex
1160 497 1235 538 cou-

68 559 150 608 suctu
173 568 236 608 inc.

136 619 172 690 9.
214 623 294 684 Dico
314 639 408 686 numm
426 625 514 687 urbib.
553 627 669 720 Marcuq
682 629 741 688 lioc
760 647 892 688 seorsum
912 625 1060 707 discipulis
1079 627 1169 690 fuisse
1188 629 1236 690 di-

71 712 147 761 ctum
167 701 279 774 refert,
300 721 390 781 quum
411 705 531 764 domum
550 705 714 766 venissent:
733 704 900 765 Matthaeus
920 716 1035 779 autem,
1055 703 1160 766 ondssa
1180 707 1236 767 bac

70 777 299 853 circumstantia,
319 799 485 841 sermonem
504 783 646 857 contexit,
665 794 699 841 nt
716 801 805 862 saepe
815 779 1023 864 Evangelistae
1038 781 1167 842 medium
1178 782 1234 842 ali-

70 855 137 934 quid
157 854 350 932 relinquunt,
379 857 446 937 qnia
472 858 540 918 satis
566 859 677 919 babent
700 879 798 919 rerum
817 879 941 918 summas
962 857 1113 940 colligere.
1151 857 1234 920 Nihil

70 951 139 1010 ergo
160 931 338 992 discriminis
358 945 417 1009 est,
443 934 500 994 nisi
520 934 601 1013 quod
625 935 701 995 alter
719 934 813 996 altero
835 933 998 998 distinctius
1016 955 1082 995 rem
1101 936 1233 1015 exponit.

69 1008 186 1066 Summa
209 1019 308 1068 autem
328 1021 384 1069 est:
405 1011 536 1100 quamvis
555 1011 616 1071 Lex
636 1012 760 1074 divortia
780 1030 843 1072 non
863 1011 981 1091 puniat,
1007 1032 1081 1091 quae
1101 1014 1233 1092 aprima

68 1083 123 1144 Dei
142 1083 333 1145 institutione
353 1085 509 1162 dissident,
528 1088 694 1149 adulterum
713 1099 812 1148 tamen
833 1107 910 1162 csse,
941 1088 990 1168 qui
1010 1089 1119 1157 reiecta
1138 1110 1232 1150 uxore

66 1159 184 1222 alteram
205 1159 265 1220 sibi
285 1162 401 1242 accipit.
438 1165 544 1243 Neque
569 1165 648 1226 enim
675 1177 719 1226 est
744 1164 775 1224 in
801 1164 928 1224 bominis
953 1164 1077 1225 arbitrio
1099 1166 1234 1248 coniugii

68 1237 151 1298 fidem
170 1237 301 1313 solvere,
321 1260 407 1319 quani
427 1239 573 1300 Dominus
594 1253 686 1302 ratam
706 1261 826 1302 manere
846 1240 923 1302 vult:
943 1240 1041 1320 itaque
1062 1241 1159 1322 pellex
1178 1253 1234 1317 est,

67 1334 138 1393 quae
158 1313 314 1398 legitimae
334 1317 431 1378 uxoris
451 1329 549 1377 torum
561 1330 696 1410 occupat.
734 1315 862 1397 Additur
881 1329 978 1377 autem
998 1319 1143 1397 exceptio,
1163 1319 1233 1398 quia

66 1389 167 1451 mulier
187 1393 368 1466 scortando,
407 1413 439 1454 se
465 1395 547 1474 quasi
573 1388 719 1476 putriddm
745 1391 910 1454 membrum
930 1415 946 1452 a
965 1393 1029 1454 uiro
1049 1394 1232 1471 rescindens,

68 1487 130 1527 cum
150 1468 270 1528 liberat.
298 1469 360 1544 Qui
373 1469 443 1531 alias
456 1491 554 1530 causas
576 1471 754 1554 excogitant,
775 1469 842 1550 quia
861 1489 950 1560 supra
969 1470 1138 1551 magistrum
1159 1468 1230 1532 coel·

66 1543 165 1604 lestem
184 1563 292 1624 sapere
311 1545 427 1621 volunt,
446 1547 553 1608 merito
574 1561 642 1608 sunt
661 1545 847 1628 repudiandi.
882 1545 1106 1625 blcpbantiasiu
1125 1547 1232 1608 volunt

66 1619 166 1680 iustam
187 1643 220 1680 re
245 1621 306 1680 mlii
326 1643 441 1696 causam
459 1643 532 1698 esse,
552 1625 620 1706 qnia
640 1624 739 1694 morbi
758 1621 898 1704 contagio
919 1643 979 1682 non
1000 1624 1091 1684 modo
1111 1625 1149 1685 ad
1167 1643 1232 1685 mat-

66 1697 161 1772 ritum,
180 1643 242 1758 sed
256 1709 286 1757 et
306 1701 341 1760 ad
362 1699 471 1760 liberos
490 1701 654 1780 perveniat.
692 1703 760 1792 Ego
781 1709 889 1774 autern,
907 1698 993 1759 sicuti
1013 1701 1064 1779 pio
1077 1699 1142 1761 viro
1155 1723 1231 1762 con-

65 1773 125 1832 sulo
146 1786 180 1834 ιιι
200 1773 434 1854 elephantiacam
453 1797 575 1837 uxorem
594 1798 656 1837 non
677 1787 813 1858 attingat,
832 1775 870 1836 its
892 1776 953 1835 eius
972 1776 1172 1856 repudiandae
1191 1777 1230 1837 li-

65 1851 189 1911 centiam
210 1872 274 1910 non
295 1853 443 1932 permitto.
483 1854 517 1913 Si
536 1853 601 1933 quis
621 1854 758 1927 obiiciat,
778 1873 852 1931 opus
873 1851 981 1912 babere
1001 1853 1151 1929 remedio,
1178 1855 1230 1934 qui

66 1926 194 1988 coelibes
207 1928 310 1987 vivere
321 1941 483 2008 nequeunt,
502 1951 540 1990 ne
552 1943 690 1991 urantur:
711 1930 779 1992 dico
790 1929 951 1990 remedium
972 1949 1034 1990 non
1056 1951 1128 2006 csse,
1147 1933 1230 2011 quod

66 2013 138 2062 extra
150 2004 212 2064 Dei
232 2004 355 2064 verbum
376 2009 535 2091 quaeritur.
573 2008 661 2068 Addo
683 2007 781 2080 ctiam,
801 2025 951 2142 nunquam
968 2005 1141 2068 illisdelore
1153 2029 1228 2069 con·
1281 2019 1286 2026 “

64 2079 205 2142 tinentiae
226 2081 353 2157 donum,
392 2083 416 2142 si
435 2083 569 2144 Domino
590 2105 622 2146 se
646 2085 794 2165 regendos
813 2093 858 2142 tra
880 2093 946 2152 ant,
977 2083 1045 2162 quia
1064 2097 1230 2162 sequuntur

65 2158 141 2234 quod
160 2157 213 2218 illc
234 2158 431 2238 praescripsit.
471 2159 615 2250 Obrcpet,
628 2161 714 2220 alicui
734 2159 831 2219 uxoris
852 2157 1011 2230 fastidium,
1030 2171 1063 2218 ιιι
1082 2162 1228 2240 congredi

66 2252 126 2292 cum
148 2255 182 2294 ca
203 2255 268 2292 non
288 2235 444 2296 sustineat:
464 2257 502 2294 an
521 2235 591 2296 huic
609 2235 688 2296 malo
709 2233 877 2316 polygamia
889 2233 1074 2294 medebitur?
1096 2235 1228 2300 Alterius

65 2311 185 2369 uxorin
208 2309 355 2390 paralysin
376 2309 425 2370 vel
446 2310 630 2390 apoplexiam
649 2311 778 2382 incidet,
796 2309 843 2369 vel
863 2309 922 2368 alio
943 2309 1098 2370 incurabili
1116 2313 1225 2372 morbo
1257 2385 1264 2396 Ι

65 2378 224 2446 laborabit:
245 2405 285 2450 an
300 2385 421 2446 maritus
441 2386 677 2448 incontinentiae
697 2397 850 2465 praetextu
870 2385 950 2446 illam
970 2385 1104 2449 reiicietl
1131 2388 1226 2468 atqui

65 2461 165 2524 scimus
186 2461 306 2542 spiritus
327 2461 434 2522 auxilio
454 2483 604 2542 nunquam
625 2463 762 2537 destitui,
794 2462 843 2540 qui
864 2461 894 2520 in
914 2461 968 2542 viis
988 2461 1046 2520 suis
1066 2462 1227 2524 ambulant.

66 2535 261 2598 scortationis
281 2537 418 2597 vitandae
439 2559 535 2614 causa,
555 2537 780 2618 inquitl'anlus,
801 2537 923 2616 quisque
940 2557 1060 2597 uxorem
1080 2539 1227 2618 ducat(1.

66 2613 132 2678 Cor.
154 2621 188 2687 7,
209 2615 263 2690 b).
302 2614 371 2674 Hoc
412 2615 442 2674 ni
462 2615 549 2689 lecit,
568 2615 638 2675 licet
657 2634 720 2674 non
739 2615 877 2674 succedat
897 2633 930 2672 ex
947 2625 1033 2688 voto,
1055 2615 1115 2676 suis
1156 2617 1228 2676 arti-
1307 2629 1310 2643 '

64 2687 113 2752 bus
133 2692 293 2752 dclunctus
313 2700 366 2751 est.
432 2711 487 2776 rgo
507 2691 532 2750 si
553 2692 623 2772 quid
645 2691 729 2765 desit,
748 2691 807 2751 Dei
825 2689 955 2749 subsidio
968 2691 1119 2752 sarcielur.
1170 2692 1228 2756 ltra

64 2767 309 2850 progred1,nibil
330 2765 474 2829 aliudest
514 2790 580 2828 uam
592 2768 690 2828 Deum
710 2779 834 2829 tentare.
876 2767 966 2841 Quod
988 2779 1085 2827 autem
1104 2769 1228 2830 alteram

64 2861 173 2904 causam
195 2857 281 2904 notat
300 2843 408 2906 Paulus
428 2847 468 2926 (1.
490 2789 562 2906 dor.
581 2851 615 2919 7,
635 2853 682 2910 1².
702 2847 779 2924 15),
809 2863 916 2924 nempe
939 2843 992 2903 ubi
1016 2844 1226 2924 pietatis'odio

64 2921 203 3004 coniuges
224 2919 261 2980 ab
282 2921 440 2984 incredulis
460 2922 543 2982 reiici
563 2921 726 3004 contingit,
766 2941 829 2980 non
854 2941 916 2981 esse
946 2921 1017 2992 ,iuni
1037 2921 1158 2984 fratrem
1176 2923 1227 2985 vel

63 3013 192 3058 sororem
213 3009 286 3058 tunc
305 2999 437 3058 servituti
458 2997 628 3072 obnoxium,
647 2997 787 3061 aCbristi
802 3009 911 3060 mente
944 2998 1069 3059 iversum
1089 3021 1152 3060 non
1172 3011 1226 3062 est.

64 3069 164 3154 Neque
185 3076 264 3135 enim
284 3075 344 3136 illic
364 3076 401 3136 de
420 3076 495 3136 iusta
515 3076 631 3156 repudii
651 3096 736 3136 causa
752 3075 877 3148 disserit,
896 3075 947 3134 sed
968 3087 1081 3136 tantum
1101 3097 1139 3136 an
1157 3079 1225 3141 viro

65 3145 213 3211 incredulo
234 3150 376 3234 obstricta
395 3163 514 3214 mancat
531 3152 647 3227 mulier,
667 3163 823 3234 postquam
833 3150 892 3211 Dei
914 3151 985 3212 odio
1004 3153 1095 3233 impie
1114 3155 1227 3218 reiecta

64 3241 122 3282 non
142 3227 230 3288 aliter
248 3228 345 3289 redire
366 3229 396 3288 in
416 3229 541 3312 gratiam
562 3240 672 3308 potest,
693 3249 779 3308 quam
798 3229 930 3288 siDeum
950 3228 1088 3313 abneget.
1120 3231 1226 3307 Quare

65 3300 133 3360 nibil
151 3304 269 3380 mirum,
288 3305 314 3366 si
326 3305 432 3367 Paulus
447 3306 617 3366 alienationi
632 3305 729 3366 aDeu
746 3304 896 3366 dissidium
916 3327 982 3365 cum
1003 3307 1123 3368 bomine
1143 3331 1225 3370 mor-

64 3376 111 3436 tali
130 3381 288 3458 praelerat.
327 3383 453 3444 Videtur
471 3395 569 3442 tamea
590 3381 767 3472 supervacua
788 3403 958 3518 essequam
982 3383 1069 3463 ponit
1090 3383 1225 3446 Christus

66 3457 202 3535 exceptio.
241 3461 317 3518 llam
337 3459 362 3519 si
383 3459 508 3540 capitale
528 3457 704 3539 supplicium
716 3469 873 3520 meretura
896 3459 998 3534 ultera,
1019 3480 1158 3539 quorsum
1178 3473 1225 3521 at-

65 3527 135 3589 tinet
154 3535 190 3596 de
209 3535 336 3614 repudio
356 3535 460 3616 loqui?
498 3536 560 3596 Sed
580 3534 647 3626 quia
667 3535 764 3595 mariti
784 3548 847 3596 erat
866 3535 963 3595 uxoris
983 3535 1157 3596 adulterium
1176 3536 1224 3596 iu·-

66 3603 139 3668 dicio
152 3611 301 3691 persequi,
319 3623 355 3671 ιιι
366 3612 486 3674 (Ιοιιιιιιιι
496 3613 610 3694 llagitio
620 3623 776 3703 purgaret,
796 3612 888 3704 qualis
909 3613 1002 3747 qpalis
1022 3613 1112 3672 suerit
1132 3633 1223 3673 even-

66 3689 117 3757 tus,
135 3689 283 3762 maritum,
304 3688 354 3768 qui
374 3709 495 3749 uxorem
515 3688 716 3772 impudicitiae
730 3689 890 3761 convincit,
910 3709 925 3746 a
949 3689 1037 3748 solvit
1052 3686 1185 3748 Christus
1205 3709 1223 3750 a

66 3756 193 3825 vinculo:
233 3777 264 3824 ct
283 3765 347 3825 fieri
367 3775 480 3848 potest,
519 3765 602 3824 utin
623 3775 765 3844 corrupto
786 3777 817 3824 et
836 3765 984 3845 degenere
1004 3763 1117 3845 populo
1138 3765 1223 3824 buius

66 3851 178 3916 quoque
207 3841 326 3903 sceleris
357 3853 429 3901 tuuc
458 3863 503 3901 ma
548 3863 564 3902 a
589 3842 761 3924 regnaverit
785 3841 952 3921 impunitas.
1011 3839 1106 3899 Sicuti
1132 3841 1223 3902 bodie

86 3919 430 4002 emersablagistratuum
445 3919 517 3978 indu
530 3919 630 4001 gentia
650 3917 733 3993 facit,
752 3931 786 3979 ut
804 3937 923 3978 necesse
943 3915 1073 3976 habeant
1090 3912 1146 3976 riri
1165 3917 1222 3977 im·
1278 3952 1284 3965 ·

65 3927 146 4060 limas
166 4015 269 4055 uxores
289 3995 425 4070 relicere,
445 3995 513 4074 quia
534 3998 570 4056 de
591 3993 729 4055 adulteris
749 4015 847 4076 poena
867 4013 929 4052 non
949 3993 1080 4052 sumitur.
1104 3992 1223 4054 Notan-

67 4061 129 4123 dum
150 4083 246 4131 autem
267 4084 326 4147 est,
352 4090 509 4133 commune
530 4093 563 4132 ac
583 4084 715 4148 mutuum
737 4092 799 4132 esse
818 4069 863 4130 ius
883 4069 1034 4149 utriusque
1054 4069 1161 4149 partis,
1181 4071 1222 4131 si-

67 4140 122 4196 cuti
139 4159 238 4208 mutua
259 4161 290 4208 et
310 4169 363 4229 par
382 4159 426 4208 est
444 4148 513 4209 fidei
533 4147 688 4232 obligatio.
712 4149 788 4208 Nam
808 4167 897 4226 quum
917 4146 981 4206 aliis
1001 4146 1031 4205 in
1052 4145 1139 4208 rebus
1158 4145 1222 4230 pri·

65 4225 168 4279 matum
187 4224 233 4284 vir
250 4237 362 4302 teneat,
382 4227 480 4306 quoad
497 4235 595 4299 torum
608 4225 691 4285 uxori
704 4236 859 4304 aequatur:
880 4241 941 4281 non
963 4223 1040 4282 enini
1061 4236 1105 4285 est
1124 4222 1222 4285 domi-

65 4305 116 4348 nus
135 4303 267 4388 corporis
286 4301 339 4362 sui.
363 4303 447 4386 Ergo
469 4322 558 4381 quum
578 4301 694 4362 adulter
713 4321 729 4362 a
749 4299 890 4381 coniugio
910 4300 1064 4378 deiecerit,
1083 4313 1222 4383 partaest

66 4381 144 4429 uxori
174 4373 300 4441 libertas.
341 4379 401 4464 (liii
423 4376 607 4458 repudiatam
629 4375 760 4440 duruit.
803 4377 870 4438 Hoc
900 4377 1064 4440 membrum
1096 4377 1221 4463 pessime

145 4575 151 4607 l

291 4669 297 4700 l
