2756 4838
81 245 95 350 Α,
213 267 294 346 (tto.
333 263 500 343 Responsio
521 261 559 334 dc
573 263 795 326 resurrectione
814 268 1025 345 mortuorum.)
1144 273 1201 338 221
1276 353 1280 365 Ι

48 439 144 494 mann,
168 429 199 476 ut
226 419 263 477 de
288 417 343 480 ittis
369 429 400 478 et
419 417 527 478 Satana
548 416 650 482 coium
671 417 767 498 capite
787 419 956 498 triumphet.
996 419 1032 478 In
1051 418 1111 479 hoc
1130 441 1203 480 vero

49 514 184 586 responso
206 493 339 558 Christus
357 495 553 631 peculiariter
571 516 656 576 'suam
681 496 806 578 gloriam
834 495 980 558 iilustrare
1000 495 1110 573 voluit,
1135 497 1203 557 dum

48 584 142 655 coegit
161 571 276 652 pudore
296 591 436 633 corrosos
456 573 615 634 discedere.

121 871 228 956 (176.)
245 861 526 944 MATTHssxxtt.
554 878 606 945 23.
624 867 662 946 it't
680 855 740 944 iilo
763 877 817 943 die
840 886 1043 942 accesserunt
1064 871 1106 940 ad
1129 847 1202 943 eum
1325 862 1328 874 ⁸

46 976 237 1055 Sadducaei,
264 981 319 1064 qui
346 979 458 1046 dicunt
478 1002 545 1046 non
568 999 639 1046 esse
661 984 943 1057 resurrectionem:
972 989 1003 1044 et
1025 982 1200 1065 intorroga-

46 1091 152 1146 verunt
174 1081 268 1160 eum,
322 1085 372 1148 24.
403 1085 573 1163 Dicentss,
604 1060 773 1171 Magister,
807 1085 920 1150 Moses
947 1082 1041 1161 dixit,
1075 1087 1102 1147 si
1129 1087 1202 1170 quis
1230 1143 1233 1150 .

44 1195 180 1250 mortuus
210 1180 307 1252 t‘uerit
332 1209 400 1254 non
427 1187 551 1252 habens
572 1189 698 1268 tilium,
724 1199 760 1252 ut
788 1188 885 1253 ducat
912 1188 1010 1252 irater
1033 1187 1101 1251 e'ius
1122 1209 1201 1254 uxo·
1305 1207 1313 1230 ¹

44 1312 104 1354 rem
124 1289 227 1367 illiue,
243 1301 275 1356 et
296 1295 427 1356 suscitet
447 1311 556 1356 semen
578 1291 669 1356 fratri
690 1311 760 1355 suo.
801 1293 852 1356 25.
872 1293 974 1356 Erant
990 1273 1202 1376 autemapud

44 1416 98 1460 nos
123 1405 248 1480 septem
274 1393 403 1471 tratres,
430 1405 463 1460 et
486 1396 617 1480 primus'
634 1394 734 1458 uxore
758 1395 855 1477 ducta
878 1393 1049 1459 defunctus
1071 1401 1133 1459 est:
1162 1415 1202 1458 an

42 1520 103 1564 nou
130 1497 256 1563 habens
283 1509 407 1576 semen,
434 1497 567 1585 reliquit
589 1517 721 1562 uxorem
742 1517 830 1562 suam
853 1495 944 1561 fratri
964 1517 1039 1574 sus„
1074 1497 1125 1561 26.
1150 1496 1200 1562 Si-

41 1603 150 1667 militer
177 1601 404 1694 secunduset
431 1606 545 1667 tertius
572 1601 675 1686 usque
702 1597 745 1667 nd
772 1601 951 1687 septimum.
1004 1597 1055 1664 27.
1085 1599 1201 1700 Novis-

43 1709 114 1770 sime
136 1717 244 1810 antpm
266 1707 408 1776 onmium
429 1705 583 1770 defuncta
604 1687 653 1768 est
673 1713 707 1767 et
726 1701 854 1769 mulier.
907 1703 959 1768 28.
994 1703 1031 1784 ln
1057 1723 1200 1769 resurre-

45 1811 144 1873 ctione
171 1825 250 1894 ergo
277 1812 368 1874 cuius
396 1831 415 1874 e
442 1819 566 1896 septem
591 1805 657 1871 illis
682 1809 743 1871 erit
763 1813 863 1874 uxor?
904 1825 1016 1872 omnes
1039 1809 1122 1872 enim
1144 1807 1201 1874 ha-

43 1909 177 1978 buerunt
203 1933 283 1979 eam·
324 1913 375 1976 29.
400 1911 619 2000 Respondens
646 1921 751 1975 autem
775 1911 866 1975 Iesus
891 1913 936 1975 ait
961 1909 1041 1988 illis,
1068 1910 1201 1994 Erratis,

43 2017 219 2081 nescientes
250 2015 446 2101 Scripturas,
464 2033 467 2041 ·
484 2035 592 2100 neque
624 2015 774 2080 virtutem
805 2011 880 2077 Dei.
942 2014 994 2078 30.
1025 2015 1062 2080 in
1095 2037 1229 2081 resur-·
1258 1999 1263 2019 ⁸

42 2111 181 2186 rectione
209 2122 294 2183 enim
314 2141 421 2204 neque
443 2120 679 2182 matrimonium
700 2115 907 2193 contrahunt,
935 2137 1044 2202 neque
1067 2117 1199 2200 elocan-

44 2233 102 2288 tur:
132 2224 193 2290 sed
220 2231 294 2286 snut
321 2224 403 2285 sicut
430 2217 538 2305 angeli
563 2217 630 2282 Dei
656 2223 691 2284 in
718 2215 823 2286 coelo.
886 2218 936 2283 ³1.
978 2219 1032 2283 De
1057 2237 1209 2289 resuere:

42 2331 144 2393 ctione
171 2345 252 2392 vero
274 2333 477 2389 mortuorum
502 2340 571 2385 non
600 2320 734 2404 legistis,
764 2319 855 2404 qxtod
882 2317 976 2384 vobis
1003 2321 1122 2388 dictum
1150 2339 1200 2394 est

41 2453 55 2496 a
75 2434 160 2508 Deo,
183 2432 239 2514 qui
261 2429 314 2503 ait,
353 2425 406 2490 32.
433 2425 503 2508 Ego
526 2445 594 2486 sum
616 2423 709 2486 Deus
730 2421 908 2498 Abraham,
935 2433 968 2487 et
987 2423 1079 2490 Deus
1100 2429 1197 2510 isaac,

40 2545 68 2599 et
88 2535 182 2598 Deus
203 2527 323 2598 Iacob?
363 2528 457 2593 Dens
483 2545 551 2590 non
578 2534 627 2590 est
646 2525 739 2590 Deus
764 2537 977 2605 mortuorum,
1003 2525 1061 2591 sed
1088 2531 1198 2596 viven-

38 2641 121 2702 tium.
169 2633 221 2699 33.
255 2633 298 2697 Et
323 2651 420 2719 quum
447 2627 613 2694 audissent
638 2627 770 2708 turbae,
803 2628 1039 2716 obstupuerunt
1070 2629 1112 2696 de
1139 2632 1198 2700 do·

39 2743 134 2805 ctrina
157 2741 236 2802 eins.
357 2786 361 2797 .
394 2771 397 2778 ,
422 2775 425 2786 ·

118 2924 259 3000 Mane.
280 2923 348 2990 ΧΠ.
389 2922 439 2990 18.
459 2923 501 2988 Et
521 2921 657 2987 veniunt
676 2920 857 3014 Sadducaei
880 2917 922 2986 ad
942 2917 1049 3002 illum,
1070 2925 1127 3010 qui
1148 2922 1197 3002 di-

42 3039 112 3094 cunt
137 3050 207 3096 non
230 3051 306 3106 ⁴esse
332 3029 617 3095 resurrectionem:
642 3017 987 3113 interrogaveruntque
1016 3025 1122 3114 iilum,
1149 3029 1197 3096 di-

43 3145 159 3214 centes,
207 3133 255 3199 19.
282 3135 491 3220 Praeceptor,
515 3131 630 3196 Moses
649 3131 775 3213 scripsit
795 3127 908 3210 uobis,
933 3131 961 3193 si
983 3135 1074 3199 cuins
1095 3135 1197 3202 irater

41 3238 203 3313 moriatur,
232 3257 270 3299 ac
289 3235 453 3321 relinquat
470 3255 616 3310 uxorem,
644 3253 682 3298 ac
709 3230 833 3304 liberos
859 3259 931 3304 nou
957 3237 1133 3326 relinquat,
1155 3251 1197 3314 ut

43 3341 170 3422 accipiat
191 3339 291 3403 irater
313 3340 382 3402 eius
403 3327 533 3404 uiorem
553 3337 655 3414 iliius,
677 3349 714 3406 et
734 3343 866 3409 suscitet
886 3364 997 3410 semen
1017 3343 1108 3408 iratri
1126 3361 1196 3408 suo.

41 3437 87 3502 20.
106 3440 237 3526 Septem
259 3441 374 3504 iratres
395 3442 539 3528 suepunt:
569 3463 607 3506 ac
633 3445 755 3527 primus
783 3448 908 3531 accepit
928 3469 1073 3524 uxorem,
1100 3448 1196 3529 isque

42 3547 264 3611 moriens‘non
284 3542 416 3626 reliquit
437 3566 558 3611 semen·
606 3544 656 3610 21.
683 3546 725 3610 Et
754 3547 916 3614 secundus
945 3552 1069 3635 accepit
1095 3548 1192 3628 iilam,

30 3653 76 3707 'ac
99 3660 243 3716 mortuus
265 3657 325 3724 est,
352 3669 390 3710 nc
410 3661 518 3736 neque
539 3651 610 3736 ipso
630 3645 764 3734 reliquit
784 3671 903 3717 semen.
946 3652 988 3717 Et
1015 3653 1127 3717 tertius
1154 3654 1196 3715 si*

40 3749 158 3818 militer.
205 3755 256 3820 22
282 3751 324 3817 Et
350 3763 545 3837 acceperunt
572 3775 641 3820 earn
668 3765 805 3842 septem,
830 3775 893 3820 nec
920 3753 1121 3841 reliquerunt
1146 3775 1196 3819 se·
1282 3761 1287 3769 '

39 3871 115 3921 men.
168 3858 334 3925 Postrema
365 3875 445 3920 vero
477 3858 620 3924 omnium
648 3869 774 3924 mortua
802 3869 852 3922 est
880 3868 912 3922 et
939 3877 1028 3922 uxor.
1074 3855 1124 3918 23.
1155 3855 1195 3920 Iu

39 3963 268 4026 resurrectione
298 3961 407 4046 igitur,
439 3979 536 4045 quum
571 3963 817 4037 resurrexerint,
852 3962 942 4024 cuius
973 3957 1105 4022 illorum
1133 3961 1196 4024 erit

40 4064 134 4127 uxor?
175 4086 248 4130 nam
274 4075 396 4149 septem
421 4061 604 4129 habuerunt
630 4085 699 4128 eam
727 4083 868 4128 uxorem.
909 4063 961 4126 at.
993 4061 1035 4126 Et
1060 4083 1195 4148 respun-

40 4155 114 4228 dens
133 4167 222 4236 lesus
244 4165 322 4232 dixit
349 4170 411 4247 eis,
438 4167 490 4232 An
511 4187 579 4232 non
600 4169 776 4254 piopterea
798 4167 924 4245 erratis,
958 4163 1049 4252 quod
1071 4169 1195 4232 nescia-

39 4259 74 4324 tis
114 4265 308 4356 Scripturas,
353 4292 462 4358 peque
503 4261 653 4336 virtutem
696 4271 783 4337 Dei?
855 4269 905 4334 25.
948 4268 1058 4354 Quum
1107 4271 1193 4334 enim
1216 4253 1218 4266 ’
1238 4267 1261 4322 -’

39 4379 56 4423 ³
94 4377 226 4440 mortuis
267 4378 513 4457 resurrexerint,
559 4395 668 4462 neque
718 4371 910 4442 contrahunt
949 4374 1195 4452 matrimonium,

980 4719 985 4727 .
1073 4639 1091 4691 δ
