2764 4854
139 221 198 283 3⁴2
230 299 238 311 .
364 209 482 274 stc'r.
502 210 583 272 xlx.
622 175 893 270 cnnlsmnnssro
914 221 957 266 nr
977 221 1075 268 mons.

141 365 346 448 nihilo-magis
366 375 535 426 commovet
552 364 661 426 violata
679 363 803 447 religio,
824 380 911 442 quam
930 361 954 422 si
973 381 1087 424 scurras
1107 358 1145 421 de
1171 357 1315 422 futilibus
1374 393 1375 434 ς

142 445 230 528 nugis
249 441 343 502 iocari
362 442 507 502 audirent.
1254 457 1260 470 ·
1374 443 1375 454 ¹

218 523 266 586 67.
308 519 395 578 Tunc
422 532 600 594 exspuerunt
628 521 661 579 in
675 515 802 599 facim
842 513 900 577 vet
929 516 1060 577 inversus
1090 525 1136 574 est
1165 512 1313 574 historiae

143 597 219 659 ordo
239 597 316 676 apud
336 595 456 668 Lucam,
475 595 521 655 vei
535 595 580 656 bis
593 607 688 655 tantas
701 592 894 656 contumelias
907 591 1205 672 pertulitDominus:
1227 591 1312 669 quod

142 673 290 758 posterius
309 671 380 732 mihi
399 672 517 732 videtur
535 671 701 752 probabile.
739 671 965 750 Nequetamen
987 667 1104 742 dubito,
1125 668 1199 748 quin
1218 667 1310 726 mini-

143 751 209 810 stris
229 749 376 810 creverint
395 749 494 822 animi,
514 761 547 808 ut
566 748 740 808 insolentius
753 747 902 807 Christum
923 755 1126 826 conspuerent
1144 765 1181 804 ae
1200 764 1310 824 percu-

97 855 113 895 ,=
143 837 252 903 terent,
273 838 427 906 postquam
446 825 584 886 viderunt
605 825 734 887 Concilii
753 823 934 905 praeiudicio
947 821 1037 882 morti
1047 821 1208 882 addietum.
1232 820 1313 882 Cae-

121 937 125 948 ·
142 913 240 966 terum
259 903 316 963 huc
335 901 505 982 §pertarum
525 903 624 962 omnia
641 901 779 976 ludibria,
799 899 872 959 nihii
883 901 978 959 minus
989 919 1051 960 esse
1064 907 1315 972 consentaneum,

145 1001 232 1060 quam
250 989 284 1038 ut
299 979 442 1058 princeps
462 990 539 1039 essct
558 979 786 1059 Prophetarum,
807 977 857 1057 qui
876 997 915 1037 ne
936 997 952 1037 a
973 974 1106 1055 colaphis
1122 975 1251 1054 quidem
1273 973 1314 1034 ob

144 1057 240 1116 velum
260 1055 468 1146 interpositum
488 1053 544 1115 sibi
565 1075 667 1117 cavere
687 1065 796 1136 posset.
815 1053 907 1134 Atqui
920 1053 995 1113 hanc
1007 1050 1202 1188 qetuiantiam
1218 1049 1320 1144 longe

144 1133 204 1194 alio
225 1131 441 1193 eonvertrtDei
461 1131 658 1212 providentia,
678 1131 745 1210 quia
765 1130 856 1211 sputis
877 1140 908 1190 et
926 1129 1012 1210 colap
1034 1128 1058 1189 is
1079 1127 1199 1189 foedata
1219 1125 1314 1190 chrr-

144 1209 182 1270 sti
201 1209 290 1270 iacies
309 1211 365 1268 ima
389 1208 468 1268 inem
480 1209 559 1268 iilam
579 1209 610 1269 in
630 1207 718 1269 nobit
737 1207 874 1283 restituit,
894 1225 970 1288 quae
990 1225 1045 1284 per
1065 1217 1220 1285 peccatum
1242 1225 1313 1267 cor-

144 1297 242 1366 rupta,
262 1285 321 1346 imo
343 1230 439 1346 deieta
460 1296 530 1348 er‘at.
823 1289 825 1296 '

226 1560 334 1641 (205.)
375 1558 547 1626 ΜΑΤΤΗ.
575 1559 689 1625 xxvi.
717 1561 781 1624 -69,
811 1559 925 1624 Petrus
952 1572 1045 1622 vero¹
1066 1555 1208 1624 tedebat
1234 1557 1315 1624 ioris

144 1665 180 1730 in
200 1666 291 1730 atrio.
333 1661 376 1727 Et
398 1667 531 1730 accessit
552 1663 592 1728 ad
616 1686 687 1728 eum
716 1679 781 1728 uua
802 1661 936 1740 ancilla,
965 1660 1094 1739 dicens,
1118 1643 1162 1726 'Et
1183 1673 1220 1727 tu
1241 1685 1313 1728 cum

145 1766 218 1832 lesu
247 1764 400 1832 Galilaeo
428 1786 507 1832 ems.
550 1769 601 1833 tn
623 1767 665 1832 At
695 1765 752 1832 illc
779 1767 909 1851 negavit
936 1785 1044 1830 coram
1072 1763 1244 1844 omnibuS,
1267 1767 1314 1833 di·

146 1891 238 1948 cens,
264 1869 385 1934 Nescio
415 1867 493 1953 quid
522 1868 618 1936 dicar.
669 1871 719 1938 71.
741 1869 852 1956 Quum
878 1872 983 1934 autein
1012 1870 1131 1934 exisset
1158 1873 1194 1934 in
1220 1874 1314 1936 vecti·

145 1971 272 2050 bulum,
298 1968 380 2035 vidit
402 1991 474 2036 eum
498 1971 613 2052 altera,
634 1984 667 2039 ct
687 1975 731 2039 ait
752 1973 814 2052 his,
841 1976 896 2059 qni
924 1981 1016 2036 erant
1042 1969 1105 2050 ibi,
1134 1973 1199 2038 Hic
1220 1977 1311 2039 etiarn

128 2087 217 2141 xerat
238 2097 310 2140 cum
332 2074 405 2138 lesu
428 2073 610 2142 Nazareno.
654 2075 702 2142 72.
721 2075 765 2142 Et
790 2080 905 2144 iterum
932 2078 1062 2160 negavit
1090 2098 1168 2142 cum
1197 2079 1310 2143 iureiu-

145 2175 267 2256 rando,
296 2177 372 2242 Non
403 2179 482 2243 novi
513 2177 683 2244 hominem.
731 2181 780 2247 73.
809 2180 885 2247 Post
914 2176 1066 2266 pusillum
1099 2191 1312 2260 accesserunt,

148 2284 204 2368 qui
231 2279 371 2360 stabant,
398 2291 430 2345 ct
457 2280 606 2348 dixerunt
628 2277 741 2361 Petro,
773 2285 860 2350 Vere
884 2294 921 2350 ‘et
943 2295 977 2349 tu
1004 2279 1135 2348 cirillia
1165 2305 1216 2350 es:
1241 2307 1310 2351 nam

148 2396 182 2450 et
207 2383 341 2471 loquela
366 2394 423 2452 tua
448 2394 482 2451 te
509 2385 712 2453 manifestum
740 2385 839 2454 iacit‘
873 2391 923 2455 74.
950 2387 1046 2452 Tunc
1077 2388 1193 2472 coepit
1225 2407 1312 2452 exse

148 2493 232 2556 erari
254 2499 286 2555 et
306 2492 428 2565 iurare,
457 2489 545 2576 quod
569 2511 636 2556 non
656 2501 767 2558 noscet
788 2491 963 2584 hominem
1001 2489 1044 2571 Et
1066 2492 1230 2558 continuo
1252 2487 1315 2575 gal·

147 2591 199 2659 lus
214 2594 378 2660 cantavit.
428 2593 478 2658 75.
507 2593 548 2658 Et
576 2594 767 2662 recordatur
795 2605 844 2660 ert
870 2593 984 2658 Petrus
1011 2590 1229 2672 vernilem,
1261 2597 1313 2681 qui
1374 2615 1375 2672 5

149 2697 272 2764 dixerat
301 2700 346 2775 ei,
378 2697 567 2781 Priusquam
607 2697 711 2784 galina
728 2705 870 2776 'cantet,
906 2707 955 2762 ter
992 2705 1048 2762 me·
1078 2694 1231 2783 negabis.
1273 2697 1312 2764 tn
1374 2723 1375 2732 ¹

88 2867 94 2880 ,
149 2821 297 2888 egressus
318 2801 404 2868 forae
425 2801 516 2866 flevit
538 2819 653 2864 ornare.
1374 2807 1375 2818 ³

231 2999 372 3072 Mene.
401 3001 486 3096 Xle.
529 3001 579 3065 66.
606 2997 649 3064 Et
676 3020 775 3086 quum
803 3012 889 3068 ercet
915 2999 1030 3068 Petrus
1056 3003 1091 3068 in
1122 3004 1210 3070 atrio
1238 3001 1314 3069 inie-

148 3107 232 3184 rint,
256 3109 346 3172 venit
376 3125 441 3171 una
468 3102 655 3170 ancillarum
681 3105 795 3204 summi
823 3105 1006 3208 Pontifiqia:
1048 3107 1100 3170 67.
1135 3105 1311 3194 Quumque

148 3209 283 3278 vidisset
308 3209 438 3275 Petrum
466 3230 501 3274 se
530 3205 789 3287 calefacientem,
815 3211 931 3277 intuita
958 3209 1068 3288 illum,
1098 3207 1194 3290 dicit,
1220 3209 1265 3275 Et
1283 3219 1314 3274 tn

150 3335 222 3382 cum
248 3315 321 3381 lesu
346 3311 519 3378 Nazarcoo
548 3310 644 3376 inisti.
685 3311 736 3378 68.
757 3315 800 3378 At
827 3313 885 3380 ille
913 3316 1055 3401 negavit,
1086 3311 1217 3391 dicens,
1239 3313 1313 3380 Non

148 3415 242 3506 novi,
267 3437 376 3502 neque
403 3417 470 3482 ecio
499 3413 578 3500 quid
605 3414 700 3481 dicas.
744 3417 786 3482 Et
814 3421 911 3516 exivit
939 3417 1083 3488 ioraein
1105 3415 1314 3486 vestibulum.
1349 3479 1375 3508 ,q

150 3528 183 3585 et
201 3517 305 3604 gallun
331 3522 457 3586 cecinit.
501 3519 551 3585 69.
572 3517 614 3583 Et
636 3518 768 3600 anciila,
796 3545 892 3608 quum
920 3521 1055 3588 vidisset
1084 3541 1178 3600 eum,
1204 3542 1313 3588 rursus
1374 3532 1375 3614 1

150 3626 260 3711 coepit
286 3623 398 3690 dicere
418 3628 473 3701 iis,
499 3626 555 3710 qui
581 3622 741 3704 astabant,
767 3621 831 3689 Hic
859 3648 896 3692 ex
922 3624 987 3693 iilic
1015 3635 1071 3693 cst
1116 3627 1168 3692 7⁰.
1188 3627 1228 3690 At
1250 3621 1311 3688 iile

148 3747 274 3792 rursum
295 3730 432 3813 negavit.
473 3727 516 3791 Et
537 3722 636 3813 paulo
658 3737 749 3812 post,·
774 3729 888 3794 iterum
911 3734 967 3818 qui
989 3729 1138 3796 astabant
1167 3727 1316 3795 dixerunt

108 3827 117 3839 ”
150 3831 265 3910 Petro,
292 3833 382 3898 Vere
406 3853 444 3898 ex
464 3829 530 3896 illia
552 3853 602 3896 ea:
627 3852 701 3896 nam
724 3842 757 3908 et
780 3831 949 3900 Galilaeus
972 3857 1022 3913 es,
1050 3845 1083 3900 et
1103 3832 1240 3921 loquela
1261 3844 1318 3899 tua

149 3936 312 4002 convenit.
355 3935 404 3999 71.
426 3937 467 3998 nt
494 3933 551 4032 iile
585 3937 695 4022 coepit
727 3940 883 4004 exsecrari
912 3947 944 4004 ct
971 3937 1207 4020 inrnrc‚‚Non
1239 3940 1318 4006 nori
1374 3996 1375 4018 q

28 4037 29 4048 ’
150 4037 311 4104 hominem
341 4040 449 4116 istum,
476 4036 518 4103 de
546 4061 612 4125 quo
642 4039 756 4107 dicitis]
798 4041 850 4110 72.
877 4042 918 4108 Et
945 4044 1060 4108 iterum
1093 4039 1201 4128 gelius
1238 4043 1318 4106 ceci·

56 4143 58 4146 ’
149 4142 212 4205 nit:
227 4141 495 4230 ,recordatusque
518 4145 572 4211 'cst
598 4125 713 4211 Petrus
738 4143 846 4225 verbi,
873 4147 961 4232 quod
995 4145 1194 4213 dixeratilli
1215 4147 1316 4238 lequs,

150 4243 338 4406 ql'riusquatn
360 4245 463 4332 gaiiua
492 4249 647 4316 cecinerit
668 4245 736 4325 bie,
763 4237 941 4334 abnegabis
969 4271 1019 4318 ine
1047 4255 1316 4340 terrcoepirque
1374 4323 1375 4332 χ

113 4391 121 4398 -
176 4363 240 4408 cre.
1110 4369 1116 4394 ι
