2790 4838
188 177 247 275 Ylss
448 201 601 268 secuto
623 203 661 265 Σ
700 203 793 264 rasus
814 215 857 263 er
876 195 1071 264 Parnasum.

193 367 196 372 '
269 365 316 425 29·
357 358 465 421 Tollite
483 361 583 436 trgum
600 375 701 418 mmm.
743 355 821 491 (quia
841 355 949 418 multos
968 355 1099 416 ridemus
1119 353 1207 417 abuti·
1216 355 1334 419 Christi

195 437 306 522 gratia,
336 438 403 497 dum
422 436 501 496 illam
522 437 558 495 ad
579 435 673 506 carnis
691 433 763 495 indu
777 433 906 513 gentiana
928 444 1119 505 convertunt,
1148 433 1217 496 idco
1241 435 1334 495 Chri-

196 525 271 590 stus,
302 525 456 605 postquam
486 509 673 574 conscientiis
698 510 805 570 misere
831 508 1034 570 laborantibus
1063 508 1167 569 laetam
1199 512 1336 589 quietem

197 589 351 672 promisit,
367 589 452 649 simul
471 589 626 662 admouet,
652 588 705 647 hae
724 586 791 668 lege
811 605 841 646 se
862 605 923 646 esse
944 585 1150 662 liberatorem,
1174 599 1208 646 ut
1228 587 1335 670 iugum

197 687 280 728 suurn
300 665 472 745 suscipiant:
504 665 562 726 acsi
587 664 713 739 diceret,
736 683 774 738 ‚se
798 684 860 723 non
886 662 955 723 ideo
981 659 1132 724 absolvere
1154 683 1169 722 a
1189 667 1336 744 peccatis,

198 755 231 802 ut
251 743 302 821 qui
320 743 417 802 Deum
437 742 598 823 propitium
618 740 728 802 hahent
752 737 821 800 inde
846 739 994 800 licentiam
1014 739 1155 820 arripiant
1175 741 1335 821 peccandi,

163 811 171 828 '
198 818 251 879 red
270 830 304 877 ut
323 820 383 878 eius
403 818 497 900 gratia
517 819 607 878 erecti
627 817 712 879 simul
736 817 835 900 iugum
855 815 1032 906 suscipiant,
1063 837 1097 876 ac
1118 815 1205 876 liberi
1224 839 1334 878 secuu-

198 895 266 953 dum
286 895 419 974 spiritum
440 894 569 956 constrin
594 907 645 968 ant
664 894 758 955 earnis
777 913 846 953 suae
865 891 1021 952 lasciviam.
1057 893 1156 973 Atque
1177 893 1248 954 hinc
1270 895 1334 954 col-

96 1035 114 1052 „
198 967 300 1029 liitur
318 969 394 1029 illius
416 971 520 1050 quietis
542 915 690 1046 debuitio,
725 971 762 1030 de
783 989 838 1049 qua
860 968 997 1048 loquutus
1018 981 1093 1029 erat:
1120 977 1229 1051 nempe
1273 972 1334 1030 uod

248 1044 311 1105 risti
330 1045 486 1127 discipulos
505 1047 625 1108 minime
645 1047 749 1108 eximat
768 1065 784 1105 a
804 1041 905 1104 militia
926 1045 1034 1120 erucis,
1054 1057 1088 1106 ut
1106 1047 1235 1107 suaviter
1251 992 1332 1107 ieli-

198 1121 329 1197 eicntur‚
348 1123 399 1186 sed
419 1136 553 1184 exerceat
571 1125 625 1186 sub
646 1122 816 1214 discipliuae
837 1141 929 1181 onere
950 1134 981 1181 et
999 1122 1053 1182 suh
1075 1123 1146 1216 iugo
1167 1123 1334 1184 conducat.

197 1195 310 1258 Darasa
328 1221 348 1259 a
365 1207 427 1264 ma..
457 1199 611 1262 Falluritur
630 1221 697 1260 meo
718 1198 826 1260 rudicio
847 1197 897 1278 qui
917 1203 1031 1278 putant,
1052 1199 1201 1260 Christum
1220 1201 1260 1261 de
1280 1221 1334 1260 sua

199 1275 421 1336 mansuetudine
436 1271 489 1337 hic
507 1277 625 1352 testari,
649 1295 688 1337 ne
709 1273 843 1355 discipuli
862 1278 910 1354 (ut
928 1275 1005 1334 solet
1025 1295 1155 1337 accessus
1175 1287 1335 1356 potentum
1376 1309 1383 1342 r

202 1369 265 1410 esse
285 1349 493 1444 formidabilis)
513 1366 637 1434 propter
657 1352 783 1413 divinam
804 1351 864 1410 eius
885 1349 1009 1434 gloriam
1029 1352 1066 1412 ab
1085 1353 1151 1434 ipso
1171 1351 1334 1434 refugiant.

200 1424 305 1488 Potius
326 1430 415 1504 enisu,
435 1449 501 1520 qma
512 1429 744 1566 qsropterearuis
757 1427 974 1518 contumaciam
989 1427 1088 1519 iugum
1110 1430 1171 1490 eius
1190 1442 1334 1510 tauquam

200 1521 336 1583 asperum
362 1517 391 1567 et
418 1503 539 1566 driheie
564 1507 740 1589 refugimus,
779 1525 833 1564 nos
864 1505 899 1564 ad
923 1504 1118 1566 imitationem
1142 1507 1187 1580 sui
1214 1507 1334 1566 format.

199 1576 295 1640 Paulo
316 1593 383 1661 post
402 1581 483 1656 dicit,
501 1583 603 1666 lugurn
622 1605 706 1643 suurn
727 1601 788 1642 esse
808 1601 910 1644 suave:
931 1581 1080 1642 sedanda
1101 1583 1162 1656 het,
1182 1593 1215 1642 ut
1235 1582 1334 1642 liben-

199 1665 299 1716 teret
315 1657 432 1738 placide
453 1657 560 1720 collum
582 1660 705 1740 quisque
729 1657 896 1732 submittat,
927 1657 982 1717 uisi
1006 1658 1059 1716 ubi
1077 1659 1334 1720 mansuetudinem

199 1731 318 1794 indutus
341 1733 460 1796 Christo
480 1735 641 1795 conformis
662 1733 737 1797 criti
755 1741 758 1752 “
776 1735 863 1793 Hunc
883 1754 975 1814 porro
1001 1733 1159 1794 verborum
1181 1755 1245 1796 esse
1264 1757 1334 1796 seu-

78 1815 84 1824 “
202 1823 272 1868 sum*
286 1823 416 1889 comta,
436 1811 503 1892 quia
524 1811 657 1874 Christus
677 1809 834 1891 discipulos
854 1809 988 1870 hortatus
1007 1811 1043 1870 ad
1063 1811 1091 1870 iu
1134 1835 1163 1872 m
1183 1835 1267 1874 suurn
1288 1812 1333 1872 fe-

199 1883 339 1963 tendunt,
370 1909 408 1948 ue
430 1909 481 1948 eoa
500 1900 610 1948 terreat
629 1888 801 1962 difficultas,
830 1887 974 1946 continuo
1016 1899 1061 1946 ost
1081 1909 1095 1948 a
1119 1889 1176 1964 dit,
1194 1887 1295 1948 discite
1313 1911 1337 1948 n

199 1981 261 2022 utar
297 1964 481 2046 significatas,
510 1983 571 2025 nou
592 1963 658 2024 lore
677 1964 832 2024 molestum
856 1963 944 2023 uobis
968 1907 1041 2024 iliird
1060 1964 1177 2048 iugum,
1206 1965 1259 2026 ubi
1278 1985 1334 2026 suo

110 2091 114 2100 .
201 2040 336 2119 exemplo
371 2041 408 2101 ad
438 2039 693 2102 mansuetudinem
727 2050 758 2099 et
792 2037 984 2100 humilitatem
1022 2041 1174 2103 assuefacti
1215 2042 1334 2101 erimus.

141 2183 148 2198 ‚
198 2113 316 2178 Eodem
335 2117 422 2180 etiarn
442 2117 572 2198 pertinet
591 2118 670 2197 quod
691 2115 785 2191 addit,
816 2119 961 2176 inueniet&
983 2121 1117 2196 requiam.
1165 2117 1264 2192 Quam
1285 2119 1336 2177 diu

202 2191 281 2251 euim
298 2193 466 2254 recalcitrat
480 2213 561 2268 caro,
578 2193 803 2254 tumultuamur:
824 2203 855 2252 et
874 2192 925 2272 qui
942 2185 1043 2329 ἔφη
1064 2195 1174 2257 Christi
1193 2215 1336 2254 recusau-

202 2275 246 2325 tes
266 2264 351 2328 aliter
369 2270 467 2330 Deum
486 2267 603 2350 placare
623 2281 779 2343 conantur,
801 2268 909 2330 frustra
928 2289 959 2330 se
992 2271 1105 2354 atigant
1124 2283 1154 2331 et
1173 2283 1334 2330 macerant

203 2340 340 2436 Qualiter
357 2347 487 2408 ridemus
497 2345 628 2428 Papistas
638 2346 742 2407 misere
754 2351 786 2405 te
802 2344 881 2482 iquos
892 2346 1069 2423 excnrciare,
1085 2358 1116 2408 et
1127 2347 1219 2408 diram
1230 2358 1335 2428 tyran-

141 2457 145 2462 ·
200 2419 311 2500 tardem,
328 2423 382 2490 rub
404 2443 460 2505 qua
472 2433 662 2504 torqueatur,
677 2421 785 2484 tacitos
817 2442 894 2500 erre,
913 2443 951 2484 ue
959 2421 1088 2485 subeant
1098 2423 1212 2486 Christi
1222 2423 1335 2508 iugum.

489 2686 727 2776 sssc'rto
766 2684 816 2773 lh
853 2703 1041 2794 (ser-106)

389 2869 703 2963 tasus'nr
754 2869 1140 2930 russtssut.

239 3013 322 3094 (98.)
348 3014 520 3083 maurit.
535 3017 602 3084 Xlt
632 3017 731 3084 '1.lu
753 3014 812 3084 illo
833 3029 980 3107 tempore
1003 3019 1070 3086 ibat
1081 3021 1169 3088 lesus
1190 3019 1337 3088 sabbatis

188 3132 258 3200 qrer
284 3125 423 3202 segetes:
457 3115 713 3206 discipuli'vero
742 3117 830 3184 illius
857 3118 1057 3201 esuriebant,
1093 3133 1126 3189 et
1153 3135 1338 3210 coeperunt

196 3213 322 3281 vallare
341 3221 454 3303 apicas,
476 3230 508 3284 ct
529 3217 710 3288 comedere.
753 3219 782 3287 2.
802 3223 844 3286 at
867 3221 1029 3288 Pharisaei
1049 3245 1148 3308 quum
1167 3223 1338 3304 vidissent,

198 3313 345 3382 dixerunt
367 3317 425 3399 illi,
447 3321 532 3386 Ecce
545 3319 696 3405 discipuli
717 3325 763 3386 tui
785 3319 915 3396 iaciunt,
935 3322 1025 3410 quod
1046 3340 1113 3390 nou
1134 3323 1213 3390 licet
1226 3325 1336 3390 lacere

196 3416 232 3482 iu
253 3413 400 3485 sabbato.
440 3421 470 3486 3.
491 3418 552 3485 llls
573 3441 652 3486 vero
675 3419 752 3486 dixit
775 3424 834 3498 cis,
863 3421 939 3485 Non
962 3417 1095 3508 le'gistis,
1118 3425 1196 3512 quid
1220 3426 1337 3491 lecerit

197 3515 321 3597 David,
354 3540 450 3605 quum
473 3523 609 3587 esuriret
629 3523 700 3606 ipae
723 3522 832 3608 etqui
854 3543 924 3586 cum
947 3521 1006 3587 illo
1029 3527 1140 3590 erant?
1181 3527 1212 3591 t.
1242 3525 1338 3612 Quo·

196 3617 295 3686 modo
322 3620 484 3705 ingressus
511 3625 552 3688 sit
577 3623 611 3687 iu
639 3621 768 3687 domum
796 3622 877 3698 Dei,
920 3631 952 3686 et
974 3643 1075 3708 pausa
1092 3629 1338 3714 propositionis

197 3718 309 3798 ederit,
331 3741 412 3808 quos
434 3724 495 3808 ipsi
517 3743 584 3789 non
605 3720 723 3786 licebat
745 3722 856 3799 edere,
876 3724 997 3800 nsciis,
1018 3726 1074 3812 qui
1091 3745 1162 3792 oum
1177 3749 1218 3794 eo
1234 3738 1337 3804 eraut,

195 3821 257 3883 nisi
279 3820 502 3889 sacerdotibus
531 3821 631 3888 solis?
673 3823 701 3888 5.
730 3817 794 3889 Aut
815 3845 882 3890 uon
908 3821 1029 3907 legistis
1052 3829 1085 3890 in
1107 3829 1211 3914 Lege,
1244 3827 1337 3916 quod

194 3917 337 3986 sabbatis
365 3923 552 3990 sacerdotes
575 3926 613 3989 in
642 3921 763 4008 templo
791 3923 960 3990 sabbatum
988 3921 1178 4011 profanant,
1212 3941 1247 3994 ct
1276 3933 1336 3994 cri·

194 4021 281 4084 mine
302 4023 443 4088 vacant?
483 4025 513 4088 a.
540 4021 628 4088 Dico
648 4035 753 4088 autern
775 4009 884 4104 vobis,
906 4024 996 4112 quod
1018 4027 1138 4115 templo
1160 4033 1267 4096 maior
1289 4041 1338 4095 ast

194 4120 229 4183 in
256 4118 319 4186 hoc
344 4121 431 4189 locu.
478 4125 506 4192 7.
543 4113 673 4208 Quodsi
696 4127 845 4208 sciretis,
878 4125 957 4214 quid
983 4130 1038 4204 sit,
1072 4121 1336 4196 Misericordiam

36 4209 46 4230 ‘
134 4245 136 4248 ·
194 4215 289 4302 solo,
319 4231 447 4296 etmon
468 4223 675 4304 sacrificium,
707 4247 913 4314 nequaquam
943 4227 1219 4296 condemnassetis
1240 4233 1338 4298 inuo-

195 4327 338 4386 centes·
355 4321 385 4388 8.
403 4321 490 4428 'Nam
511 4325 671 4392 Dominus
693 4335 742 4392 ast
763 4337 797 4394 et
817 4325 1070 4402 sabbatiFilius
1091 4330 1239 4398 hominis.
1284 4370 1291 4400 r
