2814 4846
288 115 296 165 q
525 143 526 150 ,

379 226 529 306 (tot-8.
548 221 942 306 ·De·'iatore1et'semtoe.)
1203 231 1227 298 ⁹
1326 323 1336 330 „

73 375 293 458 italoqseudi.
316 375 491 440 Nanitenoi
508 376 589 459 prius
607 377 646 440 de
663 376 806 462 singulari
824 375 921 462 gratia
939 376 1134 454 silsieoiiata,
1152 378 1224 452 inde

74 453 232 518 admoniti
252 453 370 516 fuerant
390 455 472 534 quod
481 453 627 516 Dominus
639 475 691 518 eos
712 476 729 518 a
747 455 838 592 culpo
859 466 1010 546 exemptos
1029 455 1066 520 ad
1085 457 1224 538 mysteria

75 532 171 616 regni
190 531 236 593 sui
257 525 438 592 familiariter
454 531 636 608 admittebat,
655 553 735 593 nunc
755 552 789 593 ea
812 553 858 592 eni
877 543 972 624 gratia
991 531 1047 625 alia
1066 552 1222 612 compara·
1349 553 1357 576 ¹

77 612 172 671 tione
193 607 356 683 extollitur,
376 608 458 688 quod
471 609 743 670 scilieetseteribus
754 601 912 690 Prophetis
924 621 1090 688 sanctisque
1100 609 1223 691 regibus

139 684 278 750 eoessaot
303 683 372 746 Hoc
390 695 486 746 autem
497 685 616 752 multos
639 685 955 766 leodidiusestquam
972 685 1227 758 increduiitatem

77 707 143 824 gilo
164 761 322 843 praeferri.
345 762 442 821 Porro
455 782 517 822 non
538 707 701 844 quemlibet
719 763 859 838 auditum,
878 782 934 824 nec
953 762 1115 842 simplicem
1128 761 1224 838 carnis

79 852 237 930 aspertum
258 838 392 899 Christus
411 838 565 922 intelligit,
593 841 645 900 sed
665 839 768 899 beatos
789 861 892 900 eorum
904 841 1020 922 ‘'o'cqlos
1062 840 1225 914 ronuntiat,
1330 863 1337 872 “

81 937 153 998 quia
163 914 292 998 gloriam
303 925 427 976 cernant
437 914 555 998 dignam
564 916 720 998 unigenito
732 916 790 976 Dei
801 917 890 992 Filio,
909 931 943 980 ut
956 939 1023 978 eum
1039 861 1224 995 liedempto-

79 987 681 1148 mitiittltttt'l'iti
697 991 1223 1149 attentissimis
1240 998 1242 1007 ’

81 1147 165 1228 qnod
186 1146 297 1223 dietum
308 1143 404 1206 luerat
413 1134 468 1226 per
480 1091 655 1226 Pioptiui,
673 1155 706 1204 ut
717 1146 805 1226 plene
817 1091 994 1236 itperleitle
1007 1169 1023 1207 a
1034 1146 1104 1206 Deo
1122 1109 1231 1206 edocti¹

82 1243 146 1284 non
166 1222 284 1282 discant
303 1222 425 1301 quisque
445 1243 461 1284 a
482 1221 616 1304 proximo
635 1242 698 1281 suo.
731 1223 776 1281 Ita
797 1223 918 1294 diluitur
937 1220 1079 1297 obiectio,
1100 1241 1222 1301 quaeex

82 1300 176 1361 altera
189 1297 304 1362 Christi
324 1299 470 1360 sententia
491 1299 592 1359 alierri
605 1309 716 1378 posset,
735 1296 907 1364 nbiBeatos
928 1301 1010 1374 dicit,
1030 1299 1081 1378 qui
1100 1318 1163 1356 non
1175 1297 1222 1358 vi-

84 1378 196 1438 derunt
215 1387 246 1435 et
265 1376 538 1455 crediderunt‚(lo.·
546 1381 597 1450 20,
606 1376 679 1454 19.).
716 1375 842 1442 Diversa
860 1375 1018 1438 enim'illie
1037 1386 1159 1438 notatur
1176 1374 1229 1436 vis

83 1453 174 1514 dendi
194 1451 289 1528 ratio,
320 1453 435 1532 qualein
461 1452 575 1516 seilicet
593 1453 723 1514 Thomas
748 1472 804 1531 pro
829 1452 1034 1530 suaeraqutie
1052 1450 1232 1532 appetebat,
1283 1509 1286 1514 .

81 1533 229 1610 Aspectus
248 1539 362 1603 autem,
383 1531 420 1590 de
441 1550 501 1622 quo
521 1549 600 1590 nune
619 1528 753 1608 loquitur
769 1525 918 1606 Christus,
939 1535 1067 1590 aetatum
1088 1527 1221 1588 omnium

81 1605 221 1667 fidelibus
241 1625 308 1666 cum
319 1607 471 1688 Apostolis
492 1605 656 1666 communis
676 1615 728 1665 est.
765 1605 829 1666 Nos
849 1607 928 1668 eniln
939 1605 1093 1668 Christum·
1101 1603 1222 1666 ιιοιινί-
1251 1661 1254 1675 ,

80 1684 187 1746 dentes
206 1683 348 1756 ridemus,
367 1695 398 1746 et
415 1703 479 1744 non
500 1681 816 1758 audientesaudimus:
836 1684 904 1764 quia
920 1684 951 1744 in
963 1680 1131 1764 Evangelio
1145 1681 1222 1744 licie

79 1763 117 1822 ad
139 1759 262 1836 faciem,
280 1771 314 1818 ut
333 1759 404 1821 dicit
421 1759 529 1820 Paulus
548 1759 605 1838 (ΙΙ.
626 1760 698 1822 Cor.
716 1765 747 1832 3,
766 1761 845 1852 18),
863 1760 952 1822 nohis
974 1769 1113 1850 apparet,
1135 1771 1169 1818 ut
1187 1757 1220 1818 in

78 1836 244 1928 imaginem
264 1836 325 1897 eius
344 1836 597 1909 transformemur,
617 1849 647 1896 et
659 1836 751 1896 semel
763 1835 793 1895 in
814 1857 878 1972 ipso
900 1835 1028 1898 exhibita
1047 1835 1221 1916 sapientiae,

79 1913 221 1988 institiae,
240 1925 272 1974 et
289 1911 366 1974 vitae
387 1913 532 1994 perfectio
553 1912 613 1974 illic
632 1912 746 1974 assidue
765 1913 832 1974 refu
845 1927 908 1997 get.

156 1989 231 2050 Luc.
250 1997 299 2056 24.
336 1989 378 2048 Ei
398 2011 481 2066 reges
502 1990 651 2052 υοὶιιΜ
667 1987 771 2050 tisim.
808 1991 919 2070 Merito
939 1990 1048 2127 potior
1065 1989 1231 2055 Ecclesiae.

100 2067 246 2128 raesentis
267 2065 400 2127 conditio
422 2087 484 2128 esse
504 2067 624 2143 dieitur,
644 2087 732 2148 quam
750 2079 923 2130 sanctorum
968 2079 1075 2144 atrum,
1096 2065 1222 2148 quisuis

78 2088 166 2227 iiege
184 2143 342 2205 vixeruntt·
356 2143 461 2234 quilius
479 2165 540 2204 non
561 2143 617 2202 nisi
636 2143 690 2204 snb
710 2143 821 2203 umbris
842 2157 872 2204 et
891 2141 1050 2220 involucris
1071 2155 1245 2204 ostensum.

79 2222 150 2294 ttiit,
169 2219 251 2312 quod
272 2240 350 2280 nune
369 2241 400 2279 in
420 2219 515 2280 lucida
528 2217 658 2280 Christis
669 2218 744 2279 sarie
764 2221 860 2300 palam
877 2231 1008 2311 apparet.
1029 2219 1128 2280 Seis'so
1141 2220 1223 2280 enim

78 2297 187 2378 templi
207 2296 326 2358 veloin
346 2298 475 2358 eoeleste
495 2292 690 2356 sanctuarium
711 2295 769 2356 lide
788 2296 988 2378 ingredimur,
1019 2307 1050 2356 et
1071 2295 1223 2358 familiaris

80 2387 165 2456 patet
184 2374 222 2435 ad
241 2373 341 2433 Deum
361 2394 501 2434 accessus.
541 2374 616 2442 Nam
636 2371 689 2432 etsi
701 2373 804 2434 Patres
824 2385 904 2452 sprtp
923 2395 974 2437 sua
994 2373 1128 2454 contenti
1149 2371 1223 2434 tea-

81 2463 142 2512 tam
161 2452 195 2510 in
208 2449 313 2510 animis
324 2450 381 2509 suis
394 2471 496 2530 pacem
507 2447 660 2522 fovebant,
680 2448 856 2509 hortamen
876 2470 937 2513 non
956 2445 1085 2522 obstitit,
1105 2447 1227 2529 quomi-'

80 2549 145 2590 mus
163 2527 242 2588 votis
262 2526 320 2586 suis
339 2525 457 2610 longius
469 2527 627 2587 ferrentur.
654 2523 705 2585 Sic
716 2524 865 2586 Abraham
882 2525 1094 2604 vidirquidein
1107 2525 1221 2586 eminus

82 2605 161 2666 diem
184 2603 311 2678 Chridi,
331 2615 361 2663 et
380 2603 494 2684 gavisus
516 2614 559 2664 est
578 2603 639 2736 plo.
658 2607 687 2676 8,
706 2605 784 2678 tid),
809 2603 951 2692 propiore
977 2603 1226 2680 tamen'aspeetii

80 2683 174 2763 potiri
195 2681 325 2760 optavit,
353 2700 409 2754 nec
430 2699 553 2760 compos
591 2689 671 2738 actus
696 2689 741 2741 est
763 2689 827 2740 voti
847 2679 901 2738 sui.
938 2679 1014 2739 Naro
1035 2698 1069 2736 ex
1089 2677 1223 2737 omnium

80 2779 168 2819 sensu
179 2759 321 2836 loquutus
334 2767 378 2816 est
387 2755 524 2830 Simeon,
544 2776 634 2835 quum
645 2753 758 2816 diceret
776 2755 900 2836 (Laod,
912 2759 986 2833 Ἀ),
1004 2755 1093 2814 Nune
1104 2754 1136 2814 in
1148 2761 1230 2833 pace¹

82 2833 205 2896 dimittis
226 2845 342 2897 servum
361 2843 451 2900 tuum.
476 2833 540 2893 Nec
560 2852 632 2893 vero
652 2827 717 2892 lieri
733 2830 943 2912 attteipoiuit,
959 2852 1046 2912 quum
1059 2829 1113 2890 sub
1128 2850 1222 2891 onere

81 2910 312 2984 maledictionis,
333 2928 392 2988 quo
405 2927 575 2990 oppressum
588 2919 633 2968 est
647 2929 740 2990 genus
751 2907 919 2983 humanum,
939 2908 1100 2988 promissae
1111 2906 1231 2968 tiberi-s

80 2989 173 3050 tionis
184 2987 334 3050 desiderio
345 2987 402 3048 toti
413 2989 559 3048 arderent.
580 2985 811 3067 Sciamusergo,
827 2985 909 3065 qnasi
921 2985 1072 3046 famelicos
1084 2985 1121 3046 ad
1133 2984 1228 3052 Chris

80 3077 158 3130 stum
177 3065 347 3144 suspirasse,
367 3073 516 3124 ettamen
535 3060 724 3142 tranquillam
744 3061 834 3137 luisse
855 3082 958 3140 eorum
977 3061 1134 3142 lidem‚.'ut
1151 3062 1227 3150 Deo,

79 3161 145 3203 non
167 3142 391 3221 obstreperent,
421 3139 482 3232 sed·
498 3139 648 3221 patienter
671 3138 784 3230 animos
808 3159 877 3201 suos
896 3138 1112 3226 suspenderent
1130 3157 1224 3236 usqne

79 3219 288 3284 adunaturum
308 3215 497 3281 revelationis
516 3227 642 3302 tempus.

320 3325 324 3333 ·
1145 3327 1149 3338 ¹
1174 3326 1178 3346 ι
1219 3323 1228 3360 s

168 3465 277 3546 (ios.)
307 3463 481 3532 marin.
498 3465 580 3534 xiii.
623 3463 673 3530 is.
693 3463 765 3530 vus
786 3464 882 3549 igitur
903 3459 1012 3531 suana
1033 3423 1228 3558 parabolani

80 3567 279 3633 seminantis.
322 3568 373 3636 19.
388 3567 505 3653 ,Quum
527 3568 632 3654 quiris
654 3564 745 3631 audit
763 3585 944 3632 sermonem
965 3569 1071 3652 regni,
1101 3579 1134 3634 et
1153 3589 1226 3653 noia¹

81 3666 250 3760 intelligit,
281 3673 371 3735 venit
391 3667 448 3736 ille
470 3668 586 3746 malus,
615 3669 750 3754 etrapit
770 3666 818 3745 id,
847 3667 937 3756 quod
963 3668 1152 3736 seminatum
1175 3675 1225 3732 osi

82 3770 116 3836 in
139 3767 242 3834 corde
263 3766 367 3834 illius:
387 3768 440 3833 hio
462 3778 518 3849 est,
540 3770 596 3860 qui
617 3770 702 3834 iuxta
723 3770 807 3838 riam
829 3767 1092 3854 seminatusfuit.
1117 3769 1167 3836 20.
1181 3769 1225 3843 At

83 3871 196 3956 quiin
218 3873 381 3955 petricosis
402 3890 512 3934 semen
531 3872 647 3936 iactum
660 3879 838 3956 exceperat,
859 3869 912 3936 iiio
933 3879 990 3948 est,
1010 3869 1065 3955 qui
1087 3865 1225 3936 verbum

84 3969 188 4046 audit,
210 3991 249 4032 ac
269 3973 416 4058 protinus
430 3992 503 4035 cum
525 3969 644 4056 gaudio
667 3974 784 4056 excipit
804 3969 896 4037 illud.
938 3971 990 4034 21.
1010 3970 1133 4034 Verum
1155 3989 1225 4035 non

83 4067 184 4136 habet
212 4070 354 4167 radicem
382 4073 417 4136 in
443 4081 545 4135 semet
574 4072 661 4156 ipso,
703 4071 761 4136 sed
783 4074 997 4165 temporarius
1018 4079 1082 4136 est:
1122 4091 1224 4154 porro

84 4193 184 4262 quum
215 4169 366 4238 inciderit
394 4163 536 4238 iilllictio¹
556 4180 610 4236 aut
636 4172 846 4260 persequutio
874 4181 1008 4259 propter
1034 4192 1246 4254 sermonem·

84 4276 244 4342 continno
274 4271 461 4340 ollenditur.
502 4269 554 4336 ta.
587 4271 656 4357 Qui
683 4284 787 4340 autem
815 4275 849 4340 in
868 4275 976 4360 spinas
1002 4293 1113 4340 semen
1135 4295 1227 4341 exue·
1259 4278 1268 4296 ⁸

84 4384 193 4460 perat,
212 4373 267 4442 hie
287 4384 350 4452 ost,
362 4395 364 4402 ⁴
377 4376 434 4460 qui
447 4371 589 4442 uerbum
611 4373 715 4456 audii,
742 4385 873 4442 etcum
894 4371 1017 4444 saeculi
1039 4373 1149 4454 huius,
1169 4375 1225 4443 de-
