2790 4838
403 253 658 352 brossononou
677 289 881 347 rssrururuo.
1147 285 1206 350 m

24 458 25 469 u
74 449 132 488 sura
150 429 181 489 in
202 427 325 492 maioris
349 425 498 489 miseriae
512 429 723 490 accessionem:
754 451 861 512 nempe
880 431 1001 507 iratres,
1032 431 1083 512 qui
1102 431 1204 494 iuvare

74 527 107 586 op
127 525 243 582 sessos,
275 504 452 574 calamitosis
471 525 587 566 manum
609 507 781 587 porrigere,
811 519 841 569 et
861 527 963 570 eorum
983 508 1105 570 salutern
1124 511 1203 571 tueri

22 570 23 591 ¹
72 528 233 656 delebant,
266 581 399 642 infensos
426 581 482 642 illis
507 582 574 642 iure
601 583 709 644 hostes.
746 583 904 646 Falluntur
927 597 1043 660 umen,
1073 586 1123 665 qui
1143 585 1202 647 hoe

71 659 132 718 solis
159 659 300 720 fidelibus
326 657 504 740 contingere
528 671 646 740 putant,
674 672 708 720 nt
735 661 909 722 airatribns
933 663 994 722 suis
1016 663 1048 721 i'n
1073 675 1201 724 mortem

70 736 224 796 uadmtur.
265 735 347 796 Fieri
368 735 447 820 eniqn
466 746 579 816 potest,
609 748 643 796 ut
665 749 769 800 sancto
793 738 862 800 uelo
881 749 966 832 pater
985 738 1078 800 filiun
1118 725 1213 799 erse-¹

20 831 21 840 ¹
70 825 183 890 quatur,
204 813 230 874 si
250 823 414 892 apostatam
434 832 450 871 a
470 811 587 874 sincero
607 813 665 874 Dei
686 815 766 876 cultu
786 833 848 876 esse
867 817 981 876 uideats
1009 815 1071 875 imo
1122 816 1199 874 omi-

69 909 116 948 nus
134 889 166 948 in
187 891 245 952 bac
265 900 350 970 parte
370 887 465 963 iubet,
499 907 554 949 nos
573 890 722 972 sanguinis
744 903 773 951 et
792 893 888 952 carnis
915 891 1027 952 oblitos
1044 892 1081 952 ad
1100 891 1220 952 vindi·‘
1241 949 1245 961 ,

68 967 183 1026 caudam
210 965 342 1028 nominis
371 962 419 1034 sui.
440 966 567 1058 gloriam
592 987 680 1028 omne
704 969 830 1028 studium
856 969 1004 1031 conferre.
1042 969 1107 1029 Nec
1125 988 1198 1028 vero

66 1043 233 1122 ubicunque
252 1043 335 1126 riget
352 1041 412 1101 Dei
431 1053 521 1102 umor
542 1054 572 1102 et
590 1043 715 1136 religio,
743 1043 801 1106 suris
827 1045 949 1126 quisque
969 1044 1199 1137 consangnineis
1250 1039 1258 1050 ‘

85 1133 171 1191 amet,
192 1119 268 1199 quin
288 1116 387 1200 perire
405 1119 488 1178 malit
507 1137 618 1194 omnes,
637 1139 667 1179 sr¹
681 1119 721 1180 ita
742 1141 861 1184 necesse
882 1131 935 1197 est,
957 1142 1042 1202 quam
1063 1119 1198 1200 dissipari
1234 1133 1240 1161 ¹

67 1140 172 1256 ltu-issi
193 1215 338 1279 regnum,
368 1194 512 1278 exstingui
530 1195 629 1256 salutis
649 1195 827 1273 doctrinam,
857 1197 966 1258 cultum
985 1198 1046 1256 llei
1064 1197 1196 1258 aboleuit
1231 1229 1246 1261 ,ι
1292 1194 1295 1202 ”
1355 1218 1364 1235 ¹

67 1275 163 1350 quodsi
183 1285 276 1333 recte·
293 1272 450 1352 compositi
479 1283 576 1332 essent
599 1271 738 1348 aflectus,
767 1274 838 1333 haec
863 1274 1008 1333 unuiusti
1029 1272 1091 1334 odii
1111 1293 1196 1334 causa

66 1362 142 1409 esset.
182 1351 319 1410 Asuero
340 1369 427 1428 quum
450 1347 583 1408 Christus
608 1367 671 1409 non
696 1350 787 1409 modo
815 1350 957 1410 instauret
975 1349 1033 1411 Dei
1060 1369 1092 1408 re
1113 1371 1195 1425 uum,

66 1437 92 1484 et
107 1427 252 1508 pietatem
273 1427 302 1484 in
322 1446 405 1485 suum
424 1425 571 1505 integrum
589 1421 723 1506 rigorem
743 1425 891 1500 restituat,
917 1425 970 1486 sed
991 1424 1078 1484 etiam
1093 1369 1194 1485 lurni-

64 1523 111 1561 nes
129 1505 167 1566 ab
189 1503 315 1562 interitu
334 1513 457 1562 revocet
480 1501 511 1561 in
531 1501 670 1577 salntem,
701 1502 774 1562 nihil
793 1502 884 1585 magis
904 1501 1074 1583 indignum,
1107 1521 1195 1580 quam

65 1579 120 1639 eius
139 1600 228 1642 causa
249 1577 320 1640 odio
340 1576 443 1638 baberi
461 1588 521 1636 tam
541 1577 672 1638 amabilis
697 1573 850 1640 doctrinae
873 1578 1033 1638 ministros.
1073 1577 1141 1637 Hoc
1161 1589 1195 1638 ut
1291 1643 1295 1658 ¹

65 1667 106 1716 est
121 1655 295 1739 prodigium
320 1665 441 1714 naturae
467 1655 635 1728 adversum,
663 1655 862 1716 vehementer
877 1653 997 1716 turbare
1014 1653 1193 1736 simplicium

65 1733 172 1794 animos
193 1743 326 1816 poterat:
347 1730 491 1811 praedicit
508 1743 605 1792 tamen
627 1730 761 1793 Christus
780 1732 820 1793 ita
841 1731 979 1792 futurum.
1227 1755 1230 1762 ’

132 1817 181 1875 22
223 1809 284 1902 psi
306 1811 471 1875 misturis
492 1808 589 1868 satus
612 1812 674 1868 err-it.
714 1809 881 1868 llaec·uua
900 1807 1057 1890 promissio
1077 1807 1114 1869 ad
1133 1806 1192 1867 iul·

65 1884 180 1947 ciendos
200 1907 318 1970 prorum
335 1883 448 1944 animos
465 1885 572 1946 merito
591 1885 727 1946 sulficere
747 1885 846 1958 debet,
867 1884 996 1964 quamvis
1016 1895 1093 1944 totus
1104 1905 1193 1948 muu-
1267 1879 1274 1900 '

66 1963 112 2021 dus
130 1975 236 2024 contra
254 1961 401 2055 insurgat,
427 1959 495 2022 dnm
515 1961 571 2022 illis
592 1961 660 2022 selis
686 1973 716 2021 et
734 1959 868 2022 salutaris
888 1963 979 2022 exitus
998 1961 1190 2096 promittitur.

64 2037 132 2098 Nam
150 2039 175 2100 si
195 2039 343 2119 propositi
362 2037 525 2099 constantia
546 2059 613 2114 eos,
642 2039 692 2118 qui
711 2038 764 2098 sub
785 2039 910 2098 terrenis
930 2037 996 2098 duci
1020 2059 1051 2096 us
1070 2037 1196 2098 incerto-

67 2115 161 2176 llartis
183 2128 291 2177 eventu
316 2125 465 2197 pugnant,
493 2137 585 2194 usque
605 2115 641 2176 ad
660 2125 788 2174 mortem
805 2115 897 2206 rapit,
926 2133 964 2173 an
983 2135 1015 2174 se
1039 2115 1075 2174 ad
1093 2127 1190 2175 estre-

64 2211 135 2252 mum
154 2193 276 2254 Christo
297 2191 467 2272 impendere
487 2191 680 2266 dubitabunt,
700 2191 751 2270 qui
770 2204 843 2252 certr
863 2202 931 2252 sunt
950 2187 987 2250 de
1007 2189 1150 2251 victoria?

130 2275 178 2336 23.
220 2269 315 2352 Quum
333 2282 428 2328 cotem
440 2273 664 2348 persequentum
675 2269 805 2348 fuerim.
845 2266 1003 2326 Praevenit
1017 2265 1190 2358 quodexci-

82 2365 128 2406 ere
148 2357 298 2428 poteraut,
317 2345 350 2404 Si
369 2345 459 2404 totius
479 2345 580 2406 mundi
600 2345 752 2405 subeunda
769 2354 867 2405 essent
886 2343 963 2418 odia,
984 2359 1048 2424 quus
1068 2341 1188 2402 undem

64 2365 142 2484 bnis?
178 2422 325 2498 ⁴Quamvis
350 2442 422 2503 ergo
449 2442 591 2501 nusquam
610 2432 675 2480 tuto
696 2419 853 2480 subsistere
872 2417 976 2491 liceat,
1005 2435 1068 2476 non
1087 2429 1188 2481 museo

64 2497 268 2579 desperandum
295 2519 357 2558 esse
382 2497 523 2558 admonet
548 2496 699 2570 Christus,
729 2497 781 2556 sed
806 2495 856 2554 ubi
882 2495 970 2555 eiecti
997 2492 1107 2552 suerint
1125 2511 1213 2554 uno.

64 2572 141 2651 loco,
159 2575 333 2636 tentandum
353 2574 451 2654 potius
472 2595 550 2648 esse,
576 2595 646 2632 num
666 2571 737 2634 alibi
756 2593 807 2632 sua
828 2591 918 2708 opera
938 2570 1083 2649 prolicere
1102 2568 1186 2648 quic·

63 2671 141 2728 quam
160 2653 286 2733 possint.
325 2651 480 2710 Falluntur
500 2663 595 2712 autem
616 2651 810 2728 interpretes,
859 2667 906 2706 um
927 2654 1047 2725 putent,
1076 2645 1185 2706 nudam

63 2747 117 2788 esse
146 2728 389 2810 permissionem,
418 2748 507 2806 quum
562 2728 638 2787 otius
664 2724 816 2806 Apostolis
844 2723 978 2786 Christus
1013 2718 1185 2810 praecipiat,

63 2805 192 2882 quidnam
211 2807 310 2866 lacere
329 2805 408 2886 ipsos
427 2805 507 2864 velit.
575 2825 619 2863 am
641 2803 691 2884 qui
709 2801 971 2882 persequutionem
990 2812 1078 2856 unam
1097 2808 1184 2856 sustr-

61 2883 128 2958 nnit,
147 2883 276 2944 libenter
293 2893 423 2942 cessaret
441 2879 522 2960 quasi
542 2879 625 2940 miles
645 2879 791 2940 emeritus.
829 2879 871 2938 At
891 2871 1183 2964 uitalemyocatio-

62 2976 122 3018 uem
142 2957 274 3020 Christus
293 2958 350 3018 suis
370 2979 433 3017 non
453 2957 605 3032 concedit,
634 2957 685 3018 sed
712 2953 776 3015 vult
800 2899 949 3044 indeipsso
969 2950 1066 3042 studio
1085 2961 1182 3040 totum

61 3054 167 3095 cursum
190 3035 349 3097 conficere.
396 3035 433 3112 ln
462 3055 589 3108 summa,
619 3033 759 3094 iubentur
781 3031 920 3111 Apostoli
942 3047 1027 3089 nous
1056 3025 1183 3088 subinde

61 3113 261 3174 certaminibus
278 3133 312 3172 se
332 3109 459 3182 olserre,
493 3131 530 3170 ne
557 3129 618 3169 uno
643 3121 695 3170 aut
714 3108 807 3168 altero
828 3105 960 3168 defuncti
979 3126 1010 3164 se
1030 3102 1181 3164 absolutos

61 3199 170 3264 putent:
190 3210 247 3250 nec
266 3187 323 3248 illis
344 3187 522 3278 permittitur
541 3187 572 3246 in
592 3185 719 3250 latebras
739 3183 853 3320 liugero,
872 3183 925 3242 ubi
946 3180 1034 3242 otiosi
1054 3180 1181 3272 iaceant,

60 3264 106 3322 scd
124 3265 252 3345 quamvis
271 3262 432 3324 infeliciter
450 3262 625 3324 successerit
640 3281 701 3323 uno
720 3262 751 3320 in
780 3281 840 3327 ¹oco
860 3257 957 3333 labor,
975 3257 1131 3346 Dominus·
1142 3255 1180 3315 ad

60 3342 232 3422 pergendum
261 3341 405 3404 hortatur.
455 3335 612 3401 Caeterum
643 3337 698 3398 sub
723 3339 860 3398 mandato
892 3335 1062 3396 continetur
1091 3345 1178 3392 ettam

60 3419 212 3493 permissio.
250 3417 295 3477 Ac
321 3417 358 3476 de
385 3415 526 3508 fugienda
552 3415 669 3496 quidem
694 3429 779 3493 perse
804 3413 925 3472 untione
950 3412 992 3471 sic
1012 3409 1178 3470 babendum

61 3502 109 3566 etl,
125 3495 229 3575 Neque
250 3513 365 3566 omnes,
384 3514 435 3573 qur
452 3493 580 3574 lugiunt,
600 3491 768 3572 promiscue
783 3435 967 3550 damnandos
986 3507 1060 3561 esse,
1080 3503 1178 3574 neque

59 3575 148 3628 umen
168 3571 331 3650 quamlibet
348 3571 447 3651 sugam
469 3591 530 3630 esse
550 3569 668 3629 licitam.
707 3567 851 3626 Veterum
870 3565 1053 3645 quorundam
1072 3562 1178 3649 nimius

59 3641 109 3702 suit
127 3645 178 3706 bac
197 3647 230 3707 in
249 3668 281 3708 re
302 3646 411 3720 servor,
473 3645 482 3704 i
501 3646 598 3728 sugam
619 3665 682 3704 uon
700 3663 784 3704 secus
803 3642 976 3702 damnarunt
995 3661 1028 3699 ac
1049 3656 1178 3727 spectem

59 3717 265 3806 abnegationis.
302 3725 377 3788 Nan
402 3721 425 3782 si
455 3743 502 3782 roc
521 3743 623 3782 verum
643 3731 733 3794 esset,
752 3739 819 3799 pars
838 3719 875 3778 ali
899 3739 933 3776 ua
946 3716 1124 3802 ignominiae
1145 3731 1177 3768 ru

62 3793 200 3862 Christum
226 3811 258 3860 et
280 3799 443 3892 Apostolos
468 3800 654 3859 redundaret
692 3797 818 3856 Rursum
842 3795 865 3854 si
879 3739 989 3876 lugere
1010 3805 1176 3877 promqscue

59 3869 151 3949 liceat,
179 3875 291 3940 nullum
318 3899 349 3937 ιη
374 3876 603 3966 persequutione
628 3873 785 3934 discrimen
811 3872 868 3932 erit
895 3869 967 3930 boni
993 3878 1118 3948 pasturus
1145 3872 1176 3922 et

58 3953 231 4015 mercenarii.
269 3953 414 4013 Tenenda
432 3953 524 4033 igitur
541 3951 720 4025 moderatio,
749 3967 836 4028 quam
855 3945 1034 4028 Augustinus
1053 3942 1090 4002 ad
1109 3940 1175 3998 llo-

59 4039 184 4088 noratum
204 4029 393 4110 praescribit,
425 4051 464 4088 ne
507 4028 549 4088 uis
568 4028 670 4087 timide
689 4027 846 4086 stationem
870 4021 1109 4110 suanqdeserens
1127 4013 1175 4074 vel

58 4121 170 4184 gregem
189 4105 303 4188 perfide
321 4107 438 4186 prodat,
457 4049 504 4165 vd
523 4105 685 4184 exeruplum
703 4101 845 4183 praebeat
863 4101 1059 4192 ignat-raeget
1076 4105 1173 4183 tamen
1230 4091 1237 4137 ι’

59 4199 137 4241 nemo
156 4201 187 4243 se
206 4183 424 4243 inconsiderate
439 4181 622 4262 praecipitet
661 4179 695 4239 si
715 4179 761 4240 vel
780 4188 843 4236 tota
862 4175 995 4236 ltcclesra
1014 4181 1175 4251 impetitur,

59 4255 99 4316 vet
121 4259 157 4320 ad
180 4270 309 4320 mortem
335 4281 401 4340 pars
426 4258 590 4338 quaeritur,
620 4267 812 4338 praepostere
843 4274 874 4312 se
898 4250 1042 4310 subducet
1065 4257 1175 4336 pastor,
1200 4325 1205 4332 .

59 4333 129 4393 cuius
149 4349 247 4416 partes
267 4349 351 4396 eraut
367 4336 458 4396 uitam
477 4357 557 4397 suam
577 4355 633 4414 pro
651 4331 773 4414 singulis
785 4348 955 4421 opponere:
974 4328 1025 4388 sed
1045 4325 1108 4386 sueri
1128 4341 1175 4414 qn-

60 4411 163 4474 ortum
183 4413 307 4494 poterit,
324 4425 359 4475 ut
375 4433 425 4475 sna
445 4411 577 4477 absentia
597 4411 726 4472 furorem
738 4409 866 4470 bostrum
882 4403 1015 4468 sedando
1025 4402 1177 4466 Ecclesiae
