2790 4838
94 1131 101 1150 .
210 1089 381 1172 propitium.
440 1089 533 1149 'endu

199 259 265 322 eto
533 245 686 310 securo
705 229 776 308 vn.
814 245 1004 310 mmsis.

112 362 117 372 ’
206 404 310 478 nane
345 397 540 464 maumas
562 399 614 461 ne
631 411 762 477 psam
801 398 938 460 vitem:
951 397 999 458 nte
1020 393 1154 456 eninm
1175 393 1348 485 paratyuqo

208 482 288 544 aliud
311 499 398 560 quam
424 477 587 558 quaesierat
611 477 800 556 promittere:
838 475 890 541 sed
915 495 1004 554 quum
1029 471 1182 532 sanitatem
1203 492 1349 550 corporis

210 561 281 620 dare
299 556 387 632 velit,
416 555 565 614 exordium
586 553 692 613 facita
711 574 794 612 causa
815 551 913 611 morbi
933 547 1079 623 tollenda,
1100 558 1130 606 et
1148 547 1233 605 simul
1253 569 1349 627 para-

212 635 332 718 lyticum
355 633 512 712 admonet,
543 625 621 689 unde
646 625 688 688 illi
715 629 855 688 acciderit
879 627 1016 701 morbus,
1046 636 1077 683 et
1099 624 1252 703 quomodo
1274 637 1351 684 vota

137 755 141 763 ,
213 733 265 772 sua
291 710 449 788 disponere
475 707 590 766 debeat.
633 708 706 766 Nem
734 706 801 784 quia
827 705 917 786 vulgo
943 725 1003 762 non
1033 721 1065 760 re
1089 710 1173 759 utant
1198 699 1352 772 homines,

206 786 327 867 tlpgella
351 781 412 844 essle
425 784 484 846 Dei
522 804 570 842 uas
590 782 734 842 sustinent
752 802 915 856 censumar,
934 791 1048 839 matum
1067 723 1201 866 levamen
1221 775 1349 855 aliquod

207 865 242 921 in
261 881 350 922 carne
368 871 485 939 optant,
501 805 539 919 de
559 857 688 940 pcccatis
706 857 764 918 suls
783 857 897 917 interea
916 867 985 916 sunt
1003 854 1115 928 securi,
1134 854 1259 944 perinde
1282 854 1347 912 acsi

206 937 513 1020 -aegrotusmorl'tutn
543 935 700 1020 negligens
725 933 874 1014 praesenti
890 945 1016 994 tantum
1047 928 1145 991 dolori
1177 930 1348 989 remedium

206 1011 337 1096 peteret.
356 1009 416 1074 ‘ht
438 1015 466 1072 ui
485 1013 571 1072 unica
590 1011 708 1084 amalis
726 1009 865 1071 omnibus
882 1009 1020 1070 liberatio
1041 1019 1094 1082 est,
1112 1006 1210 1066 Deum
1231 1006 1349 1066 habere

557 1091 580 1148 it
603 1089 722 1178 quidem
749 1087 921 1162 interdum,
941 1097 974 1144 nt
998 1083 1081 1163 impii
1107 1103 1142 1142 ex
1170 1083 1253 1142 malis
1285 1083 1347 1142 suis

208 1177 375 1248 emergant,
394 1165 462 1242 Deo
483 1105 671 1224 nihdonuutis
691 1163 784 1222 adhuc
805 1161 862 1222 illis
880 1160 1005 1237 infesto,
1025 1160 1077 1222 sed
1097 1159 1164 1218 dum
1184 1180 1216 1220 se
1238 1171 1348 1238 putant

207 1241 378 1317 defunetos,
397 1239 522 1303 moxvel
536 1242 637 1300 eadem
657 1252 823 1314 recurrunt,
841 1239 887 1299 vel
900 1238 991 1374 plura
1011 1249 1041 1297 et
1060 1236 1196 1319 graviora
1216 1235 1347 1310 irruunt,

207 1337 288 1398 quae
298 1329 453 1392 testentur,
473 1317 584 1376 nullum
606 1317 672 1376 lore
689 1317 811 1376 modum
830 1335 887 1375 uec
923 1335 988 1374 nem
1019 1314 1117 1372 donee
1128 1312 1242 1392 placata
1252 1313 1349 1372 suerit

207 1396 345 1472 ira-Dei,
356 1395 600 1476 quemadmodum
612 1393 675 1472 ipse
694 1403 819 1452 testatur
836 1413 892 1474 per
910 1391 970 1452 Pro
990 1357 1090 1450 betam
1102 1390 1196 1481 hmos
1212 1394 1257 1479 (5,
1269 1391 1346 1479 fib),

207 1469 245 1533 si
265 1470 385 1532 leonem
405 1471 545 1546 evaseris,
565 1481 703 1530 occurret
719 1469 776 1528 tibi
796 1491 893 1531 ursus:
912 1468 937 1528 si
977 1467 1086 1526 emite
1106 1465 1275 1539 incluseris,
1294 1487 1344 1524 rn-

208 1547 290 1608 siliet
307 1541 436 1629 scorpio.
484 1541 588 1626 ltaque
618 1546 690 1604 haee
716 1545 858 1624 loquendi
886 1544 961 1603 ratio
987 1543 1125 1621 frequens
1153 1554 1185 1600 et
1208 1541 1276 1600 trita
1298 1555 1344 1601 est

210 1623 386 1706 Scripturis,
405 1621 520 1700 veniam
541 1643 557 1681 a
576 1621 705 1701 peccatis
725 1619 915 1700 promittere,
940 1619 992 1682 nbi
1012 1637 1174 1700 poenarum
1193 1617 1345 1710 mitigatio

208 1699 371 1779 quaeritur.
410 1699 498 1758 Hunc
518 1713 637 1778 quoque
658 1696 792 1756 ordinem
811 1709 915 1756 tenere
935 1697 972 1774 in
987 1695 1123 1776 precibus
1138 1708 1290 1768 convenit,
1309 1707 1344 1753 ut

210 1775 406 1852 afflictionum
436 1793 523 1833 senm
552 1775 590 1833 ile
641 1772 746 1832 eccatis
770 1773 879 1834 nostris
899 1772 1057 1844 admoniti,
1095 1771 1132 1830 de
1157 1769 1343 1850 impetranda

210 1853 297 1912 venta
312 1847 448 1930 primun
471 1850 559 1910 simus
581 1793 716 1924 solliciti,
745 1861 779 1908 ut
797 1849 880 1910 Deus
903 1849 990 1910 nobis
1015 1847 1224 1908 reconciliatus
1247 1870 1265 1908 a
1285 1869 1342 1927 pu-

211 1927 323 1986 niendo
342 1947 459 1984 manum
478 1927 617 1984 retrahat.

214 2020 241 2038 '¹
284 2009 314 2066 3.
335 2001 394 2066 ‚Er
411 2022 474 2062 ecoe
491 1999 609 2092 quidun
628 1999 770 2062 ascribis.
811 2001 960 2063 Christum
986 2009 1122 2062 accusant
1141 1998 1344 2080 blasphemiae

209 2089 241 2136 et
259 2073 421 2158 sacrilegii,
458 2099 525 2157 quta
550 2077 632 2170 quod
654 2078 808 2158 proprium
836 2089 880 2138 est
904 2077 964 2137 Dei
982 2077 1039 2138 sibi
1058 2088 1192 2156 usurpet:
1232 2077 1345 2136 addunt

207 2153 290 2214 eninr
314 2151 364 2212 alii
388 2155 463 2228 duo,
503 2153 579 2228 Qun
604 2167 704 2236 potest
726 2156 892 2215 remittere.
931 2165 1030 2214 eccata
1058 2152 1114 2213 nisi
1139 2152 1219 2213 solus
1238 2153 1343 2214 Deus?

208 2229 308 2289 Porro
329 2229 450 2290 minime
471 2231 594 2290 dubium
620 2242 680 2304 est,
718 2231 789 2311 quin
813 2252 865 2291 eos
885 2175 927 2290 ad
941 2231 1089 2292 sinistrum
1116 2229 1174 2288 hoe
1200 2229 1341 2290 iudicium

209 2305 399 2366 obtrectandi
418 2305 512 2380 libidp
538 2308 697 2392 impulerit,
735 2308 769 2368 Si
794 2307 865 2388 quid
888 2307 1120 2386 reprehensione
1141 2305 1342 2390 dignumpu-

209 2383 290 2454 unt,
310 2405 362 2442 cur
379 2403 442 2441 non
461 2383 492 2442 in
513 2383 633 2447 uirunt?
664 2384 771 2444 deinde
811 2405 880 2443 uum
899 2383 1035 2466 ambigua
1055 2382 1093 2444 sit
1111 2382 1141 2442 lo
1162 2383 1263 2456 uutio,
1283 2405 1342 2442 nee

209 2459 289 2518 aliud
308 2406 610 2544 protuleritlllsristus
623 2481 709 2539 quam
729 2405 809 2542 quod
829 2459 928 2520 solent
936 2461 1117 2544 Prophetae,
1137 2403 1206 2518 dum
1225 2460 1340 2540 gratiae

207 2535 269 2594 Dei
288 2548 356 2595 sunt
374 2545 475 2610 testes,
493 2558 546 2596 cur
560 2536 594 2627 p'n
615 2538 743 2598 deterius
762 2537 890 2616 rapiunt,
909 2539 990 2627 quod
1010 2537 1130 2616 aequius
1150 2536 1342 2614 interpretari

209 2610 337 2672 licebat?
373 2611 586 2672 illalevolentsa
604 2612 695 2694 igitur
713 2625 745 2673 et
763 2613 856 2672 livore
876 2635 956 2692 pctus
969 2613 1096 2672 inlectos
1113 2612 1201 2672 luisse
1213 2623 1343 2686 constat,

209 2688 271 2768 qui·
287 2699 347 2748 tam
372 2689 478 2768 cupide
502 2709 599 2749 ausam
624 2689 736 2750 Christi
760 2689 917 2748 damnandi
942 2690 1095 2769 arripiunt.
1133 2689 1232 2748 Porro
1256 2688 1342 2748 taciti

102 2825 105 2841 ¹
208 2765 343 2844 cogitent
360 2764 393 2824 in
413 2761 551 2824 cordibus
571 2764 642 2838 suis,
662 2777 695 2823 ut
714 2763 865 2824 absentem
885 2767 962 2856 apud
982 2766 1026 2825 sui
1046 2763 1340 2825 slmilestraducant.

208 2841 290 2900 llere
308 2840 387 2899 istud
406 2840 541 2918 quidem,
559 2861 650 2920 penes
668 2842 766 2900 Deum
785 2863 876 2900 unum
896 2863 940 2902 rus
960 2853 990 2902 et
1009 2853 1185 2921 potestatem
1205 2861 1269 2902 esse
1288 2863 1341 2900 re-

118 2961 129 2976 .
191 2909 344 2974 'mittendi
362 2927 500 2994 peccata,
528 2917 581 2977 sed
599 2916 674 2975 male
693 2916 881 2994 subsumunt,
900 2919 931 2977 in
954 2918 1103 2980 Christum
1123 2917 1152 2976 id
1171 2938 1233 2976 non
1255 2939 1341 2977 com-

230 3002 322 3065 etere,
342 3012 431 3070 quum
441 2991 523 3050 Deus
539 2992 578 3052 sit
595 2992 626 3050 iu
646 3013 735 3054 carne
754 2994 965 3060 manifestatus.
1004 2994 1155 3054 Sciscitari
1175 3015 1228 3054 eos
1247 2995 1340 3054 dece·

208 3013 270 3141 bat,
290 3087 350 3146 quo
370 3067 436 3126 iure
453 3069 567 3150 tantmn
585 3067 642 3127 sihi
662 3071 843 3130 auctoritatis
860 3071 994 3130 Christus
1013 3081 1254 3144 sumeret:‚nunc
1273 3073 1341 3131 siue

208 3142 267 3202 ulla
286 3142 477 3222 inquisitione
497 3143 591 3222 ipsam
611 3143 738 3226 aliquem
759 3166 792 3206 ex
812 3167 905 3230 grege
922 3147 1077 3208 hominum
1098 3167 1160 3208 esse
1179 3147 1340 3228 lingentes,

149 3271 153 3278 .
206 3229 320 3279 temere
339 3219 376 3277 ad
395 3215 676 3280 eismdamnandum
697 3223 862 3304 prosiliunt.
1097 3287 1099 3296 χ

214 3365 216 3372 ,
280 3302 309 3358 d·
351 3293 576 3376 (lsmuidr‘sset
593 3297 702 3361 10³·ss
724 3299 788 3358 Iam
811 3299 843 3356 in
869 3298 926 3358 hoc
946 3297 1114 3361 Divinitatis
1140 3320 1211 3361 suae
1238 3301 1338 3382 speci-

205 3390 279 3430 men
295 3371 374 3446 edit,
401 3373 481 3452 quod
501 3374 633 3434 occultos
654 3397 757 3436 eorum
776 3395 877 3434 sensus
889 3375 928 3433 'in
948 3377 1075 3435 medium
1096 3377 1226 3456 profert:
1246 3399 1339 3438 neruo

207 3448 287 3512 eninr
305 3449 406 3524 notit,
427 3449 554 3530 quidsit
572 3452 602 3510 in
624 3451 743 3534 homine
763 3451 818 3511 nisi
837 3448 953 3530 'spiritus
975 3452 1097 3530 eiussilr
1111 3453 1188 3514 lior.
1207 3461 1248 3528 2,
1265 3457 1338 3534 με).

206 3525 280 3584 Ideo
300 3525 414 3585 Marcus
435 3527 531 3602 addit,
561 3528 654 3607 ipsum
674 3526 861 3607 Spiritusne
881 3528 1015 3602 nouisse,
1044 3530 1103 3589 acsi
1123 3530 1337 3606 diceretptnon

205 3603 338 3682 potuisse
356 3602 519 3662 humanitus
539 3603 680 3683 peppini,
709 3605 790 3684 quod
810 3603 841 3662 iu
861 3605 999 3664 conlibus
1018 3605 1143 3680 latebat,
1158 3607 1230 3688 ¹sed
1241 3607 1337 3666 Chri-

204 3689 279 3738 stum
306 3677 408 3738 divino
430 3699 484 3738 suo
504 3680 617 3758 Spiritu
642 3681 710 3740 illuc
729 3701 821 3758 usque
845 3693 1023 3759 penetrasse.
1062 3682 1138 3742 hlala
1156 3687 1257 3748 enatem
1284 3705 1338 3744 eos

194 3755 338 3836 ¹cogitare
357 3755 438 3830 dicit,
457 3775 519 3814 non
536 3757 616 3835 quod
634 3756 689 3816 illis
709 3755 834 3832 doleret,
854 3759 1063 3818 transferri.ad
1083 3757 1233 3819 hominem
1253 3779 1336 3819 mor-

201 3833 290 3892 talem
311 3831 392 3912 quod
411 3833 500 3898 Deus¹
512 3833 563 3892 uui
583 3825 801 3906 sibivindicat,
833 3836 886 3893 sed
905 3835 975 3913 quia
994 3833 1091 3894 Deum
1116 3835 1214 3914 pelam
1233 3857 1267 3896 se
1288 3837 1338 3896 os-

202 3907 348 3969 serentem
368 3907 495 3988 superbe
515 3920 546 3968 et
564 3907 694 3990 maligne
716 3921 899 3988 respuerent

275 3991 304 4048 lt
348 3985 453 4044 Um
476 3999 518 4045 est
532 3985 671 4065 facilius.
711 3985 820 4045 Sensus
842 3997 900 4046 est:
927 4007 1016 4066 quum
1036 3987 1130 4047 nihilo
1149 3987 1267 4048 facilius
1287 3990 1336 4064 sit,

199 4059 293 4118 verbo
314 4081 421 4138 eorpus
441 4074 604 4120 emortuum
624 4073 764 4143 vegetare
784 4084 871 4140 quam
891 4064 1043 4123 remittere
1064 4077 1200 4143 peccata,
1228 4065 1335 4124 miram

199 4135 293 4194 videri
313 4155 373 4194 unu
394 4135 515 4212 debere,
534 4139 615 4217 quod
635 4151 755 4218 peecata
774 4140 914 4214 remittat,
932 4139 983 4198 ubi
1004 4141 1127 4200 alterum
1147 4140 1221 4200 illud
1242 4163 1332 4222 prae-

198 4209 314 4267 stiterit
353 4213 478 4272 Videtur
505 4225 602 4273 tamen
628 4237 729 4294 parum
755 4213 851 4274 solide
875 4214 1046 4276 ratiocinari
1069 4217 1218 4290 Christos,
1256 4219 1337 4296 quia,

199 4297 310 4360 quanto
336 4289 532 4364 praestantior
551 4301 595 4348 est
619 4291 715 4352 anima
734 4313 880 4372 corpore,
910 4303 993 4352 tanto
1021 4293 1177 4370 praecellit
1196 4295 1336 4372 corporis

195 4361 347 4434 sanitatem
368 4378 556 4442 peecatoraun
577 4367 717 4433 remissio.
754 4369 816 4436 Sed
834 4369 867 4432 iu
886 4380 1027 4449 promptu
1047 4382 1092 4432 est
1108 4369 1229 4444 solutio,
1250 4373 1363 4462 qnodN
