2766 4834
150 65 159 103 l

59 217 67 246 Α
165 259 205 322 84
343 241 573 317 secutum.
611 247 860 310 rasurarum
881 257 924 339 ar
945 219 1118 310 manners.
1223 271 1226 276 ,

150 397 325 488 'utrmque
345 403 486 488 gratiam,
506 411 537 461 et
556 397 661 461 arcetis
682 419 698 461 a
717 397 818 462 vohis:
846 397 936 461 stabit
953 409 1053 458 tamen
1072 398 1154 458 Dens
1177 397 1208 458 in
1230 415 1315 458 cen-

127 759 131 768 „
161 713 228 788 'bas
251 713 275 774 si

171 484 277 545 nantia
304 482 384 562 pacti
403 481 458 540 sui.
499 477 611 538 Veniet
632 475 711 538 enim
731 478 891 558 promissus
911 475 1023 538 lisdem
1045 485 1109 551 tor,
1139 475 1188 534 in*
1214 495 1254 534 uo
1278 495 1317 536 se

172 559 406 640 Deru-perfecte
448 553 539 635 opulo
561 573 614 614 suo
635 563 823 688 praesentem
841 563 958 613 statuet
1038 549 1171 612 biiciunt
1190 493 1317 626 ludaei,

172 636 261 698 stulte
282 647 314 696 et
332 577 456 698 absurde
476 631 634 698 iacturum¹
654 631 731 691 uisse
750 629 885 705 Iesaiam,
904 629 928 690 si
948 628 1027 690 illius
1046 627 1156 688 saeculi
1174 626 1317 687 homini-

298 729 366 770 num
392 707 535 780 dedisset,
568 705 649 786 quod
665 705 868 791 octingentis
886 715 993 786 postea
1013 705 1097 766 ebuis
1116 716 1168 764 aut
1187 704 1319 766 circiter

173 729 420 850 uitulinum.
459 785 500 844 Et
518 783 568 844 hie
586 782 651 864 plus
674 799 761 862 quam
783 781 912 864 superbe
933 781 1092 872 exsultant,
1125 781 1193 872 quia
1216 779 1316 840 Chri-

159 865 334 926 'stianorum
353 861 402 921 vel
421 860 581 940 imperatae,
601 859 648 919 vel
668 859 781 920 incuria
801 861 874 920 haec
894 858 1025 919 obtectio
1040 869 1201 938 praetenta
1214 869 1245 918 et
1260 879 1317 918 se·
1369 911 1374 928 ,

174 939 257 1024 pulta
274 937 342 1002 fuit
371 936 465 1075 Atqui
483 935 556 995 mibi
575 936 786 1028 noundiificilis
805 937 923 1026 videtur
941 935 1069 1026 solutio:
1086 933 1316 1026 siquidemob-
1351 995 1359 1004 ,

172 1037 335 1108 servemus,
356 1014 419 1106 ‘soe
439 1035 473 1073 ua
497 1013 668 1103 adoptronrs
693 1012 804 1106 datum!
817 1013 934 1082 Iudaers
959 1011 1069 1087 iurasse,x
1093 1013 1172 1103 unde
1193 1011 1316 1104 relnque

174 1089 767 1246 ⁰³¹⁰'hl'ihl‘iiliislilii‘ilio
781 1085 1318 1245 litt‘tttpttttl¹ttttt¹ttt1
1373 1209 1374 1214 a

196 1189 366 1306 abderam
383 1235 526 1328 speciales
547 1187 889 1378 omneslpromishiones.
925 1241 1051 1302 Rursum
1072 1242 1202 1302 foederis
1224 1241 1316 1300 buius

674 1339 689 1378 a

174 1320 400 1383 tundamenum
419 1329 483 1380 erat
492 1318 621 1379 Messias.
690 1329 883 1393 menemus,
904 1337 1017 1378 causam
1037 1317 1207 1394 liberandae
1228 1317 1317 1380 urbis

173 1396 281 1476 luisse,v
296 1396 435 1478 quiaDei
453 1395 656 1488 sanctuarium·
666 1405 730 1457 erat
742 1405 776 1488 et
781 1395 852 1486 inde
863 1395 1034 1532 qqoditurus
1045 1405 1108 1455 erat
1116 1395 1317 1476 Redemptor.

174 1473 244 1536 Hoc
271 1485 409 1566 respectu
435 1471 552 1539 sublato
577 1483 689 1532 sennes
713 1483 849 1554 perusset
903 1471 1088 1552 lerosolyma.
1133 1472 1316 1606 Expendant

154 1568 256 1612 'nune
281 1550 324 1642 pir
348 1547 493 1623 lectores,
523 1568 613 1628 quum
634 1555 735 1629 aperte
754 1547 893 1608 reiiceret
912 1549 1015 1609 domus
1037 1549 1120 1633 regia
1141 1547 1180 1608 ob
1194 1557 1273 1606 atum
1296 1569 1317 1608 a
1373 1617 1374 1624 ἵ

149 3433 156 3447 ,
179 3397 277 3446 turum
297 3385 427 3456 asseruit,
445 3383 498 3520 qui
517 3403 603 3444 verus
624 3396 700 3445 esset

143 3725 147 3734 ,
177 3691 337 3774 specialem
360 3709 604 3772 promrssronem,
640 3690 722 3752 euius
748 3711 832 3751 causa
858 3693 958 3754 missus

101 1646 109 1664 ι
174 1626 244 1688 Deo
268 1645 405 1708 sagnam,
440 1644 478 1684 an
504 1643 567 1684 nou
593 1636 778 1716 opportunus
804 1625 894 1686 suerit
917 1625 1086 1704 Prophetae
1111 1624 1248 1685 transitus
1276 1625 1318 1684 ad

175 1702 321 1776 Messium,
340 1701 400 1762 acsi
419 1700 546 1775 dixisset,
566 1702 708 1775 eramvrs
727 1701 875 1761 saeculnm
896 1701 954 1762 hoc
974 1701 1079 1777 salute,
1099 1721 1186 1793 quam
1207 1721 1223 1760 a
1243 1700 1315 1760 Do-

177 1779 262 1840 mino
282 1775 439 1857 polliceor,
459 1776 612 1858 iudignum
633 1777 681 1852 sit,
700 1778 781 1838 Deus
801 1787 900 1838 tamen
920 1777 1050 1838 foederis
1069 1801 1113 1838 sur
1134 1796 1315 1837 memorar-

176 1853 246 1915 hem
266 1854 341 1913 hanc
361 1851 399 1912 ah
419 1851 552 1913 hostibus
573 1853 692 1933 eripiet·
731 1855 739 1870 '
760 1873 799 1934 go
820 1867 854 1914 ut
872 1849 984 1912 nullrun
1003 1855 1179 1934 particulare
1194 1854 1316 1936 signum

177 1951 258 1992 nune
276 1930 345 1989 edat
354 1929 514 1989 ‘testandae
533 1929 649 2011 gratiae
667 1949 736 1990 suae
759 1951 861 2004 caussa,
889 1930 946 1990 hoc
967 1951 1056 1989 unum
1075 1932 1143 1992 satis
1162 1951 1315 2010 superque

76 2007 81 2014 ’
178 2024 242 2069 esse
262 2005 363 2080 deber,
383 2005 464 2083 quod
483 2025 517 2064 ex
536 2005 590 2065 stir
615 2005 764 2067 eDavidis
785 2008 912 2067 oriturus
932 2007 1109 2070 sithlessias.
1139 2007 1314 2066 Notandum

61 2111 74 2131 ι
178 2092 334 2158 vernent,
365 2025 611 2160 quodincredul

606 2101 638 2142 os
664 2096 783 2143 revocat
808 2083 957 2162 Propheta
979 2085 1015 2144 ad
1037 2083 1176 2165 generale
1195 2083 1315 2157 foedus,

176 2159 306 2240 speciem
330 2177 393 2218 esse
417 2157 668 2239 exprobrationis,
701 2179 737 2220 eo
764 2162 843 2240 quod
867 2157 980 2219 nullum
1021 2161 1175 2232 articulare
1194 2160 1314 2242 signum

177 2237 395 2298 admitterent.
420 2234 482 2294 lam
504 2233 577 2295 mihi
595 2236 665 2297 satis
683 2235 825 2326 probasse
844 2235 963 2311 videor,
994 2181 1190 2319 Prophetam‚
1219 2257 1313 2328 quum

178 2312 329 2396 praeclusa
354 2323 431 2372 esset
450 2310 597 2392 miraculis
618 2313 753 2372 omnrhus
775 2313 876 2388 ianua,
905 2315 1079 2406 tempestive
1099 2315 1135 2373 ad
1158 2312 1315 2372 Cbrrstunr

177 2389 318 2466 transire,
345 2399 379 2448 ut
398 2408 434 2450 eo
458 2387 535 2448 itent
552 2387 713 2463 increduli,
740 2409 803 2448 non
823 2389 909 2449 aliam
929 2389 1016 2451 sursse
1036 2389 1221 2462 liberationis
1242 2409 1315 2448 cau-

176 2486 239 2529 rarn
265 2483 352 2546 quam
377 2407 482 2555 foedum
509 2485 575 2524 cum
599 2463 737 2526 Patribus
762 2465 876 2529 initum.
920 2465 1019 2558 Atque
1046 2467 1103 2528 boc
1125 2464 1316 2525 memorabili

179 2545 360 2606 documento
380 2553 482 2603 testarr
502 2539 597 2602 voluit
614 2542 696 2604 Deus
718 2541 854 2603 omnibus
873 2544 1006 2619 saeculrs,
1026 2543 1094 2604 ideo
1114 2563 1145 2603 se
1166 2543 1315 2602 continuo

137 2685 140 2696 ἵ
178 2631 285 2681 tenore
310 2631 371 2679 tam
394 2617 562 2679 beneficum
586 2618 674 2680 luisse
694 2637 766 2700 erga
786 2617 926 2702 Abrahae
944 2620 1036 2694 lilios,
1059 2619 1133 2712 ‚quia
1151 2619 1317 2701 gratuitum

178 2716 245 2758 eum
265 2687 322 2758 ittt's
341 2695 446 2756 foedus
465 2694 497 2754 in
518 2695 649 2770 Christo,
669 2708 701 2757 et
718 2717 781 2756 nou
801 2715 902 2755 eorum
922 2698 1033 2758 meritis
1053 2707 1217 2789 pepugerat.
1256 2695 1316 2756 Al-

178 2785 245 2835 tero
266 2771 371 2834 cavillo
392 2781 522 2831 nostram
541 2773 718 2833 sententiam
739 2769 858 2832 eludere
870 2785 1017 2834 conantur
1029 2773 1141 2848 ludaer,
1163 2771 1231 2853 quia
1243 2793 1316 2832 mox

177 2869 210 2913 ee
233 2849 313 2911 uitur
335 2847 367 2908 iu
393 2858 532 2910 contextu
555 2848 741 2929 Prophetae,
771 2849 938 2926 Antequam
964 2851 1037 2912 sciat
1056 2870 1131 2930 puer
1149 2847 1319 2929 reprobare

180 2871 299 3000 mellum,
319 2935 350 2983 et
369 2922 480 3004 eligere
500 2924 623 3001 bonum,
642 2925 826 3004 relinquetur
845 2936 924 2996 terra
941 2924 1083 2986 aduobus
1095 2925 1236 3018 Regibus,
1257 2937 1317 2988 etc.

179 3003 259 3062 Hinc
279 2999 348 3061 coll'
390 3011 439 3075 nt,
469 3001 604 3081 promitti
622 3001 744 3062 insontis
763 3012 895 3081 partum,
928 3003 978 3084 qui
997 3001 1118 3064 minime
1138 3024 1169 3061 ru
1189 3001 1317 3081 longum

178 3091 294 3160 tempus
314 3019 495 3136 adurendus
516 3089 593 3138 erat:
614 3076 724 3157 alioqui
736 3097 797 3138 non
811 3079 978 3156 quadraret,
999 3079 1080 3159 quod
1092 3080 1128 3139 de
1143 3078 1317 3159 propinqua

179 3173 339 3240 regnorum
358 3153 521 3228 mutatione
540 3154 657 3229 dicitur,
678 3175 765 3235 quarn
786 3154 936 3246 Propheta
956 3155 1023 3216 sore
1045 3155 1209 3229 denuntiat,
1228 3167 1319 3214 ante-

180 3251 267 3313 quam
287 3230 384 3291 inlans
403 3229 454 3291 ille
474 3230 630 3310 pueritiam
650 3231 776 3292 mediam
796 3243 849 3291 attr
873 3231 937 3293 erit.
975 3231 1173 3312 Responde0‚
1202 3229 1255 3291 ubi
1275 3232 1319 3292 si-

179 3329 270 3394 gnum
290 3309 327 3368 de
346 3309 446 3368 futuro
466 3306 567 3368 salutis
585 3319 707 3370 auctore
749 3251 981 3383 rotulitgtesaiaq
1001 3321 1031 3368 et
1051 3305 1194 3368 inlautem
1217 3308 1316 3368 nasci-

719 3329 892 3461 llnmanueb
911 3384 958 3456 vel
978 3387 1027 3464 (ut
1037 3384 1122 3445 Pauli
1141 3382 1235 3444 verbo
1250 3395 1318 3444 trtar

180 3462 204 3522 1.
217 3461 295 3522 Tim.
314 3461 426 3552 3,16.)
477 3479 526 3520 eus
546 3461 578 3520 in
597 3466 686 3521 car'ne
705 3462 916 3536 manifestatus,
935 3463 992 3522 iam
1013 3461 1209 3524 communiter
1223 3461 1317 3522 verba

178 3540 279 3600 iacere
303 3538 340 3598 de
367 3536 548 3617 qurbuslibet
572 3535 635 3598 eius
660 3538 761 3599 aetatis
781 3535 952 3599 infantibus.
993 3537 1084 3599 Cuius
1104 3538 1149 3598 rei
1168 3537 1251 3596 firma
1271 3547 1319 3597 est

179 3615 211 3675 in
230 3626 372 3697 promptu
389 3613 495 3705 ratior·
514 3612 662 3693 praefatus
683 3615 761 3674 enim
782 3616 818 3675 de
839 3613 972 3698 generali
991 3627 1081 3751 pacto
1101 3614 1172 3749 Dca'1
1182 3614 1259 3674 redit
1271 3613 1319 3705 'ad

1003 3704 1097 3752 uerat.
1173 3701 1201 3750 ta
1254 3711 1322 3750 rror

178 3769 281 3842 locus,
310 3768 361 3847 qui
387 3767 423 3826 ad
447 3765 578 3826 ultimam
597 3778 630 3828 et
649 3767 766 3849 plenam
785 3769 1023 3850 redemptionem
1042 3777 1172 3848 spectat,
1203 3711 1319 3828 celtum

179 3847 327 3927 quendam
352 3864 475 3926 puerum
496 3843 647 3926 designat,
677 3845 709 3904 in
730 3863 816 3924 quern
837 3845 931 3904 solum
951 3855 1102 3924 competat
1120 3843 1181 3904 Dei
1200 3843 1320 3903 titulus:

180 3923 330 4014 posterior
354 3939 442 3994 vcro,
472 3921 528 4000 qui
548 3923 584 3980 ad
609 3921 736 4000 speciale
762 3919 940 3981 beneficium
964 3921 1107 3995 refertur,
1140 3919 1220 3998 quod
1246 3929 1317 3979 tune

66 4069 82 4078 ἣ
138 4019 142 4024 ·
179 3997 323 4072 uastabat,
353 4009 467 4077 tempus
488 3995 592 4085 delinit
611 4005 645 4056 etr
665 4017 768 4057 eorum
789 3999 933 4077 pueritia,
969 3999 1019 4088 qni
1039 4008 1234 4078 tuoqreeens
1254 3995 1318 4056 nati

163 4074 225 4143 ¹vel
251 4075 339 4156 paulo
366 4085 435 4154 post
459 4073 599 4134 nascaturi
627 4085 719 4146 erant.
759 4073 907 4134 llactcnus
927 4073 1028 4137 velulis
1048 4072 1230 4148 rationibus,
1260 4071 1317 4130 nisi

179 4151 278 4227 fallor,
298 4163 328 4210 et
346 4149 448 4210 solidis
467 4150 592 4212 refutavi
613 4150 789 4210 ludaeorum
811 4151 978 4224 cnlnnrnias,
1020 4149 1229 4209 uibusChristi
1250 4146 1317 4230 glo-

178 4229 253 4289 riam
278 4227 407 4286 obruere
427 4237 589 4300 conantur,
621 4248 660 4287 nc
680 4227 710 4286 in
731 4226 789 4307 hoc
808 4227 947 4287 vaticinio
969 4171 1125 4307 relul'geat.
1164 4227 1251 4286 Nunc
1271 4223 1317 4282 di-

147 4307 151 4314 '
179 4310 320 4370 luendum
338 4319 430 4368 restat
449 4310 567 4369 illorum
588 4309 721 4371 cavillum
742 4311 772 4370 in
793 4331 866 4372 voce
886 4302 982 4372 rttthv.
1014 4308 1319 4390 Proterveexagitant

154 4387 369 4462 -ldatthaeu'rm
388 4386 438 4464 qui
459 4385 609 4451 Christum
629 4405 663 4448 cx
681 4385 809 4468 Virgine
828 4395 928 4448 natum
948 4385 1075 4466 probet,
1095 4405 1185 4472 quum
1205 4403 1314 4474 nomen
