<?xml version="1.0" encoding="UTF-8"?>
<!DOCTYPE html PUBLIC "-//W3C//DTD XHTML 1.0 Transitional//EN"
    "http://www.w3.org/TR/xhtml1/DTD/xhtml1-transitional.dtd">
<html xmlns="http://www.w3.org/1999/xhtml" xml:lang="en" lang="en">
 <head>
  <title>
</title>
<meta http-equiv="Content-Type" content="text/html;charset=utf-8" />
  <meta name='ocr-system' content='tesseract 3.04.00' />
  <meta name='ocr-capabilities' content='ocr_page ocr_carea ocr_par ocr_line ocrx_word'/>
</head>
<body>
  <div class='ocr_page' id='page_1' title='image "./innovumtestamen00calvgoog_0769.png"; bbox 0 0 2764 4854; ppageno 0'>
   <div class='ocr_carea' id='block_1_1' title="bbox 153 225 1089 295">
    <p class='ocr_par' dir='ltr' id='par_1_1' title="bbox 153 225 1089 295">
     <span class='ocr_line' id='line_1_1' title="bbox 153 225 1089 295; baseline -0.004 -8"><span class='ocrx_word' id='word_1_1' title='bbox 153 228 212 295; x_wconf 75' lang='lat' dir='ltr'>ssu</span> <span class='ocrx_word' id='word_1_2' title='bbox 381 225 497 288; x_wconf 76' lang='lat' dir='ltr'>suet.</span> <span class='ocrx_word' id='word_1_3' title='bbox 517 225 596 286; x_wconf 83' lang='lat' dir='ltr'>xlx.</span> <span class='ocrx_word' id='word_1_4' title='bbox 637 239 770 290; x_wconf 76' lang='lat' dir='ltr'>casura</span> <span class='ocrx_word' id='word_1_5' title='bbox 788 237 907 288; x_wconf 75' lang='lat' dir='ltr'>cassio</span> <span class='ocrx_word' id='word_1_6' title='bbox 926 238 969 284; x_wconf 80' lang='lat' dir='ltr'>ar</span> <span class='ocrx_word' id='word_1_7' title='bbox 989 239 1089 287; x_wconf 81' lang='lat' dir='ltr'>noas.</span> 
     </span>
    </p>
   </div>
   <div class='ocr_carea' id='block_1_2' title="bbox 153 351 1373 993">
    <p class='ocr_par' dir='ltr' id='par_1_2' title="bbox 153 351 1373 993">
     <span class='ocr_line' id='line_1_2' title="bbox 153 351 1317 460; baseline 0.002 -20"><span class='ocrx_word' id='word_1_8' title='bbox 153 379 214 440; x_wconf 89' lang='lat' dir='ltr'>Dei</span> <span class='ocrx_word' id='word_1_9' title='bbox 234 365 368 442; x_wconf 78' lang='lat' dir='ltr'>bonitate</span> <span class='ocrx_word' id='word_1_10' title='bbox 387 379 497 442; x_wconf 76' lang='lat' dir='ltr'>lactant</span> <span class='ocrx_word' id='word_1_11' title='bbox 517 351 595 454; x_wconf 64' lang='lat' dir='ltr'>essi,</span> <span class='ocrx_word' id='word_1_12' title='bbox 614 389 648 438; x_wconf 93' lang='lat' dir='ltr'>ut</span> <span class='ocrx_word' id='word_1_13' title='bbox 667 379 704 440; x_wconf 93' lang='lat' dir='ltr'>ad</span> <span class='ocrx_word' id='word_1_14' title='bbox 723 399 778 438; x_wconf 87' lang='lat' dir='ltr'>nos</span> <span class='ocrx_word' id='word_1_15' title='bbox 797 399 830 438; x_wconf 84' lang='lat' dir='ltr'>us</span> <span class='ocrx_word' id='word_1_16' title='bbox 873 391 1044 446; x_wconf 76' lang='lat' dir='ltr'><strong>emanaret</strong></span> <span class='ocrx_word' id='word_1_17' title='bbox 1062 378 1260 460; x_wconf 81' lang='lat' dir='ltr'>Evangelium</span> <span class='ocrx_word' id='word_1_18' title='bbox 1281 382 1317 442; x_wconf 87' lang='lat' dir='ltr'>de</span> 
     </span>
     <span class='ocr_line' id='line_1_3' title="bbox 155 455 1318 538; baseline 0.003 -23"><span class='ocrx_word' id='word_1_19' title='bbox 155 456 333 536; x_wconf 81' lang='lat' dir='ltr'>expiatione,</span> <span class='ocrx_word' id='word_1_20' title='bbox 352 477 409 538; x_wconf 85' lang='lat' dir='ltr'>qua</span> <span class='ocrx_word' id='word_1_21' title='bbox 429 457 517 518; x_wconf 86' lang='lat' dir='ltr'>nobis</span> <span class='ocrx_word' id='word_1_22' title='bbox 536 456 743 516; x_wconf 87' lang='lat' dir='ltr'>reconciliatus</span> <span class='ocrx_word' id='word_1_23' title='bbox 762 455 819 515; x_wconf 85' lang='lat' dir='ltr'>luit</span> <span class='ocrx_word' id='word_1_24' title='bbox 860 475 921 516; x_wconf 88' lang='lat' dir='ltr'>ens.</span> <span class='ocrx_word' id='word_1_25' title='bbox 944 456 1022 516; x_wconf 86' lang='lat' dir='ltr'>Nam</span> <span class='ocrx_word' id='word_1_26' title='bbox 1041 457 1072 516; x_wconf 90' lang='lat' dir='ltr'>in</span> <span class='ocrx_word' id='word_1_27' title='bbox 1092 457 1243 518; x_wconf 84' lang='lat' dir='ltr'>communi</span> <span class='ocrx_word' id='word_1_28' title='bbox 1263 479 1318 519; x_wconf 86' lang='lat' dir='ltr'>eo-</span> 
     </span>
     <span class='ocr_line' id='line_1_4' title="bbox 153 531 1318 614; baseline 0.001 -21"><span class='ocrx_word' id='word_1_29' title='bbox 153 555 220 594; x_wconf 87' lang='lat' dir='ltr'>rum</span> <span class='ocrx_word' id='word_1_30' title='bbox 240 533 426 608; x_wconf 87' lang='lat' dir='ltr'>desectione,</span> <span class='ocrx_word' id='word_1_31' title='bbox 441 553 521 614; x_wconf 84' lang='lat' dir='ltr'>quos</span> <span class='ocrx_word' id='word_1_32' title='bbox 540 533 603 594; x_wconf 86' lang='lat' dir='ltr'>aliis</span> <span class='ocrx_word' id='word_1_33' title='bbox 622 553 814 614; x_wconf 82' lang='lat' dir='ltr'>praecurrere</span> <span class='ocrx_word' id='word_1_34' title='bbox 835 531 976 606; x_wconf 86' lang='lat' dir='ltr'>decebat,</span> <span class='ocrx_word' id='word_1_35' title='bbox 996 532 1141 612; x_wconf 84' lang='lat' dir='ltr'>quosdam</span> <span class='ocrx_word' id='word_1_36' title='bbox 1160 553 1197 592; x_wconf 83' lang='lat' dir='ltr'>cx</span> <span class='ocrx_word' id='word_1_37' title='bbox 1215 536 1318 596; x_wconf 86' lang='lat' dir='ltr'>medio</span> 
     </span>
     <span class='ocr_line' id='line_1_5' title="bbox 154 609 1373 702; baseline 0 -32"><span class='ocrx_word' id='word_1_38' title='bbox 154 630 247 692; x_wconf 80' lang='lat' dir='ltr'><strong>grege</strong></span> <span class='ocrx_word' id='word_1_39' title='bbox 267 610 405 673; x_wconf 86' lang='lat' dir='ltr'>animavit</span> <span class='ocrx_word' id='word_1_40' title='bbox 423 612 516 687; x_wconf 84' lang='lat' dir='ltr'>Deus,</span> <span class='ocrx_word' id='word_1_41' title='bbox 535 611 586 702; x_wconf 82' lang='lat' dir='ltr'>qui</span> <span class='ocrx_word' id='word_1_42' title='bbox 605 630 637 671; x_wconf 87' lang='lat' dir='ltr'>se</span> <span class='ocrx_word' id='word_1_43' title='bbox 656 629 672 670; x_wconf 90' lang='lat' dir='ltr'>a</span> <span class='ocrx_word' id='word_1_44' title='bbox 690 609 889 689; x_wconf 76' lang='lat' dir='ltr'>trepidatione</span> <span class='ocrx_word' id='word_1_45' title='bbox 909 609 1096 691; x_wconf 80' lang='lat' dir='ltr'>colligerent,</span> <span class='ocrx_word' id='word_1_46' title='bbox 1117 610 1212 670; x_wconf 76' lang='lat' dir='ltr'>futuri</span> <span class='ocrx_word' id='word_1_47' title='bbox 1231 611 1335 676; x_wconf 66' lang='lat' dir='ltr'>nobis,</span> <span class='ocrx_word' id='word_1_48' title='bbox 1372 611 1373 674; x_wconf 66' lang='grc' dir='ltr'>ἶ</span> 
     </span>
     <span class='ocr_line' id='line_1_6' title="bbox 154 685 1319 765; baseline 0.002 -20"><span class='ocrx_word' id='word_1_49' title='bbox 154 687 217 746; x_wconf 88' lang='lat' dir='ltr'>eius</span> <span class='ocrx_word' id='word_1_50' title='bbox 235 687 499 762; x_wconf 69' lang='lat' dir='ltr'>historiaetestes,</span> <span class='ocrx_word' id='word_1_51' title='bbox 527 707 590 749; x_wconf 80' lang='lat' dir='ltr'>sane</span> <span class='ocrx_word' id='word_1_52' title='bbox 615 687 697 748; x_wconf 86' lang='lat' dir='ltr'>euius</span> <span class='ocrx_word' id='word_1_53' title='bbox 722 687 781 747; x_wconf 86' lang='lat' dir='ltr'>fide</span> <span class='ocrx_word' id='word_1_54' title='bbox 806 685 876 746; x_wconf 83' lang='lat' dir='ltr'>salvi</span> <span class='ocrx_word' id='word_1_55' title='bbox 895 705 962 746; x_wconf 85' lang='lat' dir='ltr'>esse</span> <span class='ocrx_word' id='word_1_56' title='bbox 984 707 1048 747; x_wconf 87' lang='lat' dir='ltr'>non</span> <span class='ocrx_word' id='word_1_57' title='bbox 1066 707 1234 765; x_wconf 75' lang='lat' dir='ltr'>possumus</span> <span class='ocrx_word' id='word_1_58' title='bbox 1272 688 1319 747; x_wconf 86' lang='lat' dir='ltr'>Dc</span> 
     </span>
     <span class='ocr_line' id='line_1_7' title="bbox 154 761 1318 844; baseline 0.003 -23"><span class='ocrx_word' id='word_1_59' title='bbox 154 763 225 844; x_wconf 88' lang='lat' dir='ltr'>ipsis</span> <span class='ocrx_word' id='word_1_60' title='bbox 244 783 336 844; x_wconf 88' lang='lat' dir='ltr'>perro</span> <span class='ocrx_word' id='word_1_61' title='bbox 355 763 528 826; x_wconf 88' lang='lat' dir='ltr'>mulieribus</span> <span class='ocrx_word' id='word_1_62' title='bbox 547 765 654 826; x_wconf 87' lang='lat' dir='ltr'>iterum</span> <span class='ocrx_word' id='word_1_63' title='bbox 674 785 742 824; x_wconf 82' lang='lat' dir='ltr'>mox</span> <span class='ocrx_word' id='word_1_64' title='bbox 768 761 878 842; x_wconf 88' lang='lat' dir='ltr'>aliquid</span> <span class='ocrx_word' id='word_1_65' title='bbox 897 761 1054 823; x_wconf 88' lang='lat' dir='ltr'>dicendum</span> <span class='ocrx_word' id='word_1_66' title='bbox 1075 763 1147 824; x_wconf 86' lang='lat' dir='ltr'>erit:</span> <span class='ocrx_word' id='word_1_67' title='bbox 1179 764 1213 823; x_wconf 92' lang='lat' dir='ltr'>in</span> <span class='ocrx_word' id='word_1_68' title='bbox 1254 784 1318 824; x_wconf 84' lang='lat' dir='ltr'>rae-</span> 
     </span>
     <span class='ocr_line' id='line_1_8' title="bbox 153 838 1320 919; baseline 0.001 -21"><span class='ocrx_word' id='word_1_69' title='bbox 153 839 245 899; x_wconf 86' lang='lat' dir='ltr'>sentia</span> <span class='ocrx_word' id='word_1_70' title='bbox 271 861 362 901; x_wconf 85' lang='lat' dir='ltr'>unum</span> <span class='ocrx_word' id='word_1_71' title='bbox 388 841 488 902; x_wconf 85' lang='lat' dir='ltr'>obiter</span> <span class='ocrx_word' id='word_1_72' title='bbox 510 852 616 902; x_wconf 88' lang='lat' dir='ltr'>notare</span> <span class='ocrx_word' id='word_1_73' title='bbox 641 840 782 914; x_wconf 80' lang='lat' dir='ltr'>sufficiat,</span> <span class='ocrx_word' id='word_1_74' title='bbox 802 839 898 900; x_wconf 86' lang='lat' dir='ltr'>studio</span> <span class='ocrx_word' id='word_1_75' title='bbox 924 838 1057 900; x_wconf 56' lang='lat' dir='ltr'>&amp;cendi</span> <span class='ocrx_word' id='word_1_76' title='bbox 1075 860 1093 899; x_wconf 85' lang='lat' dir='ltr'>a</span> <span class='ocrx_word' id='word_1_77' title='bbox 1113 841 1214 919; x_wconf 89' lang='lat' dir='ltr'>patria</span> <span class='ocrx_word' id='word_1_78' title='bbox 1248 841 1320 901; x_wconf 82' lang='lat' dir='ltr'>uisse</span> 
     </span>
     <span class='ocr_line' id='line_1_9' title="bbox 154 914 1320 993; baseline 0.002 -18"><span class='ocrx_word' id='word_1_79' title='bbox 154 915 304 993; x_wconf 84' lang='lat' dir='ltr'>abductas,</span> <span class='ocrx_word' id='word_1_80' title='bbox 322 930 356 978; x_wconf 89' lang='lat' dir='ltr'>nt</span> <span class='ocrx_word' id='word_1_81' title='bbox 367 919 481 979; x_wconf 87' lang='lat' dir='ltr'>assidue</span> <span class='ocrx_word' id='word_1_82' title='bbox 523 919 711 980; x_wconf 83' lang='lat' dir='ltr'>cuderentex</span> <span class='ocrx_word' id='word_1_83' title='bbox 723 937 777 980; x_wconf 86' lang='lat' dir='ltr'>ore</span> <span class='ocrx_word' id='word_1_84' title='bbox 789 914 909 990; x_wconf 81' lang='lat' dir='ltr'>Christi,</span> <span class='ocrx_word' id='word_1_85' title='bbox 929 935 985 978; x_wconf 87' lang='lat' dir='ltr'>nec</span> <span class='ocrx_word' id='word_1_86' title='bbox 1004 915 1102 976; x_wconf 86' lang='lat' dir='ltr'>labori</span> <span class='ocrx_word' id='word_1_87' title='bbox 1122 929 1176 978; x_wconf 82' lang='lat' dir='ltr'>aut</span> <span class='ocrx_word' id='word_1_88' title='bbox 1196 917 1320 980; x_wconf 74' lang='lat' dir='ltr'>laede·</span> 
     </span>
    </p>
   </div>
   <div class='ocr_carea' id='block_1_3' title="bbox 153 939 1128 1076">
    <p class='ocr_par' dir='ltr' id='par_1_3' title="bbox 153 939 1128 1076">
     <span class='ocr_line' id='line_1_10' title="bbox 153 939 1128 1076; baseline 0 -25"><span class='ocrx_word' id='word_1_89' title='bbox 153 991 232 1054; x_wconf 86' lang='lat' dir='ltr'>tibus</span> <span class='ocrx_word' id='word_1_90' title='bbox 251 995 429 1076; x_wconf 63' lang='lat' dir='ltr'>perpecissa</span> <span class='ocrx_word' id='word_1_91' title='bbox 452 939 544 1058; x_wconf 75' lang='lat' dir='ltr'>modo</span> <span class='ocrx_word' id='word_1_92' title='bbox 564 995 691 1058; x_wconf 82' lang='lat' dir='ltr'>salvifica</span> <span class='ocrx_word' id='word_1_93' title='bbox 710 993 772 1056; x_wconf 79' lang='lat' dir='ltr'>eius&#39;</span> <span class='ocrx_word' id='word_1_94' title='bbox 792 991 928 1054; x_wconf 89' lang='lat' dir='ltr'>doctrina</span> <span class='ocrx_word' id='word_1_95' title='bbox 948 993 1128 1057; x_wconf 82' lang='lat' dir='ltr'>fruerentur.</span> 
     </span>
    </p>
   </div>
   <div class='ocr_carea' id='block_1_4' title="bbox 151 1282 1323 2198">
    <p class='ocr_par' dir='ltr' id='par_1_4' title="bbox 151 1282 1323 2198">
     <span class='ocr_line' id='line_1_11' title="bbox 236 1282 1323 1370; baseline 0.005 -24"><span class='ocrx_word' id='word_1_96' title='bbox 236 1283 340 1364; x_wconf 81' lang='lat'>(213.)</span> <span class='ocrx_word' id='word_1_97' title='bbox 381 1285 553 1352; x_wconf 79' lang='grc' dir='ltr'><strong>ΜΑΤΤΗ.</strong></span> <span class='ocrx_word' id='word_1_98' title='bbox 573 1285 704 1352; x_wconf 84' lang='lat' dir='ltr'>XXVll.</span> <span class='ocrx_word' id='word_1_99' title='bbox 745 1285 796 1350; x_wconf 85' lang='lat'>57.</span> <span class='ocrx_word' id='word_1_100' title='bbox 829 1282 939 1370; x_wconf 84' lang='lat' dir='ltr'>Quum</span> <span class='ocrx_word' id='word_1_101' title='bbox 968 1293 1075 1348; x_wconf 89' lang='lat' dir='ltr'>autem</span> <span class='ocrx_word' id='word_1_102' title='bbox 1104 1305 1248 1370; x_wconf 82' lang='lat' dir='ltr'>vespera</span> <span class='ocrx_word' id='word_1_103' title='bbox 1276 1307 1323 1350; x_wconf 85' lang='lat' dir='ltr'>es-</span> 
     </span>
     <span class='ocr_line' id='line_1_12' title="bbox 154 1385 1323 1476; baseline 0.003 -24"><span class='ocrx_word' id='word_1_104' title='bbox 154 1396 217 1464; x_wconf 86' lang='lat' dir='ltr'>set,</span> <span class='ocrx_word' id='word_1_105' title='bbox 238 1389 329 1452; x_wconf 84' lang='lat' dir='ltr'>venit</span> <span class='ocrx_word' id='word_1_106' title='bbox 350 1387 449 1456; x_wconf 91' lang='lat' dir='ltr'>homo</span> <span class='ocrx_word' id='word_1_107' title='bbox 472 1389 562 1456; x_wconf 90' lang='lat' dir='ltr'>dives</span> <span class='ocrx_word' id='word_1_108' title='bbox 585 1387 626 1456; x_wconf 88' lang='lat' dir='ltr'>ab</span> <span class='ocrx_word' id='word_1_109' title='bbox 647 1386 868 1464; x_wconf 83' lang='lat' dir='ltr'>Arimathaea,</span> <span class='ocrx_word' id='word_1_110' title='bbox 896 1389 1028 1453; x_wconf 90' lang='lat' dir='ltr'>nomine</span> <span class='ocrx_word' id='word_1_111' title='bbox 1049 1385 1190 1474; x_wconf 86' lang='lat' dir='ltr'>loseph,</span> <span class='ocrx_word' id='word_1_112' title='bbox 1213 1392 1272 1476; x_wconf 86' lang='lat' dir='ltr'>qui</span> <span class='ocrx_word' id='word_1_113' title='bbox 1293 1401 1323 1455; x_wconf 89' lang='lat' dir='ltr'>et</span> 
     </span>
     <span class='ocr_line' id='line_1_13' title="bbox 152 1489 1323 1577; baseline 0.003 -23"><span class='ocrx_word' id='word_1_114' title='bbox 152 1491 224 1577; x_wconf 89' lang='lat' dir='ltr'>ipse</span> <span class='ocrx_word' id='word_1_115' title='bbox 247 1489 426 1576; x_wconf 90' lang='lat' dir='ltr'>discipulus</span> <span class='ocrx_word' id='word_1_116' title='bbox 455 1503 523 1558; x_wconf 87' lang='lat' dir='ltr'>erat</span> <span class='ocrx_word' id='word_1_117' title='bbox 542 1493 623 1560; x_wconf 86' lang='lat' dir='ltr'>lesu.</span> <span class='ocrx_word' id='word_1_118' title='bbox 687 1494 738 1558; x_wconf 83' lang='lat'>58.</span> <span class='ocrx_word' id='word_1_119' title='bbox 781 1490 845 1554; x_wconf 90' lang='lat' dir='ltr'>Hic</span> <span class='ocrx_word' id='word_1_120' title='bbox 871 1491 1004 1554; x_wconf 88' lang='lat' dir='ltr'>accessit</span> <span class='ocrx_word' id='word_1_121' title='bbox 1026 1489 1068 1554; x_wconf 89' lang='lat' dir='ltr'>ad</span> <span class='ocrx_word' id='word_1_122' title='bbox 1090 1490 1251 1569; x_wconf 78' lang='lat' dir='ltr'>Pilatum,</span> <span class='ocrx_word' id='word_1_123' title='bbox 1293 1505 1323 1558; x_wconf 89' lang='lat' dir='ltr'>ct</span> 
     </span>
     <span class='ocr_line' id='line_1_14' title="bbox 153 1591 1320 1683; baseline 0 -23"><span class='ocrx_word' id='word_1_124' title='bbox 153 1593 328 1680; x_wconf 87' lang='lat' dir='ltr'>postulavit</span> <span class='ocrx_word' id='word_1_125' title='bbox 349 1617 467 1683; x_wconf 89' lang='lat' dir='ltr'>corpus</span> <span class='ocrx_word' id='word_1_126' title='bbox 490 1598 580 1662; x_wconf 88' lang='lat' dir='ltr'>lesu:</span> <span class='ocrx_word' id='word_1_127' title='bbox 614 1607 691 1663; x_wconf 89' lang='lat' dir='ltr'>tuuc</span> <span class='ocrx_word' id='word_1_128' title='bbox 712 1593 834 1660; x_wconf 84' lang='lat' dir='ltr'>Pilatus</span> <span class='ocrx_word' id='word_1_129' title='bbox 861 1595 951 1658; x_wconf 89' lang='lat' dir='ltr'>iussit</span> <span class='ocrx_word' id='word_1_130' title='bbox 978 1591 1075 1658; x_wconf 87' lang='lat' dir='ltr'>reddi</span> <span class='ocrx_word' id='word_1_131' title='bbox 1096 1613 1230 1681; x_wconf 87' lang='lat' dir='ltr'>eorpus.</span> <span class='ocrx_word' id='word_1_132' title='bbox 1272 1599 1320 1662; x_wconf 71' lang='grc'>50.</span> 
     </span>
     <span class='ocr_line' id='line_1_15' title="bbox 152 1693 1322 1786; baseline -0.001 -23"><span class='ocrx_word' id='word_1_133' title='bbox 152 1699 195 1763; x_wconf 91' lang='lat' dir='ltr'>Et</span> <span class='ocrx_word' id='word_1_134' title='bbox 226 1721 323 1784; x_wconf 86' lang='lat' dir='ltr'>quum</span> <span class='ocrx_word' id='word_1_135' title='bbox 358 1702 532 1786; x_wconf 81' lang='lat' dir='ltr'>accepisset</span> <span class='ocrx_word' id='word_1_136' title='bbox 563 1721 681 1786; x_wconf 87' lang='lat' dir='ltr'>eorpus</span> <span class='ocrx_word' id='word_1_137' title='bbox 712 1696 844 1783; x_wconf 84' lang='lat' dir='ltr'>loseph,</span> <span class='ocrx_word' id='word_1_138' title='bbox 885 1693 1022 1762; x_wconf 84' lang='lat' dir='ltr'>involvit</span> <span class='ocrx_word' id='word_1_139' title='bbox 1059 1695 1145 1762; x_wconf 91' lang='lat' dir='ltr'>illud</span> <span class='ocrx_word' id='word_1_140' title='bbox 1181 1697 1322 1764; x_wconf 89' lang='lat' dir='ltr'>sindone</span> 
     </span>
     <span class='ocr_line' id='line_1_16' title="bbox 153 1801 1321 1891; baseline -0.001 -23"><span class='ocrx_word' id='word_1_141' title='bbox 153 1801 287 1878; x_wconf 76' lang='lat' dir='ltr'>intrude,</span> <span class='ocrx_word' id='word_1_142' title='bbox 329 1803 379 1865; x_wconf 82' lang='lat'>60.</span> <span class='ocrx_word' id='word_1_143' title='bbox 401 1803 578 1891; x_wconf 87' lang='lat' dir='ltr'>Posuitque</span> <span class='ocrx_word' id='word_1_144' title='bbox 605 1803 687 1870; x_wconf 90' lang='lat' dir='ltr'>illud</span> <span class='ocrx_word' id='word_1_145' title='bbox 715 1804 749 1868; x_wconf 89' lang='lat' dir='ltr'>in</span> <span class='ocrx_word' id='word_1_146' title='bbox 770 1813 985 1890; x_wconf 84' lang='lat' dir='ltr'>monumento¹</span> <span class='ocrx_word' id='word_1_147' title='bbox 1000 1823 1062 1867; x_wconf 87' lang='lat' dir='ltr'>suo</span> <span class='ocrx_word' id='word_1_148' title='bbox 1085 1822 1194 1878; x_wconf 80' lang='lat' dir='ltr'>novo,</span> <span class='ocrx_word' id='word_1_149' title='bbox 1231 1801 1321 1888; x_wconf 88' lang='lat' dir='ltr'>qnod</span> 
     </span>
     <span class='ocr_line' id='line_1_17' title="bbox 154 1902 1320 1990; baseline 0 -20"><span class='ocrx_word' id='word_1_150' title='bbox 154 1904 316 1970; x_wconf 86' lang='lat' dir='ltr'>exciderat</span> <span class='ocrx_word' id='word_1_151' title='bbox 343 1907 377 1968; x_wconf 91' lang='lat' dir='ltr'>iu</span> <span class='ocrx_word' id='word_1_152' title='bbox 404 1915 509 1989; x_wconf 88' lang='lat' dir='ltr'>petra,</span> <span class='ocrx_word' id='word_1_153' title='bbox 544 1917 577 1974; x_wconf 86' lang='lat' dir='ltr'>et</span> <span class='ocrx_word' id='word_1_154' title='bbox 599 1907 755 1973; x_wconf 88' lang='lat' dir='ltr'>advoluto</span> <span class='ocrx_word' id='word_1_155' title='bbox 777 1925 893 1990; x_wconf 83' lang='lat' dir='ltr'>magno</span> <span class='ocrx_word' id='word_1_156' title='bbox 913 1903 1023 1990; x_wconf 85' lang='lat' dir='ltr'>lapide</span> <span class='ocrx_word' id='word_1_157' title='bbox 1046 1902 1089 1970; x_wconf 91' lang='lat' dir='ltr'>ad</span> <span class='ocrx_word' id='word_1_158' title='bbox 1112 1905 1233 1970; x_wconf 85' lang='lat' dir='ltr'>ostium</span> <span class='ocrx_word' id='word_1_159' title='bbox 1255 1927 1320 1970; x_wconf 90' lang='lat' dir='ltr'>mo-</span> 
     </span>
     <span class='ocr_line' id='line_1_18' title="bbox 151 2005 1319 2092; baseline -0.001 -19"><span class='ocrx_word' id='word_1_160' title='bbox 151 2009 305 2086; x_wconf 88' lang='lat' dir='ltr'>numenti,</span> <span class='ocrx_word' id='word_1_161' title='bbox 327 2005 414 2072; x_wconf 89' lang='lat' dir='ltr'>abiit.</span> <span class='ocrx_word' id='word_1_162' title='bbox 456 2005 506 2072; x_wconf 81' lang='lat'>61.</span> <span class='ocrx_word' id='word_1_163' title='bbox 529 2009 605 2074; x_wconf 85' lang='lat' dir='ltr'>Erat</span> <span class='ocrx_word' id='word_1_164' title='bbox 626 2020 733 2076; x_wconf 86' lang='lat' dir='ltr'>eutem</span> <span class='ocrx_word' id='word_1_165' title='bbox 754 2007 803 2074; x_wconf 92' lang='lat' dir='ltr'>ibi</span> <span class='ocrx_word' id='word_1_166' title='bbox 823 2008 927 2073; x_wconf 88' lang='lat' dir='ltr'>Maria</span> <span class='ocrx_word' id='word_1_167' title='bbox 940 2005 1142 2092; x_wconf 83' lang='lat' dir='ltr'>Magdalene</span> <span class='ocrx_word' id='word_1_168' title='bbox 1167 2005 1319 2083; x_wconf 76' lang='lat' dir='ltr'>etaltera</span> 
     </span>
     <span class='ocr_line' id='line_1_19' title="bbox 152 2110 794 2198; baseline 0 -22"><span class='ocrx_word' id='word_1_169' title='bbox 152 2111 275 2188; x_wconf 87' lang='lat' dir='ltr'>Maria,</span> <span class='ocrx_word' id='word_1_170' title='bbox 295 2110 448 2176; x_wconf 87' lang='lat' dir='ltr'>sedentes</span> <span class='ocrx_word' id='word_1_171' title='bbox 468 2123 581 2178; x_wconf 88' lang='lat' dir='ltr'>contra</span> <span class='ocrx_word' id='word_1_172' title='bbox 601 2111 794 2198; x_wconf 90' lang='lat' dir='ltr'>sepulcrum.</span> 
     </span>
    </p>
   </div>
   <div class='ocr_carea' id='block_1_5' title="bbox 8 2302 1373 3432">
    <p class='ocr_par' dir='ltr' id='par_1_5' title="bbox 152 2302 1373 3012">
     <span class='ocr_line' id='line_1_20' title="bbox 237 2302 1316 2396; baseline -0.001 -24"><span class='ocrx_word' id='word_1_173' title='bbox 237 2302 376 2372; x_wconf 71' lang='lat' dir='ltr'>Molle.</span> <span class='ocrx_word' id='word_1_174' title='bbox 397 2309 469 2373; x_wconf 88' lang='lat' dir='ltr'>XV.</span> <span class='ocrx_word' id='word_1_175' title='bbox 521 2309 572 2374; x_wconf 78' lang='lat'>42</span> <span class='ocrx_word' id='word_1_176' title='bbox 605 2309 646 2374; x_wconf 90' lang='lat' dir='ltr'>Et</span> <span class='ocrx_word' id='word_1_177' title='bbox 668 2331 765 2396; x_wconf 85' lang='lat' dir='ltr'>quum</span> <span class='ocrx_word' id='word_1_178' title='bbox 787 2311 848 2372; x_wconf 85' lang='lat' dir='ltr'>iam</span> <span class='ocrx_word' id='word_1_179' title='bbox 871 2315 955 2370; x_wconf 71' lang='lat' dir='ltr'>emet</span> <span class='ocrx_word' id='word_1_180' title='bbox 976 2326 1117 2390; x_wconf 84' lang='lat' dir='ltr'>vespera</span> <span class='ocrx_word' id='word_1_181' title='bbox 1151 2307 1316 2393; x_wconf 86' lang='lat' dir='ltr'>(quoniam</span> 
     </span>
     <span class='ocr_line' id='line_1_21' title="bbox 152 2409 1320 2500; baseline -0.001 -24"><span class='ocrx_word' id='word_1_182' title='bbox 152 2422 222 2477; x_wconf 83' lang='lat' dir='ltr'>erat</span> <span class='ocrx_word' id='word_1_183' title='bbox 242 2431 431 2498; x_wconf 84' lang='lat' dir='ltr'>parasceve,</span> <span class='ocrx_word' id='word_1_184' title='bbox 466 2434 550 2499; x_wconf 85' lang='lat' dir='ltr'>quae</span> <span class='ocrx_word' id='word_1_185' title='bbox 571 2413 738 2500; x_wconf 81' lang='lat' dir='ltr'>praecedit</span> <span class='ocrx_word' id='word_1_186' title='bbox 756 2409 975 2488; x_wconf 66' lang='lat' dir='ltr'>Sabbatum),</span> <span class='ocrx_word' id='word_1_187' title='bbox 1002 2410 1053 2473; x_wconf 82' lang='grc'>43.</span> <span class='ocrx_word' id='word_1_188' title='bbox 1076 2410 1182 2475; x_wconf 84' lang='lat' dir='ltr'>Venit</span> <span class='ocrx_word' id='word_1_189' title='bbox 1205 2411 1320 2498; x_wconf 86' lang='lat' dir='ltr'>loseph</span> 
     </span>
     <span class='ocr_line' id='line_1_22' title="bbox 152 2513 1320 2602; baseline -0.002 -22"><span class='ocrx_word' id='word_1_190' title='bbox 152 2517 264 2594; x_wconf 82' lang='lat' dir='ltr'>(ortus</span> <span class='ocrx_word' id='word_1_191' title='bbox 284 2537 327 2578; x_wconf 81' lang='lat' dir='ltr'>ex</span> <span class='ocrx_word' id='word_1_192' title='bbox 348 2516 493 2594; x_wconf 82' lang='lat' dir='ltr'>civitate)</span> <span class='ocrx_word' id='word_1_193' title='bbox 515 2517 733 2596; x_wconf 77' lang='lat' dir='ltr'>Arimathaea,</span> <span class='ocrx_word' id='word_1_194' title='bbox 760 2517 914 2582; x_wconf 84' lang='lat' dir='ltr'>honestus</span> <span class='ocrx_word' id='word_1_195' title='bbox 937 2513 1098 2588; x_wconf 54' lang='lat' dir='ltr'>decurio,</span> <span class='ocrx_word' id='word_1_196' title='bbox 1114 2519 1174 2600; x_wconf 89' lang='lat' dir='ltr'>qui</span> <span class='ocrx_word' id='word_1_197' title='bbox 1197 2518 1320 2602; x_wconf 85' lang='lat' dir='ltr'>etipse</span> 
     </span>
     <span class='ocr_line' id='line_1_23' title="bbox 154 2614 1322 2706; baseline -0.002 -22"><span class='ocrx_word' id='word_1_198' title='bbox 154 2629 223 2685; x_wconf 84' lang='lat' dir='ltr'>erat</span> <span class='ocrx_word' id='word_1_199' title='bbox 258 2629 446 2705; x_wconf 78' lang='lat' dir='ltr'>exspectaus</span> <span class='ocrx_word' id='word_1_200' title='bbox 478 2639 610 2706; x_wconf 81' lang='lat' dir='ltr'>regnum</span> <span class='ocrx_word' id='word_1_201' title='bbox 642 2621 721 2685; x_wconf 88' lang='lat' dir='ltr'>Dei:</span> <span class='ocrx_word' id='word_1_202' title='bbox 764 2629 796 2684; x_wconf 92' lang='lat' dir='ltr'>et</span> <span class='ocrx_word' id='word_1_203' title='bbox 829 2629 953 2703; x_wconf 85' lang='lat' dir='ltr'>sumpta</span> <span class='ocrx_word' id='word_1_204' title='bbox 987 2614 1124 2680; x_wconf 82' lang='lat' dir='ltr'>audacia</span> <span class='ocrx_word' id='word_1_205' title='bbox 1160 2620 1322 2702; x_wconf 81' lang='lat' dir='ltr'>ingressus</span> 
     </span>
     <span class='ocr_line' id='line_1_24' title="bbox 153 2719 1373 2810; baseline 0.002 -26"><span class='ocrx_word' id='word_1_206' title='bbox 153 2731 201 2786; x_wconf 90' lang='lat' dir='ltr'>cst</span> <span class='ocrx_word' id='word_1_207' title='bbox 233 2719 273 2786; x_wconf 90' lang='lat' dir='ltr'>ad</span> <span class='ocrx_word' id='word_1_208' title='bbox 301 2721 452 2798; x_wconf 88' lang='lat' dir='ltr'>Pilatum,</span> <span class='ocrx_word' id='word_1_209' title='bbox 486 2731 517 2786; x_wconf 90' lang='lat' dir='ltr'>et</span> <span class='ocrx_word' id='word_1_210' title='bbox 544 2725 636 2806; x_wconf 87' lang='lat' dir='ltr'>petiit</span> <span class='ocrx_word' id='word_1_211' title='bbox 669 2719 729 2800; x_wconf 80' lang='lat' dir='ltr'>(at</span> <span class='ocrx_word' id='word_1_212' title='bbox 756 2725 811 2800; x_wconf 89' lang='lat' dir='ltr'>eo)</span> <span class='ocrx_word' id='word_1_213' title='bbox 844 2742 961 2810; x_wconf 86' lang='lat' dir='ltr'>corpus</span> <span class='ocrx_word' id='word_1_214' title='bbox 992 2720 1074 2784; x_wconf 91' lang='lat' dir='ltr'>lesu.</span> <span class='ocrx_word' id='word_1_215' title='bbox 1118 2720 1174 2785; x_wconf 80' lang='grc'>44.</span> <span class='ocrx_word' id='word_1_216' title='bbox 1203 2721 1321 2786; x_wconf 75' lang='lat' dir='ltr'>Pilatus</span> <span class='ocrx_word' id='word_1_217' title='bbox 1372 2721 1373 2732; x_wconf 74' lang='grc'>’</span> 
     </span>
     <span class='ocr_line' id='line_1_25' title="bbox 153 2823 1323 2902; baseline 0.004 -16"><span class='ocrx_word' id='word_1_218' title='bbox 153 2833 258 2888; x_wconf 83' lang='lat' dir='ltr'>autern</span> <span class='ocrx_word' id='word_1_219' title='bbox 282 2823 455 2894; x_wconf 81' lang='lat' dir='ltr'>admiratus</span> <span class='ocrx_word' id='word_1_220' title='bbox 478 2835 540 2902; x_wconf 88' lang='lat' dir='ltr'>est,</span> <span class='ocrx_word' id='word_1_221' title='bbox 582 2827 696 2888; x_wconf 83' lang='lat' dir='ltr'>sliam</span> <span class='ocrx_word' id='word_1_222' title='bbox 725 2835 870 2891; x_wconf 80' lang='lat' dir='ltr'>mortuus</span> <span class='ocrx_word' id='word_1_223' title='bbox 897 2834 993 2888; x_wconf 87' lang='lat' dir='ltr'>esset:</span> <span class='ocrx_word' id='word_1_224' title='bbox 1037 2841 1070 2886; x_wconf 81' lang='lat' dir='ltr'>et</span> <span class='ocrx_word' id='word_1_225' title='bbox 1098 2827 1262 2892; x_wconf 77' lang='lat' dir='ltr'>arcessito</span> <span class='ocrx_word' id='word_1_226' title='bbox 1282 2825 1323 2891; x_wconf 82' lang='lat' dir='ltr'>ad</span> 
     </span>
     <span class='ocr_line' id='line_1_26' title="bbox 153 2922 1321 3012; baseline 0.003 -22"><span class='ocrx_word' id='word_1_227' title='bbox 153 2944 188 2990; x_wconf 87' lang='lat' dir='ltr'>se</span> <span class='ocrx_word' id='word_1_228' title='bbox 210 2922 425 3008; x_wconf 87' lang='lat' dir='ltr'>Centurione,</span> <span class='ocrx_word' id='word_1_229' title='bbox 447 2929 653 3012; x_wconf 80' lang='lat' dir='ltr'>interrogavit</span> <span class='ocrx_word' id='word_1_230' title='bbox 674 2925 782 3005; x_wconf 88' lang='lat' dir='ltr'>illum,</span> <span class='ocrx_word' id='word_1_231' title='bbox 803 2949 845 2992; x_wconf 89' lang='lat' dir='ltr'>an</span> <span class='ocrx_word' id='word_1_232' title='bbox 867 2925 1051 2992; x_wconf 87' lang='lat' dir='ltr'>iamdudum</span> <span class='ocrx_word' id='word_1_233' title='bbox 1072 2939 1228 2994; x_wconf 85' lang='lat' dir='ltr'>mortuns</span> <span class='ocrx_word' id='word_1_234' title='bbox 1250 2929 1321 2994; x_wconf 74' lang='lat' dir='ltr'>iuis</span> 
     </span>
    </p>

    <p class='ocr_par' dir='ltr' id='par_1_6' title="bbox 8 3029 1327 3432">
     <span class='ocr_line' id='line_1_27' title="bbox 8 3029 1323 3128; baseline 0.005 -37"><span class='ocrx_word' id='word_1_235' title='bbox 8 3055 12 3066; x_wconf 87' lang='lat'><strong>·</strong></span> <span class='ocrx_word' id='word_1_236' title='bbox 137 3039 210 3128; x_wconf 60' lang='lat' dir='ltr'>set.</span> <span class='ocrx_word' id='word_1_237' title='bbox 260 3031 310 3095; x_wconf 85' lang='grc'>45.</span> <span class='ocrx_word' id='word_1_238' title='bbox 338 3030 380 3096; x_wconf 85' lang='lat' dir='ltr'>Et</span> <span class='ocrx_word' id='word_1_239' title='bbox 407 3055 442 3096; x_wconf 89' lang='lat' dir='ltr'>re</span> <span class='ocrx_word' id='word_1_240' title='bbox 471 3035 599 3117; x_wconf 80' lang='lat' dir='ltr'>cognito</span> <span class='ocrx_word' id='word_1_241' title='bbox 627 3052 665 3096; x_wconf 83' lang='lat' dir='ltr'>er</span> <span class='ocrx_word' id='word_1_242' title='bbox 693 3029 913 3109; x_wconf 88' lang='lat' dir='ltr'>Centurioue,</span> <span class='ocrx_word' id='word_1_243' title='bbox 946 3031 1078 3097; x_wconf 83' lang='lat' dir='ltr'>donavit</span> <span class='ocrx_word' id='word_1_244' title='bbox 1109 3051 1237 3116; x_wconf 89' lang='lat' dir='ltr'>corpus</span> <span class='ocrx_word' id='word_1_245' title='bbox 1263 3035 1323 3118; x_wconf 86' lang='lat' dir='ltr'>ipsi</span> 
     </span>
     <span class='ocr_line' id='line_1_28' title="bbox 159 3121 1323 3220; baseline 0.003 -25"><span class='ocrx_word' id='word_1_246' title='bbox 159 3131 284 3218; x_wconf 86' lang='lat' dir='ltr'>loseph.</span> <span class='ocrx_word' id='word_1_247' title='bbox 326 3134 377 3198; x_wconf 90' lang='grc'>46.</span> <span class='ocrx_word' id='word_1_248' title='bbox 398 3133 440 3199; x_wconf 89' lang='lat' dir='ltr'>Et</span> <span class='ocrx_word' id='word_1_249' title='bbox 461 3135 488 3199; x_wconf 89' lang='lat' dir='ltr'>is</span> <span class='ocrx_word' id='word_1_250' title='bbox 512 3144 671 3200; x_wconf 88' lang='lat' dir='ltr'>mercatus</span> <span class='ocrx_word' id='word_1_251' title='bbox 691 3121 883 3211; x_wconf 73' lang='lat' dir='ltr'>sindonem,</span> <span class='ocrx_word' id='word_1_252' title='bbox 906 3135 1089 3220; x_wconf 88' lang='lat' dir='ltr'>depositum</span> <span class='ocrx_word' id='word_1_253' title='bbox 1119 3155 1197 3198; x_wconf 90' lang='lat' dir='ltr'>eum</span> <span class='ocrx_word' id='word_1_254' title='bbox 1221 3135 1323 3202; x_wconf 78' lang='lat' dir='ltr'>innol-</span> 
     </span>
     <span class='ocr_line' id='line_1_29' title="bbox 151 3234 1325 3325; baseline 0.003 -27"><span class='ocrx_word' id='word_1_255' title='bbox 151 3235 199 3299; x_wconf 84' lang='lat' dir='ltr'>vit</span> <span class='ocrx_word' id='word_1_256' title='bbox 218 3234 372 3315; x_wconf 67' lang='lat' dir='ltr'>undeno,</span> <span class='ocrx_word' id='word_1_257' title='bbox 415 3250 447 3304; x_wconf 89' lang='lat' dir='ltr'>et</span> <span class='ocrx_word' id='word_1_258' title='bbox 474 3243 583 3325; x_wconf 87' lang='lat' dir='ltr'>posuit</span> <span class='ocrx_word' id='word_1_259' title='bbox 607 3242 639 3302; x_wconf 89' lang='lat' dir='ltr'>in</span> <span class='ocrx_word' id='word_1_260' title='bbox 662 3250 888 3317; x_wconf 88' lang='lat' dir='ltr'>monumento,</span> <span class='ocrx_word' id='word_1_261' title='bbox 926 3238 1015 3324; x_wconf 90' lang='lat' dir='ltr'>quod</span> <span class='ocrx_word' id='word_1_262' title='bbox 1044 3249 1115 3303; x_wconf 87' lang='lat' dir='ltr'>erat</span> <span class='ocrx_word' id='word_1_263' title='bbox 1138 3241 1283 3304; x_wconf 84' lang='lat' dir='ltr'>excisum</span> <span class='ocrx_word' id='word_1_264' title='bbox 1306 3262 1325 3302; x_wconf 91' lang='lat' dir='ltr'>e</span> 
     </span>
     <span class='ocr_line' id='line_1_30' title="bbox 153 3341 1327 3432; baseline 0.002 -28"><span class='ocrx_word' id='word_1_265' title='bbox 153 3348 261 3423; x_wconf 82' lang='lat' dir='ltr'>petra:</span> <span class='ocrx_word' id='word_1_266' title='bbox 294 3350 326 3404; x_wconf 89' lang='lat' dir='ltr'>et</span> <span class='ocrx_word' id='word_1_267' title='bbox 353 3341 497 3408; x_wconf 87' lang='lat' dir='ltr'>advolvit</span> <span class='ocrx_word' id='word_1_268' title='bbox 521 3341 662 3432; x_wconf 87' lang='lat' dir='ltr'>lapidem</span> <span class='ocrx_word' id='word_1_269' title='bbox 691 3343 732 3407; x_wconf 88' lang='lat' dir='ltr'>ad</span> <span class='ocrx_word' id='word_1_270' title='bbox 761 3346 878 3408; x_wconf 88' lang='lat' dir='ltr'>ostium</span> <span class='ocrx_word' id='word_1_271' title='bbox 908 3345 1117 3410; x_wconf 87' lang='lat' dir='ltr'>monumenti.</span> <span class='ocrx_word' id='word_1_272' title='bbox 1163 3345 1219 3408; x_wconf 81' lang='grc'>47.</span> <span class='ocrx_word' id='word_1_273' title='bbox 1254 3344 1327 3408; x_wconf 84' lang='lat' dir='ltr'>Ma-</span> 
     </span>
    </p>
   </div>
   <div class='ocr_carea' id='block_1_6' title="bbox 152 3441 1327 3613">
    <p class='ocr_par' dir='ltr' id='par_1_7' title="bbox 152 3441 1327 3613">
     <span class='ocr_line' id='line_1_31' title="bbox 152 3441 1327 3534; baseline 0.007 -29"><span class='ocrx_word' id='word_1_274' title='bbox 152 3446 201 3506; x_wconf 85' lang='lat' dir='ltr'>ria</span> <span class='ocrx_word' id='word_1_275' title='bbox 233 3463 314 3509; x_wconf 85' lang='lat' dir='ltr'>vero</span> <span class='ocrx_word' id='word_1_276' title='bbox 349 3445 544 3534; x_wconf 81' lang='lat' dir='ltr'>Magdalene</span> <span class='ocrx_word' id='word_1_277' title='bbox 582 3457 613 3510; x_wconf 91' lang='lat' dir='ltr'>et</span> <span class='ocrx_word' id='word_1_278' title='bbox 639 3446 746 3512; x_wconf 84' lang='lat' dir='ltr'>lllarin</span> <span class='ocrx_word' id='word_1_279' title='bbox 775 3441 848 3512; x_wconf 89' lang='lat' dir='ltr'>lose</span> <span class='ocrx_word' id='word_1_280' title='bbox 880 3442 1083 3533; x_wconf 82' lang='lat' dir='ltr'>spectabant,</span> <span class='ocrx_word' id='word_1_281' title='bbox 1126 3443 1190 3511; x_wconf 90' lang='lat' dir='ltr'>ubi</span> <span class='ocrx_word' id='word_1_282' title='bbox 1223 3469 1327 3532; x_wconf 86' lang='lat' dir='ltr'>pone-</span> 
     </span>
     <span class='ocr_line' id='line_1_32' title="bbox 152 3555 249 3613; baseline 0 -1"><span class='ocrx_word' id='word_1_283' title='bbox 152 3555 249 3613; x_wconf 83' lang='lat' dir='ltr'>retur.</span> 
     </span>
    </p>
   </div>
   <div class='ocr_carea' id='block_1_7' title="bbox 79 3729 1373 4450">
    <p class='ocr_par' dir='ltr' id='par_1_8' title="bbox 134 3729 1331 4234">
     <span class='ocr_line' id='line_1_33' title="bbox 134 3729 1329 3819; baseline 0.008 -26"><span class='ocrx_word' id='word_1_284' title='bbox 134 3747 139 3760; x_wconf 88' lang='lat'><em>·</em></span> <span class='ocrx_word' id='word_1_285' title='bbox 236 3729 338 3798; x_wconf 90' lang='lat' dir='ltr'><strong>LUC.</strong></span> <span class='ocrx_word' id='word_1_286' title='bbox 359 3733 468 3798; x_wconf 84' lang='lat' dir='ltr'>XXlll.</span> <span class='ocrx_word' id='word_1_287' title='bbox 530 3735 581 3799; x_wconf 85' lang='grc'>50.</span> <span class='ocrx_word' id='word_1_288' title='bbox 621 3733 661 3798; x_wconf 85' lang='lat' dir='ltr'>Et</span> <span class='ocrx_word' id='word_1_289' title='bbox 689 3757 766 3801; x_wconf 88' lang='lat' dir='ltr'>ecee</span> <span class='ocrx_word' id='word_1_290' title='bbox 794 3739 843 3802; x_wconf 86' lang='lat' dir='ltr'>vir</span> <span class='ocrx_word' id='word_1_291' title='bbox 871 3735 1001 3799; x_wconf 87' lang='lat' dir='ltr'>nomine</span> <span class='ocrx_word' id='word_1_292' title='bbox 1024 3735 1146 3819; x_wconf 81' lang='lat' dir='ltr'>1oseph</span> <span class='ocrx_word' id='word_1_293' title='bbox 1175 3737 1329 3814; x_wconf 84' lang='lat' dir='ltr'>decurio,</span> 
     </span>
     <span class='ocr_line' id='line_1_34' title="bbox 150 3829 1331 3906; baseline 0.008 -9"><span class='ocrx_word' id='word_1_294' title='bbox 150 3837 200 3898; x_wconf 86' lang='lat' dir='ltr'>vir</span> <span class='ocrx_word' id='word_1_295' title='bbox 231 3831 337 3899; x_wconf 85' lang='lat' dir='ltr'>bonus</span> <span class='ocrx_word' id='word_1_296' title='bbox 370 3847 403 3900; x_wconf 88' lang='lat' dir='ltr'>et</span> <span class='ocrx_word' id='word_1_297' title='bbox 427 3839 537 3901; x_wconf 89' lang='lat' dir='ltr'>iustus.</span> <span class='ocrx_word' id='word_1_298' title='bbox 601 3838 652 3902; x_wconf 90' lang='lat'>51.</span> <span class='ocrx_word' id='word_1_299' title='bbox 684 3829 747 3901; x_wconf 87' lang='lat' dir='ltr'>llic</span> <span class='ocrx_word' id='word_1_300' title='bbox 775 3858 841 3902; x_wconf 91' lang='lat' dir='ltr'>uon</span> <span class='ocrx_word' id='word_1_301' title='bbox 869 3847 1076 3902; x_wconf 86' lang='lat' dir='ltr'>consenserat</span> <span class='ocrx_word' id='word_1_302' title='bbox 1105 3839 1255 3906; x_wconf 85' lang='lat' dir='ltr'>consilio</span> <span class='ocrx_word' id='word_1_303' title='bbox 1290 3863 1331 3906; x_wconf 85' lang='lat' dir='ltr'>ac</span> 
     </span>
     <span class='ocr_line' id='line_1_35' title="bbox 150 3936 1331 4032; baseline 0.009 -32"><span class='ocrx_word' id='word_1_304' title='bbox 150 3936 236 4003; x_wconf 84' lang='lat' dir='ltr'>laeto</span> <span class='ocrx_word' id='word_1_305' title='bbox 260 3959 386 4018; x_wconf 83' lang='lat' dir='ltr'>eorum,</span> <span class='ocrx_word' id='word_1_306' title='bbox 413 3937 605 4020; x_wconf 83' lang='lat' dir='ltr'>(oriundus)</span> <span class='ocrx_word' id='word_1_307' title='bbox 630 3939 671 4004; x_wconf 91' lang='lat' dir='ltr'>ab</span> <span class='ocrx_word' id='word_1_308' title='bbox 694 3939 896 4005; x_wconf 78' lang='lat' dir='ltr'>Ariuiathaea</span> <span class='ocrx_word' id='word_1_309' title='bbox 919 3939 999 4004; x_wconf 79' lang='lat' dir='ltr'>arche</span> <span class='ocrx_word' id='word_1_310' title='bbox 1021 3939 1242 4021; x_wconf 87' lang='lat' dir='ltr'>ludaeorum,</span> <span class='ocrx_word' id='word_1_311' title='bbox 1272 3949 1331 4032; x_wconf 87' lang='lat' dir='ltr'>qui</span> 
     </span>
     <span class='ocr_line' id='line_1_36' title="bbox 152 4015 1331 4130; baseline 0.01 -28"><span class='ocrx_word' id='word_1_312' title='bbox 152 4015 356 4125; x_wconf 79' lang='lat' dir='ltr'>dxspectabat</span> <span class='ocrx_word' id='word_1_313' title='bbox 383 4054 414 4107; x_wconf 88' lang='lat' dir='ltr'>et</span> <span class='ocrx_word' id='word_1_314' title='bbox 442 4046 511 4128; x_wconf 86' lang='lat' dir='ltr'>ipse</span> <span class='ocrx_word' id='word_1_315' title='bbox 537 4065 669 4130; x_wconf 82' lang='lat' dir='ltr'>reguum</span> <span class='ocrx_word' id='word_1_316' title='bbox 696 4045 770 4110; x_wconf 87' lang='lat' dir='ltr'>Dei.</span> <span class='ocrx_word' id='word_1_317' title='bbox 833 4044 883 4107; x_wconf 75' lang='grc'>52.</span> <span class='ocrx_word' id='word_1_318' title='bbox 911 4044 974 4109; x_wconf 90' lang='lat' dir='ltr'>llic</span> <span class='ocrx_word' id='word_1_319' title='bbox 999 4047 1133 4110; x_wconf 88' lang='lat' dir='ltr'>accessit</span> <span class='ocrx_word' id='word_1_320' title='bbox 1162 4050 1210 4114; x_wconf 88' lang='lat' dir='ltr'>ad</span> <span class='ocrx_word' id='word_1_321' title='bbox 1242 4049 1331 4116; x_wconf 86' lang='lat' dir='ltr'>Pila.</span> 
     </span>
     <span class='ocr_line' id='line_1_37' title="bbox 150 4145 1331 4234; baseline 0.014 -32"><span class='ocrx_word' id='word_1_322' title='bbox 150 4151 230 4216; x_wconf 89' lang='lat' dir='ltr'>tum,</span> <span class='ocrx_word' id='word_1_323' title='bbox 261 4153 293 4206; x_wconf 87' lang='lat' dir='ltr'>et</span> <span class='ocrx_word' id='word_1_324' title='bbox 319 4145 494 4230; x_wconf 87' lang='lat' dir='ltr'>postulavit</span> <span class='ocrx_word' id='word_1_325' title='bbox 518 4170 636 4234; x_wconf 88' lang='lat' dir='ltr'>eorpus</span> <span class='ocrx_word' id='word_1_326' title='bbox 663 4150 744 4213; x_wconf 88' lang='lat' dir='ltr'>lesu.</span> <span class='ocrx_word' id='word_1_327' title='bbox 806 4148 857 4213; x_wconf 82' lang='lat'>53.</span> <span class='ocrx_word' id='word_1_328' title='bbox 888 4147 931 4212; x_wconf 89' lang='lat' dir='ltr'>Et</span> <span class='ocrx_word' id='word_1_329' title='bbox 963 4145 1147 4233; x_wconf 87' lang='lat' dir='ltr'>depositum</span> <span class='ocrx_word' id='word_1_330' title='bbox 1181 4153 1331 4218; x_wconf 77' lang='lat' dir='ltr'>involvit</span> 
     </span>
    </p>

    <p class='ocr_par' dir='ltr' id='par_1_9' title="bbox 79 4240 1373 4450">
     <span class='ocr_line' id='line_1_38' title="bbox 79 4240 1330 4344; baseline 0.017 -42"><span class='ocrx_word' id='word_1_331' title='bbox 79 4273 82 4284; x_wconf 42' lang='grc' dir='ltr'><strong><em>ι</em></strong></span> <span class='ocrx_word' id='word_1_332' title='bbox 149 4240 303 4320; x_wconf 87' lang='lat' dir='ltr'>sindone,</span> <span class='ocrx_word' id='word_1_333' title='bbox 338 4256 371 4309; x_wconf 90' lang='lat' dir='ltr'>et</span> <span class='ocrx_word' id='word_1_334' title='bbox 396 4251 504 4332; x_wconf 88' lang='lat' dir='ltr'>posuit</span> <span class='ocrx_word' id='word_1_335' title='bbox 532 4249 613 4316; x_wconf 87' lang='lat' dir='ltr'>illud</span> <span class='ocrx_word' id='word_1_336' title='bbox 642 4255 675 4318; x_wconf 89' lang='lat' dir='ltr'>iu</span> <span class='ocrx_word' id='word_1_337' title='bbox 701 4260 926 4328; x_wconf 85' lang='lat' dir='ltr'>monumento,</span> <span class='ocrx_word' id='word_1_338' title='bbox 961 4249 1049 4336; x_wconf 91' lang='lat' dir='ltr'>quod</span> <span class='ocrx_word' id='word_1_339' title='bbox 1075 4255 1205 4330; x_wconf 79' lang='lat' dir='ltr'>eratin</span> <span class='ocrx_word' id='word_1_340' title='bbox 1233 4269 1330 4344; x_wconf 82' lang='lat' dir='ltr'>petra</span> 
     </span>
     <span class='ocr_line' id='line_1_39' title="bbox 150 4341 1373 4450; baseline 0.016 -46"><span class='ocrx_word' id='word_1_341' title='bbox 150 4341 304 4417; x_wconf 87' lang='lat' dir='ltr'>excisum,</span> <span class='ocrx_word' id='word_1_342' title='bbox 346 4349 379 4450; x_wconf 77' lang='lat' dir='ltr'>iu</span> <span class='ocrx_word' id='word_1_343' title='bbox 407 4371 471 4432; x_wconf 89' lang='lat' dir='ltr'>quo</span> <span class='ocrx_word' id='word_1_344' title='bbox 504 4352 648 4420; x_wconf 89' lang='lat' dir='ltr'>noudum</span> <span class='ocrx_word' id='word_1_345' title='bbox 682 4355 856 4450; x_wconf 83' lang='lat' dir='ltr'>quisquam</span> <span class='ocrx_word' id='word_1_346' title='bbox 884 4354 1007 4439; x_wconf 82' lang='lat' dir='ltr'>positus</span> <span class='ocrx_word' id='word_1_347' title='bbox 1036 4351 1152 4420; x_wconf 80' lang='lat' dir='ltr'>luerat.</span> <span class='ocrx_word' id='word_1_348' title='bbox 1202 4359 1261 4424; x_wconf 72' lang='lat'>5⁴„</span> <span class='ocrx_word' id='word_1_349' title='bbox 1290 4359 1316 4422; x_wconf 85' lang='lat' dir='ltr'>E</span> <span class='ocrx_word' id='word_1_350' title='bbox 1372 4379 1373 4390; x_wconf 58' lang='lat'>¹</span> 
     </span>
    </p>
   </div>
   <div class='ocr_carea' id='block_1_8' title="bbox 0 0 1386 4854">
    <p class='ocr_par' dir='ltr' id='par_1_10' title="bbox 0 0 1386 4854">
     <span class='ocr_line' id='line_1_40' title="bbox 0 0 1386 4854; baseline 0 0"><span class='ocrx_word' id='word_1_351' title='bbox 0 0 1386 4854; x_wconf 95' lang='lat' dir='ltr'> </span> 
     </span>
    </p>
   </div>
  </div>
 </body>
</html>
