2768 4856
979 225 987 260 l
1239 223 1247 258 l

186 327 228 374 xx
558 311 614 376 10.
636 311 805 378 canvlut
825 311 927 378 VlTb

188 465 403 529 ecelmiasticae
427 465 586 548 petendam
610 466 838 530 onerationem
862 469 1105 540 demonstrasset,
1132 473 1164 528 ct
1182 465 1318 528 doctissi-

148 543 150 552 ’
188 564 305 606 morum
336 543 397 606 eius
431 543 539 604 saeculi
566 543 734 619 hominnm,
769 544 862 606 veluti
877 617 879 626 y
892 541 1133 623 Oecolampadii,
1168 543 1321 625 zwingiii,

187 619 328 696 Zwicbii,
346 619 494 700 Philippi,
512 621 632 698 buceri,
650 621 817 702 Capitonis,
835 623 867 682 M
888 619 968 682 conii
987 617 1160 681 sententiam
1179 641 1215 680 ex
1234 618 1318 700 ipso-

187 717 253 758 rum
272 697 386 778 scriptis
406 697 590 774 ostendisset,
608 717 665 760 nec
682 709 843 789 propterca
861 642 993 758 damnari
1012 693 1149 758 eeclesias
1167 695 1231 756 illas
1249 707 1321 756 tan-

230 793 277 834 am
295 793 358 833 non
379 771 576 850 Christianus,
604 795 679 855 quae
704 773 760 834 alra
779 795 842 836 non
860 774 984 834 multum
1003 771 1114 834 diversa
1133 772 1249 832 ratione
1267 792 1320 832 re-

110 889 114 900 .
187 795 282 910 baillos
302 861 492 925 coercerent,
516 851 564 915 vel
585 871 636 912 eos
656 863 787 932 pastores
807 851 859 932 qui
877 871 945 912 suos
965 867 1070 934 greges
1089 868 1127 909 eo
1146 847 1233 910 freno
1254 869 1320 909 non

186 926 321 1018 indigere
341 925 549 1002 existimarent,
568 947 658 1007 quum
677 928 745 988 deni
766 947 804 988 ne
824 927 1060 1001 demonstrasset,
1100 929 1220 984 uantum
1238 923 1321 986 inter

186 1001 370 1083 papusticam
389 1003 574 1083 tyrannidem
594 1014 625 1063 et
634 1004 734 1087 iugum
745 949 869 1064 bomini
889 1004 1053 1077 interesset,
1072 1021 1090 1060 o
1114 1001 1202 1062 tinuit
1219 999 1321 1077 facile,

187 1089 222 1140 ut
239 1076 450 1140 ecclesiasticae
469 1079 590 1161 politiae
609 1079 701 1163 leges,
720 1079 825 1160 quibus
840 1079 998 1140 etiamnum
1018 1077 1109 1137 utitur
1127 1078 1200 1140 baec
1219 1076 1320 1138 ecele-

185 1155 244 1228 sia,
272 1175 385 1216 summo
410 1177 556 1217 consensu
574 1157 770 1238 conscriptae,
789 1155 953 1238 perlectae,
983 1153 1146 1236 populique
1164 1153 1317 1236 suffragiis

99 1287 104 1313 ,
186 1231 252 1291 XX.
270 1231 433 1292 Novembr.
451 1233 663 1312 reciperentur.
702 1235 784 1294 llaec
804 1234 859 1293 etsi
878 1231 1006 1293 feliciter
1024 1241 1109 1290 mant
1127 1241 1251 1322 coepta,
1269 1241 1318 1290 ta-

184 1326 254 1368 men
273 1328 364 1387 qunm
383 1329 445 1369 non
463 1309 527 1370 sine
547 1309 717 1374 difficultate
735 1329 770 1372 re
788 1309 850 1402 ipsa
869 1307 1003 1388 usurpari
1013 1324 1100 1388 posse
1113 1306 1318 1367 consideraret

186 1382 343 1460 Calvinus,
361 1395 442 1445 totus
461 1385 493 1446 in
512 1405 550 1450 eo
570 1397 650 1460 erat,
664 1397 703 1454 ,ut
722 1397 752 1446 et
770 1385 923 1458 Vnetum,
942 1405 1028 1464 quem
1049 1384 1085 1444 ad
1104 1393 1218 1462 tempus
1238 1383 1317 1443 dun-

183 1469 263 1520 taxat
280 1459 403 1540 aliquod
423 1473 628 1523 concesserant
646 1463 828 1538 Beruenses,
852 1474 883 1523 et
901 1463 925 1524 F
928 1459 1065 1534 arelium,
1085 1479 1173 1540 quem
1192 1459 1308 1520 Nenco-

101 1603 102 1612 χ
182 1555 299 1598 menses
317 1537 362 1597 uti
381 1537 501 1600 diximus
521 1537 646 1600 eiectum
666 1551 858 1620 exceperant,
888 1537 1016 1618 collegas
1040 1547 1200 1617 perpetuos
1221 1533 1315 1595 habe-

183 1633 217 1674 re
259 1613 312 1676 sed
329 1613 389 1674 boc
408 1613 513 1674 frustra
532 1614 673 1691 tentavit,
692 1615 800 1693 Vireto
817 1635 886 1676 mox
904 1613 1088 1676 Lausannam
1106 1631 1235 1688 reverso,
1253 1611 1316 1672 fa-

131 1721 134 1739 ·
240 1689 425 1751 oNeocomi
448 1702 658 1770 permanente,
688 1703 723 1752 ut
745 1693 898 1756 restitutae
921 1690 1006 1752 nutas
1032 1689 1172 1756 ecclesiae
1195 1686 1315 1749 laudern

184 1763 323 1832 Calvinus
343 1784 438 1848 paene
456 1766 537 1830 solus
556 1775 732 1850 reportaret.

103 1973 105 1984 .
223 1919 375 2012 ‚limi
393 1921 484 2015 Annq
503 1933 647 2004 sequente
667 1923 824 1988 Calvinum
842 1943 908 2017 non
924 1943 1018 2006 pauca
1036 1928 1237 2011 exercuerunt
1253 1919 1314 2010 ‘Ut

180 1997 1111 2160 uma:tatus⁶tnr²stssasttatt
1126 1997 1312 2134 {trater

179 2148 306 2210 vicinam
325 2149 356 2210 e't
375 2151 500 2213 celebris
518 2149 576 2214 iam
596 2155 725 2218 nominis
743 2156 849 2218 urbem
869 2155 1041 2229 extrudens,
1070 2150 1175 2232 quibus
1199 2167 1312 2209 conso-

178 2223 274 2286 landis
304 2227 459 2308 omuisqpe
489 2227 582 2290 officii
612 2251 722 2314 genere
753 2229 919 2294 reficiendis
943 2229 1048 2292 mirum
1075 2239 1185 2309 quanto
1209 2225 1311 2286 studio

101 2347 107 2374 ,
177 2319 242 2362 sese
261 2302 319 2362 iam
337 2313 400 2364 tum
418 2303 611 2386 impenderit,
641 2320 675 2370 nt
694 2329 747 2370 eos
766 2310 915 2383 omittam,
964 2327 1018 2367 uos
1041 2306 1073 2367 in
1097 2303 1167 2384 ipsis
1186 2303 1312 2362 leonum

178 2375 312 2441 faucibus
331 2393 480 2443 versantes
491 2383 681 2464 undiquaque
700 2385 794 2447 missis
813 2383 903 2446 literis
922 2328 1079 2444 solabatur.
1117 2379 1249 2470 Accessit
1269 2399 1311 2438 eo

178 2472 259 2514 anno
280 2453 386 2536 duplex
404 2457 484 2520 aliud
502 2460 655 2548 maximum
674 2462 799 2538 malum,
822 2478 959 2530 annonae
979 2459 1117 2520 videlieet
1135 2469 1256 2538 carrhas
1276 2465 1311 2514 0²

177 2530 268 2610 pestis
285 2533 459 2616 plerumque
478 2535 561 2596 famis
581 2557 690 2600 comes.
728 2541 801 2600 Erat
819 2536 999 2599 auteurbaee
1017 2535 1074 2595 iam
1092 2545 1153 2592 tum
1165 2532 1311 2594 Genevae

177 2609 377 2686 consuetudo,
415 2623 449 2672 ut
472 2623 555 2693 peste
579 2613 748 2676 laborantes
772 2636 855 2676 suum
880 2625 959 2673 extra
979 2609 1082 2672 urbem
1101 2608 1310 2671 nosocomium

177 2681 336 2752 baberent:
355 2687 408 2748 ubi
428 2705 516 2768 quum
536 2691 661 2781 pastoris
682 2693 842 2753 constantis
861 2709 896 2752 ac
914 2687 1008 2751 seduli
1027 2706 1119 2768 opera
1138 2685 1310 2766 requirere-

175 2769 242 2837 tur,
260 2763 350 2842 pletis
393 2784 409 2825 e
428 2777 516 2827 conta
540 2767 620 2828 ronis‘
634 2768 798 2848 periculum
817 2764 1064 2840 detrectantibus,
1088 2775 1146 2823 tres
1164 2781 1227 2822 sese
1247 2759 1310 2822 ob-

125 2911 127 2918 ,
175 2835 323 2913 tulerunt,
371 2839 483 2904 alvinus
501 2841 654 2920 videlicet,
674 2843 860 2908 Sebastianus
881 2840 1023 2904 Castellio
1048 2839 1100 2932 (de
1116 2859 1179 2920 qno
1199 2848 1309 2918 postte

173 2909 259 2991 plura
278 2914 386 2980 dicturi
403 2918 526 2998 sumus),
547 2931 578 2980 et
595 2920 700 2982 Petrus
719 2921 836 3002 qnidam
847 2918 1037 2979 Blancbetus:
1057 2929 1136 2978 inter
1154 2934 1308 2995 quossor-

173 2987 284 3080 titione
302 2992 395 3069 facta,
415 3016 504 3075 quum
518 2994 684 3080 ,casulum
703 2999 750 3059 cui
769 3020 832 3074 sors
853 2994 917 3059 obti
941 3006 1014 3070 crat,
1030 3005 1140 3054 mutata
1157 2990 1309 3053 sententia
1333 3027 1347 3040 ι

175 3063 277 3129 subare
295 3067 354 3131 but
373 3089 448 3131 onus
467 3071 506 3130 im
528 3071 655 3148 udenter
673 3075 865 3148 detrectaret,
927 3071 1055 3133 altinum
1080 3070 1149 3130 licet
1173 3067 1251 3127 ultro
1272 3087 1309 3127 se
1365 3105 1366 3108 =

174 3141 355 3232 offerentem
367 3143 493 3208 Senatus
512 3156 635 3242 ipseque
653 3153 728 3212 adeo
746 3151 935 3225 Blancbetuo,
954 3147 1012 3209 boc
1031 3166 1106 3208 onus
1125 3145 1155 3206 in
1174 3163 1207 3206 se
1226 3143 1308 3204 reci-

196 3238 271 3295 1ens,
290 3241 336 3281 am
359 3221 414 3284 lina
431 3224 531 3285 sortiri
550 3221 777 3307 prohibuerunt.
815 3227 893 3288 Tum
913 3243 1032 3305 quoque
1052 3223 1107 3284 alia
1117 3222 1217 3304 gravia
1226 3219 1307 3280 inci-

173 3234 298 3356 derunt·
369 3319 415 3360 ana
441 3311 472 3361 et
493 3299 615 3364 Petrum
635 3303 800 3366 Tossannm
825 3300 1131 3438 blnmbeffardenstm
1148 3298 1308 3358 Pastorem

171 3373 328 3435 exercebat
346 3379 548 3440 controversia
568 3380 604 3440 de
625 3378 729 3442 Coena
745 3379 881 3456 Domini,
900 3389 944 3443 et,
975 3377 1081 3464 asilepe
1100 3393 1220 3456 quoqne
1238 3393 1307 3434 nou

46 3505 50 3518 .
127 3499 134 3522 s
172 3447 305 3527 deerant,
325 3453 375 3532 qui
395 3453 609 3530 ecclesiastieae
629 3457 800 3537 disciplinae
819 3457 866 3516 vix
886 3455 960 3516 iacta
973 3453 1175 3528 fundamenta,
1194 3452 1306 3511 frustra

170 3521 203 3582 in
222 3529 401 3594 contrarium
424 3523 580 3592 laborante
605 3533 764 3615 Myconio,
793 3533 985 3612 subruerent,
1016 3529 1067 3609 qui
1092 3529 1151 3589 duo
1177 3526 1306 3588 consilia

170 3619 238 3662 cum
259 3600 385 3666 Calvino
405 3607 609 3672 conferebant
647 3610 736 3691 Apud
762 3605 997 3670 Mediomatrices
1022 3616 1120 3667 autem
1143 3606 1205 3666 sive
1231 3603 1304 3664 Me-

168 3685 266 3742 tensot
291 3681 347 3742 etsi
365 3681 496 3744 Farellus
523 3706 559 3746 en
585 3698 722 3748 evocatus
747 3684 874 3746 feliciter
898 3682 1069 3758 laborabat,
1108 3701 1181 3760 opus
1199 3691 1304 3740 tamon

167 3750 293 3817 Domini
302 3761 408 3838 partim
417 3774 518 3840 aperta
530 3763 569 3836 vi,
589 3763 695 3843 partim
709 3783 766 3854 per
775 3775 936 3842 apostatam
950 3761 1068 3822 Petrum
1083 3757 1197 3832 Caroli,
1216 3757 1302 3817 cuius

168 3840 256 3892 antea
276 3836 475 3913 meminimus,
503 3838 588 3902 valde
606 3839 837 3920 impediebatur:
877 3832 981 3920 quibus
999 3837 1031 3896 in
1050 3835 1138 3895 rebus
1157 3844 1302 3914 quantum

167 3905 341 4040 qqribendo,
358 3915 528 3989 monendo,
552 3909 719 3992 hortando,
739 3915 833 3976 modis
853 3913 988 3982 omnibus
1008 3912 1136 3992 donique
1155 3908 1304 3970 l²b⁰¹²¹l²

197 3981 324 4074 alcinus,
341 3990 449 4069 partim
469 4009 504 4052 ex
522 3991 583 4050 eius
603 3991 689 4052 editis
707 3991 798 4052 literis
817 3991 911 4052 intelli
935 3991 943 4048 i
985 3999 1076 4063 otest,
1119 3987 1204 4048 artius
1223 4005 1300 4046 vero

103 4113 105 4118 .
166 4077 218 4140 qur
248 4075 317 4123 sunt
344 4065 439 4128 adbuc
466 4067 637 4148 superstites
664 4069 866 4129 testificantur.
909 4011 949 4128 de
996 4076 1027 4124 et
1050 4086 1086 4125 au
1107 4063 1189 4124 aeior
1208 4082 1302 4153 quam

164 4153 293 4216 unquam
312 4153 398 4203 antea
416 4141 554 4206 Sorbona
575 4145 656 4205 Petri
673 4145 778 4220 Liseti,
797 4157 859 4205 tum
878 4144 909 4204 in
928 4139 1117 4202 Ptolomessw
1137 4138 1301 4198 P²fl⁵¹⁰⁰⁵l

163 4213 322 4351 principis,
341 4219 483 4282 infaustae
500 4217 686 4313 infelicisque
706 4219 865 4282 memoriae
885 4219 1011 4285 bominis
1031 4219 1132 4280 lavore
1152 4235 1218 4276 ³³⁵³
1238 4213 1301 4274 sust

99 4332 101 4340 ι
178 4293 293 4370 acinus,
326 4298 405 4375 quod
430 4298 535 4358 mirum
559 4299 653 4360 videri
671 4297 822 4390 possetE
846 4298 979 4376 iscopos,
1008 4305 1059 4355 aut
1077 4293 1172 4373 ipsum
1191 4287 1299 4351 sallem

161 4368 340 4433 Pontificem
365 4374 427 4465 pati
449 4375 595 4454 potuisse,
624 4375 681 4434 nisa
704 4374 808 4511 iampri
829 4395 875 4434 em
902 4369 1089 4434 ecclesiarum
1115 4368 1221 4458 opibus
1246 4367 1298 4424 in-

161 4459 208 4511 ter
226 4471 275 4527 se,
313 4461 346 4510 ut
364 4463 442 4512 inter
461 4451 625 4532 praedones
646 4451 709 4512 fieri
728 4471 762 4514 sn
776 4461 820 4524 ct,
854 4447 1059 4530 dispertiendis
1082 4455 1219 4526 occupata
1239 4461 1298 4505 suo
