2756 4838
170 261 228 324 rso
355 333 366 354 ‚
447 253 562 328 sacr.
582 250 675 312 aur„
690 215 782 310 aras
799 257 836 308 aa
857 257 1056 308 recusares.

172 405 319 486 discipuli,
338 405 529 542 quiteliquac
543 404 647 468 turbae
660 401 722 468 eius
735 402 778 464 rei
790 412 923 462 auctores
936 399 1070 458 luerunt:
1090 417 1159 456 narn
1180 407 1213 454 et
1232 396 1293 458 hoc
1307 417 1341 458 es

171 484 272 552 Lucae
292 501 343 544 rer
366 481 388 541 is
409 482 478 542 colli
503 483 584 542 itur..
843 487 848 498 '
960 545 965 554 ¹

246 567 275 624 9.
314 559 461 618 Hosonoo
480 503 563 618 i'ih‘o
588 553 695 618 Dauid.
746 554 882 614 Precatio
908 553 980 612 haec
1006 549 1174 610 er·Psalnr.
1195 553 1271 622 118,
1290 555 1339 614 25

172 628 286 714 sumpta
308 647 360 694 est
400 633 547 698 Consulto
572 634 659 696 etiam
687 633 852 694 Matthaeus
877 628 1028 690 hebraicas
1055 647 1145 686 voces
1165 627 1289 694 recitat,
1307 639 1340 716 ut

172 713 307 784 sciamus,
328 722 518 780 nontcmere
540 712 623 772 datos
643 709 730 770 luisse
744 707 864 768 Christo
885 706 1011 785 plausus,
1031 723 1086 764 nec
1106 715 1190 776 rota,
1211 723 1288 782 quae
1306 723 1337 760 ru

170 789 294 849 buccam
314 787 460 848 vertissent
479 786 637 866 discipulis,
656 786 718 848 sinc
739 784 855 846 delectu
877 782 968 842 cllusa
990 801 1072 850 esse,
1092 779 1144 864 qed
1165 790 1340 839 reverenter

171 874 312 942 sequutos
333 885 395 924 esse
415 863 554 943 precandi
574 863 709 934 formata,
730 882 815 940 quam
835 881 889 940 per
899 879 931 920 os
946 856 1116 947 lfrophetae
1129 855 1259 935 Spiritus
1269 877 1337 945 saq-

95 985 97 992 ,
170 939 312 998 cinctuti
330 939 478 1000 Ecclesiae
499 939 666 1001 dictaverat.
713 938 889 1017 Quanquam
904 955 995 997 -euuu
1021 933 1057 992 de
1083 952 1180 1014 regno
1200 953 1254 993 suo
1276 931 1335 990 rllrr

172 1015 304 1083 disserat,
324 1036 385 1087 nqn
405 1028 504 1098 tamen
525 1012 643 1076 dubium
666 1026 719 1086 nst,
740 1015 809 1092 quin
824 1012 981 1092 praecipue
1002 1008 1141 1090 respiciat
1151 1007 1224 1098 ipse,
1244 1007 1336 1067 alios-

172 1111 231 1168 ,que
251 1091 396 1170 respicere
416 1093 487 1154 velit
505 1093 542 1160 ad
563 1103 711 1156 aeternam
721 1089 955 1158 successionem,
967 1105 1053 1169 quam
1067 1083 1214 1164 pollicitus
1226 1084 1270 1144 illi
1288 1083 1337 1142 su-

173 1179 238 1232 erat
256 1167 411 1234 Dominus.
444 1168 626 1246 'Perpetuam
647 1168 724 1226 enirn
746 1165 848 1225 orandi
868 1165 964 1244 legem
984 1161 1136 1222 Ecclesiae
1152 1163 1340 1238 composuit,

174 1263 249 1324 quae
270 1244 361 1302 etiam
380 1243 516 1324 collapsis
527 1243 623 1326 ,regui
642 1243 748 1324 opibus
773 1243 803 1300 in
829 1263 880 1300 usu
907 1242 995 1300 soret.
1039 1239 1141 1317 ltaque
1164 1235 1337 1295 invaluerat

173 1320 366 1392 cousuetudo,
386 1331 418 1379 ut
438 1321 474 1380 de
493 1319 593 1380 redem
617 1319 698 1378 tione
718 1317 859 1398 promissa
878 1317 982 1397 passim
1003 1314 1046 1373 his
1063 1312 1159 1372 verbis
1167 1323 1235 1372 rota
1255 1332 1338 1372 con-

107 1453 113 1462 .
169 1395 316 1474 ciperent,
346 1397 386 1455 tlt
406 1396 557 1462 consillum
618 1396 709 1459 tthaei
729 1395 785 1456 luit
804 1393 904 1470 (sicuti
914 1406 1009 1472 nuper
1019 1387 1337 1472 attigimus)hebraice

168 1471 283 1534 referre
303 1471 421 1534 celebre
438 1491 569 1546 carmen,
589 1483 622 1548 ut
641 1471 774 1541 do'ceret,
794 1470 942 1532 Christum
963 1466 1082 1529 aturba
1100 1467 1335 1544 Redemptorern

171 1547 259 1606 luisse
280 1549 420 1628 agnitum.
460 1549 582 1608 Paulum
603 1547 721 1626 quidem
742 1549 847 1608 inlleaa
868 1559 913 1605 est
931 1543 1089 1605 verborum
1110 1542 1333 1622 pronuntiatio:

172 1625 269 1702 potius
289 1625 367 1700 euim
387 1624 542 1692 dicendum
559 1636 630 1698 erat,
651 1623 829 1693 Hnsclu‘ana,
849 1621 966 1682 Salvum
980 1621 1024 1686 lac
1038 1617 1182 1680 obsecro:
1203 1619 1254 1678 sed
1276 1619 1333 1676 sci-

170 1719 244 1772 mus,
259 1699 414 1779 ,virposse
435 1701 464 1760 in
487 1701 612 1760 alienam
638 1699 767 1790 linguam
792 1697 883 1762 rerba
903 1696 1073 1768 transferri,
1094 1696 1163 1776 quin
1186 1694 1295 1773 aliquid
1318 1715 1334 1752 e

169 1795 245 1834 sono
265 1785 402 1834 mutetur.
416 1778 502 1836 [Nec
522 1796 593 1854 vepo
621 1776 747 1855 Spiritus
774 1775 918 1856 populum
938 1785 1067 1836 vetarem
1088 1775 1229 1832 duntaxat
1247 1771 1333 1829 insti-

169 1851 235 1927 tuit,
255 1863 288 1908 ut
306 1850 438 1928 quotidie
458 1871 513 1930 pro
539 1872 572 1911 re
617 1872 635 1910 o
663 1849 772 1918 Christi
793 1851 1008 1924 votalaceret,
1037 1849 1088 1912 sed
1114 1849 1205 1908 nobis
1229 1847 1331 1907 eadem

170 1946 249 2060 ppnc
269 1923 476 2004 praescribitur
495 1871 612 2006 repulsi
638 1929 678 1988 Et
697 1949 766 1988 sane
780 1947 870 2007 quum
889 1926 971 1987 Deus
990 1925 1119 1992 nonnisi
1140 1945 1196 2005 per
1213 1943 1330 1984 manum

195 2001 238 2060 ilii
253 2001 302 2064 ,sui
322 2023 336 2060 r
377 2019 448 2063 nare
467 2002 558 2078 uelit,
578 2005 824 2084 quum'diciurus,
843 2003 989 2064 Adveniet
1007 2015 1133 2084 rognum
1154 2013 1264 2074 tumn,
1277 1999 1330 2058 snb

167 2077 224 2138 hac
243 2079 335 2156 partic
355 2099 383 2154 ‚a
403 2079 481 2138 idem
506 2081 641 2156 notatur,
667 2081 748 2161 quod
771 2079 803 2151 in
823 2079 940 2140 Psalmo
961 2078 1064 2140 clarius
1092 2090 1258 2159 expressu-
1277 2089 1330 2134 est.

168 2147 254 2214 Adde
274 2155 353 2233 quod
363 2154 460 2216 Deum
481 2169 636 2238 rogantes,
649 2169 683 2226 ut
702 2157 808 2221 Filium
827 2178 910 2223 suurn
930 2155 1144 2236 notisttegem
1164 2165 1331 2222 conservet,

168 2219 294 2293 latemur
315 2231 515 2322 hoc,regnum
535 2253 630 2322 neque
651 2233 816 2298 humanitus
835 2245 965 2294 erectum
977 2245 1049 2306 esse,
1068 2251 1107 2292 ne
1130 2250 1167 2291 ue
1180 2230 1330 2291 homiuum

168 2307 278 2390 hirsute
296 2308 443 2381 sustineri,
461 2311 515 2369 sed
527 2309 757 2370 idrr'ctum'ctare
777 2310 898 2370 coelesti
908 2308 1065 2398 praesidio.
1128 2307 1212 2368 euire
1224 2306 1330 2366 dicitur

168 2382 199 2456 ia
216 2381 279 2442 ‘Dei
294 2384 430 2462 nomine,
451 2385 551 2464 quiue
572 2405 633 2446 non
653 2387 772 2470 ingerit,
791 2387 843 2450 sed
863 2386 922 2446 Der
937 2385 1014 2445 iussu
1027 2397 1058 2444 et
1078 2384 1218 2444 mandato
1238 2383 1327 2442 susci-

170 2459 215 2538 pit
235 2463 478 2552 reguumtqupd
496 2481 530 2522 ca
543 2461 772 2532 Momocertius
786 2462 946 2544 colligitur,
966 2461 1017 2520 ubi
1028 2461 1146 2522 additur
1164 2459 1258 2520 altera
1280 2481 1328 2518 ac-

168 2535 315 2610 clamatio,
334 2537 526 2606 Benedicturn
546 2557 670 2620 regnum
692 2541 780 2619 patris
799 2539 894 2599 nostri
912 2536 1019 2612 David,
1039 2535 1120 2617 quod
1135 2537 1219 2596 venit
1231 2536 1330 2596 inun-

164 2612 246 2688 quine
266 2613 418 2677 nasot..
438 2612 487 2688 Sic
508 2614 587 2674 enirn
607 2615 770 2694 loquuntur
787 2615 1012 2706 promissionum
1024 2625 1175 2694 respectu:
1196 2614 1266 2692 quia
1285 2625 1329 2672 te-

167 2699 256 2748 status
273 2689 547 2766 ‚screraprnriuun
566 2712 597 2752 se
617 2694 734 2760 undem
755 2691 831 2750 ilhus
845 2691 946 2771 populi
963 2691 1027 2750 lore
1040 2689 1246 2762 liberatorem,
1265 2709 1328 2749 mo-

167 2762 294 2844 dumque
315 2765 519 2846 designaverat
546 2768 633 2846 regni
652 2768 772 2832 Davidis
797 2767 1048 2828 instaurationem.
1094 2765 1238 2826 Videmus
1259 2787 1330 2846 ergo

168 2839 313 2902 honorem
334 2841 518 2915 Mediatoris,
536 2863 551 2901 a
572 2864 631 2920 quo
651 2865 749 2902 rerum
770 2844 899 2904 omnium
921 2855 952 2903 et
970 2842 1070 2902 salutis
1091 2843 1243 2902 restitutio
1264 2863 1328 2922 spe-

167 2915 258 2992 randa
280 2927 357 2994 erat,
383 2913 502 2977 Christo
527 2915 627 2977 tribui.
671 2919 773 2993 Quum
798 2931 895 2980 autem
915 2917 1025 3000 plebeii
1051 2918 1163 2978 luerint
1183 2919 1330 2997 rudesque

168 2987 289 3066 idiotae,
309 2993 359 3069 qui
380 3012 503 3073 regnum
517 2991 627 3054 Christi
647 3007 791 3062 vocarunt
810 3017 934 3078 regnum
944 2995 1075 3067 Doridis,
1096 2993 1165 3054 binc
1178 2995 1330 3066 discamus,

169 3065 267 3128 tritam
289 3067 376 3148 vulgo
395 3067 483 3128 luisse
506 3069 580 3134 banc
600 3071 774 3146 doctrinam,
794 3093 868 3150 quae
889 3072 976 3136 hodie
986 3083 1088 3133 coacta
1110 3082 1141 3132 et
1160 3072 1237 3132 dura
1257 3071 1329 3130 urul-

164 3141 206 3200 tis
226 3141 358 3216 videtur,
383 3143 458 3223 ‘quia
475 3145 504 3204 in
525 3144 676 3226 Scriptura
692 3167 803 3228 *parum
822 3161 890 3210 suut
909 3148 1067 3221 exercitati.
1104 3149 1198 3227 Apud
1218 3147 1330 3210 Lm

167 3217 314 3277 adduntur
333 3239 425 3299 pauca
444 3221 553 3297 verba,
572 3246 643 3298 pax
660 3229 694 3292 ia,
709 3225 803 3300 coslo,
828 3240 854 3284 et
869 3224 969 3300 glorio
986 3229 1016 3282 in
1035 3225 1204 3285 altissimis:
1225 3225 1329 3304 quibus

166 3292 247 3352 nulla
260 3293 393 3384 subesset
405 3295 576 3372 obscuritas,
596 3301 650 3360 nisi
663 3302 741 3380 quod
762 3302 898 3382 angelico
919 3301 1034 3361 cantico
1050 3323 1112 3360 non
1134 3303 1330 3392 respondent,

166 3368 245 3460 quod
266 3381 362 3452 capue
381 3377 410 3435 2.
430 3373 590 3436 habuimus.
628 3377 703 3436 Nam
731 3375 790 3436 illic
815 3379 913 3460 angeli
939 3377 1063 3458 gloriam
1083 3378 1153 3438 Dco
1180 3399 1213 3438 m
1240 3377 1330 3438 coelis

167 3467 219 3506 assr
245 3459 325 3523 naut,
346 3447 602 3525 bominibusvero
622 3475 725 3532 pacem
746 3453 776 3514 in
797 3465 889 3516 terra:
911 3455 955 3514 hic
976 3464 1034 3514 taru
1067 3475 1100 3514 ax
1121 3475 1212 3532 quant
1233 3455 1328 3538 gloria
1374 3477 1375 3494 ι

167 3522 207 3613 ad
222 3467 319 3614 iteum
340 3524 475 3584 refertur.
521 3527 556 3586 lu
581 3551 669 3588 sensu
692 3542 789 3590 tamen
811 3530 882 3589 nihil
903 3542 947 3590 est
966 3476 1090 3590 dissidii:
1118 3551 1189 3590 nana
1209 3533 1264 3591 etsi
1283 3531 1327 3590 di-

169 3611 302 3674 sunctsus
323 3600 421 3682 angeli
441 3623 556 3664 causans
581 3605 797 3680 demonstrant,
824 3628 876 3666 cur
895 3607 962 3666 Deo
988 3606 1111 3686 gloriam
1137 3609 1205 3667 cani
1222 3608 1329 3666 deceat

160 3681 176 3766 q
222 3675 249 3734 ia
268 3675 380 3736 scilicet
400 3677 460 3738 eins
477 3679 677 3754 misericordia
691 3683 722 3742 iu
735 3684 792 3744 buc
805 3685 930 3752 mundo
949 3703 1004 3743 ace
1023 3683 1158 3743 fruantur
1169 3684 1330 3759 homines),
1373 3737 1374 3748 ,

165 3775 175 3812 r
198 3764 362 3844 emstargren
382 3753 439 3844 sibi
457 3757 530 3830 vult,
550 3759 630 3836 quod
648 3779 728 3821 nuuc
748 3757 832 3820 turba
853 3704 1061 3850 praedictam
1082 3759 1172 3820 coelo
1193 3781 1255 3820 esse
1276 3781 1327 3840 pa·

162 3849 225 3890 cern
263 3849 331 3908 quia
349 3850 470 3906 scimus,
496 3853 557 3892 non
579 3833 664 3893 aliter
683 3835 799 3894 miseras
819 3851 928 3897 animas
948 3835 978 3896 in
999 3836 1109 3904 mundo
1131 3841 1252 3917 pacari,
1275 3836 1328 3897 nisi

158 3925 194 3964 se
215 3868 272 3969 illis
291 3903 373 3966 Deus
394 3907 517 3968 ecoelo
536 3911 718 3971 reconciliet.
1235 3919 1241 3934 '

210 4195 212 4202 ι
241 4135 552 4232 (lleLUCerX,
573 4155 625 4221 tt.
646 4157 687 4222 Et
699 4168 733 4224 ut
748 4161 1018 4248 appropinquavit
1030 4159 1146 4227 ridens
1157 4165 1327 4240 oisitatcrn,
1372 4163 1373 4231 l

156 4245 368 4338 tleritsuper
387 4253 452 4332 illa,
473 4255 593 4335 dicens,
613 4258 663 4322 tt.
686 4257 718 4322 Ο
741 4263 768 4324 si
790 4264 998 4346 cognovisses
1020 4272 1051 4327 et
1073 4273 1118 4341 tu,
1139 4274 1174 4328 et
1197 4263 1323 4351 quidem

155 4351 191 4414 iu
213 4353 275 4418 isto
297 4353 352 4416 die
373 4364 440 4430 tuo,
461 4376 543 4445 quae
566 4357 606 4423 ad
629 4381 739 4462 pacem
762 4370 846 4425 tuam
868 4363 1046 4446 pertinent,
1068 4383 1218 4430 curares:
1240 4383 1324 4428 nunc
