2764 4846
389 259 512 340 (2-5.
538 253 671 344 hagelua
690 211 890 342 Zachariad.l“
963 306 967 316 ·
1161 273 1222 364 13Ι

64 411 142 486 hod,
170 410 307 492 qnando
326 412 426 474 virum
445 431 510 472 non
536 413 708 495 cognosco?
739 433 824 493 quarn
847 425 948 476 tamen
966 415 1098 498 Angelus
1116 415 1200 479 dissi-

63 490 154 564 uulat,
191 490 259 550 acsi
287 485 367 556 nihil
394 499 472 549 esset
495 489 527 550 in
552 511 586 550 ea
605 491 678 552 vitii.
720 489 781 564 Qui
806 491 839 550 lit
855 498 952 575 ¹ergo,
980 504 1014 552 ut
1033 493 1200 554 Zachariam

62 566 131 646 qnasi
149 565 333 650 gravissimi
360 565 477 646 peccati
502 585 585 626 reum
608 561 669 626 lam
688 587 790 628 severe
810 569 934 651 castiget
952 569 1055 629 Deus?
1092 569 1202 632 Fateor

91 643 199 720 uidem,
221 644 251 704 si
275 639 374 702 verba
395 654 510 702 tautum
529 655 708 733 spectentur,
728 643 888 779 velparcrn
905 645 993 705 fuisse
1014 645 1046 704 iu
1065 631 1204 707 omnious

99 741 180 800 pam,
215 720 274 780 rel
297 718 471 779 Zachariam
496 715 571 778 nibil
594 739 740 798 peccasse.
803 721 839 780 cd
864 743 953 802 quum
978 721 1054 786 iacta
1075 734 1106 782 et
1125 723 1203 782 dicta

60 797 204 856 hominm
228 817 271 857 ex
292 794 394 855 cordis
414 795 525 854 aflectu
544 795 696 856 aestimare
707 798 873 872 conveniat,
891 798 952 860 Dei
972 799 1071 879 potius
1090 799 1202 859 iudicio

60 875 182 932 nandum
213 885 286 946 est,
319 871 368 931 cui
415 882 499 931 ateut
524 871 657 932 occultae
682 874 779 938 cordis
803 873 942 934 latebrae.
987 875 1070 936 Vidit
1095 874 1203 956 procul

62 949 140 1010 dnbio
151 949 320 1010 Dominus
341 949 373 1007 in
385 893 525 1008 iactaris
545 947 655 1036 ahquid
675 950 812 1024 deterius,
832 971 919 1030 quarn
936 951 1027 1012 verba
1048 953 1110 1012 cius
1130 971 1203 1032 prae

62 1029 219 1100 scierant,
254 1036 350 1104 atque
375 1025 446 1085 ideo
471 1025 502 1084 in
527 1024 621 1104 ipsum
646 1027 813 1102 excanduit,
838 1029 928 1107 quod
952 1027 1124 1109 promissam
1143 1027 1204 1094 sibi

105 1104 172 1162 tiam
204 1102 385 1163 diffidentia
409 1100 578 1191 repelleret.
616 1102 687 1162 Non
712 1115 757 1164 est
781 1103 899 1184 quidem
923 1115 1073 1180 nostrum,
1103 1103 1203 1188 legem

85 1201 118 1240 co
136 1177 380 1260 praescribere,
432 1197 485 1236 ura
503 1175 629 1238 liberum
649 1179 677 1238 ei
697 1179 750 1252 sit,
779 1179 810 1238 in
829 1202 892 1241 uno
911 1181 1017 1262 punire
1057 1182 1117 1243 uod
1137 1181 1202 1240 aliis

60 1256 181 1338 ignoscit
207 1255 371 1316 delictum.
445 1253 482 1314 cd
508 1253 594 1314 facile
619 1276 655 1344 ap
679 1267 745 1314 aret
767 1255 909 1316 diversam
934 1257 1023 1318 luisse
1042 1259 1203 1318 Zachariae

60 1354 177 1407 cansam,
197 1353 299 1412 quam
321 1329 413 1392 fucrit
430 1328 578 1404 Abrahae,
599 1327 639 1390 Gr
662 1331 756 1405 conis,
774 1330 822 1391 rel
841 1332 978 1408 Mariae,
1001 1334 1037 1392 ‘d
1055 1333 1087 1394 in
1101 1334 1201 1394 verbis

60 1431 113 1468 non
133 1408 340 1490 perspicitur.
381 1405 527 1490 Cognitio
548 1407 640 1488 igitur
650 1406 719 1466 Deo
739 1406 944 1488 relinquenda,
965 1431 1045 1470 cures
1066 1409 1202 1470 oculiad

61 1485 168 1546 iontem
196 1504 303 1576 usqne
328 1483 428 1546 cordis
453 1494 619 1562 penetrant.
673 1481 725 1545 Sic
743 1484 825 1544 Deus
849 1483 929 1545 inter
948 1484 1038 1545 Sarae
1061 1486 1151 1546 risum
1171 1497 1203 1546 et

61 1563 193 1624 Abrahae
217 1560 386 1635 descernit,
417 1581 505 1638 quum
530 1571 630 1620 umen
655 1559 731 1621 alter
754 1559 791 1621 ab
817 1559 912 1622 altero
936 1561 968 1621 in
991 1583 1004 1620 s
1028 1561 1120 1621 eciem
1140 1580 1203 1630 non

63 1639 177 1699 differat
208 1639 315 1717 (Gen.
334 1643 388 1710 17,
413 1643 461 1702 tt.
486 1647 516 1696 et
533 1641 588 1712 18,
612 1638 683 1715 tlh).
732 1637 828 1698 Porro
854 1657 939 1699 causa
964 1637 994 1699 di
1029 1638 1145 1700 dentiae
1170 1639 1202 1698 in

63 1717 200 1776 Zacharia
224 1715 298 1788 suit,
317 1713 399 1794 quod
419 1713 450 1772 in
470 1713 574 1774 ordine
594 1724 715 1774 naturae
733 1713 892 1778 subsistens
902 1715 962 1776 Dei
974 1714 1127 1796 potentiae
1145 1713 1202 1776 mia

62 1813 109 1850 nus
128 1791 247 1852 tribuit
266 1811 356 1870 quam
375 1787 511 1850 decebat
541 1789 671 1850 Nimium
691 1792 769 1851 enim
788 1792 923 1854 restricte
943 1804 974 1854 et
991 1791 1121 1875 maligne
1133 1812 1202 1854 sen-

61 1869 132 1928 tiunt
151 1869 195 1930 de
218 1864 463 1949 operibus.Dei,
495 1865 545 1946 qui
559 1887 633 1932 ,non
659 1867 724 1947 plus
744 1869 887 1930 facturum
906 1867 1031 1932 credunt
1050 1891 1135 1949 quam
1154 1889 1203 1932 sc-

63 1947 186 2005 cundum
208 1956 351 2004 naturam
371 1941 516 2004 credibile
536 1955 589 2018 est,
612 1944 693 2023 quasi
712 1944 774 2005 cius
792 1963 895 2006 manus
913 1945 963 2008 rel
981 1945 1078 2006 sensui
1098 1958 1203 2007 nostro

62 2021 212 2096 subiecta,
241 2019 292 2080 vel
316 2019 444 2080 terrenis
467 2019 571 2080 mediis
590 2019 700 2081 inclusa
719 2033 805 2083 emet.
843 2022 935 2102 Atqui
960 2022 999 2082 fid
1020 2022 1029 2080 i
1049 2024 1204 2104 proprium

64 2111 118 2170 cst,
137 2099 242 2180 longe
264 2095 329 2177 plus
350 2096 473 2156 credere
493 2115 578 2175 quam
598 2096 661 2156 ficri
682 2117 769 2178 posse
790 2099 884 2161 carnit
904 2099 981 2160 ratio
1002 2045 1102 2160 dictet.
1130 2100 1203 2160 Non

65 2175 212 2235 dubitarit
235 2173 410 2246 Zacharias,
430 2183 506 2232 emet
524 2193 579 2232 vox
597 2173 658 2234 Dei
678 2195 789 2252 necne,
808 2175 861 2235 sed
880 2197 969 2256 quum
988 2176 1076 2250 nimis
1096 2175 1204 2244 defixus

65 2265 136 2312 essct
155 2253 191 2311 in
213 2250 347 2324 mundo,
368 2247 504 2328 obrepsit
521 2249 553 2308 in
574 2249 635 2310 citu
654 2261 782 2311 mentem
802 2251 932 2330 obliqua·
944 2249 1104 2328 dubitatio,
1124 2253 1204 2314 sutu-

64 2349 164 2388 nnnnc
189 2337 278 2388 'esset
301 2325 383 2406 quod
408 2325 547 2386 audierat.
595 2327 641 2386 Ac
667 2347 701 2387 ea
728 2329 759 2388 in
784 2349 817 2388 rc
842 2349 904 2388 non
927 2329 1023 2390 levem
1042 2328 1111 2390 Deo
1132 2329 1205 2390 lecit

65 2403 217 2478 iniuriam,
258 2402 307 2462 uia
328 2401 454 2483 perinde
474 2405 546 2462 erat'
555 2402 614 2463 acsi
633 2423 733 2464 secum
751 2404 923 2484 disputaret,
942 2425 1068 2488 veranne
1088 2403 1201 2464 baben-

66 2481 112 2540 dus
135 2491 219 2542 esset
271 2499 331 2552 eus,
353 2499 440 2568 quent
461 2477 615 2538 constabat
625 2478 778 2558 loquutum
800 2500 872 2538 esse.
911 2479 1088 2558 Quanquam
1106 2480 1204 2540 scieu-
1262 2487 1264 2490 ’

66 2557 131 2618 duan
153 2569 217 2630 cst,
237 2577 301 2616 nou
322 2555 365 2614 ita
385 2555 570 2632 merelulum
587 2554 676 2614 luisse
695 2555 881 2628 Zachariam,
911 2561 945 2613 ut
971 2575 1089 2634 prorsus
1110 2555 1205 2627 aalide

67 2633 274 2706 descisceret,
295 2633 352 2692 Est
371 2631 449 2690 enim
468 2630 615 2715 generalis
634 2631 716 2704 fides,
737 2651 811 2711 quae
822 2630 1048 2710 promissionem
1066 2641 1205 2692 aeternae

67 2711 166 2770 salutis
188 2707 381 2788 amplectitur
401 2718 431 2766 ct
450 2708 595 2789 gratuitae
614 2708 671 2781 ado
687 2707 785 2781 ,tionis
803 2706 1012 2768 testimonium.
1052 2704 1205 2780 Quemad-

67 2789 187 2846 modum
207 2797 318 2859 autcm,
339 2795 494 2864 postquam
514 2805 569 2844 nos
587 2729 913 2864 semcirecepitDeus
932 2781 964 2842 in
983 2782 1117 2865 gratiam,
1135 2803 1204 2862 spe-

68 2863 182 2924 cialiter
200 2861 294 2922 multa
315 2859 475 2942 promittit,
495 2860 575 2939 quod
595 2881 650 2920 nos
670 2871 780 2941 pascet,
800 2859 908 2951 cripiet
926 2879 960 2920 cr
976 2858 1128 2950 periculis,
1148 2859 1206 2922 erit

68 2941 172 3000 rindcx
193 2937 391 3002 innocentiae
410 2949 543 3010 nostrae,
568 2937 657 2998 vitarn
677 2937 823 3012 tuebitur,
848 2948 888 2996 rta
906 2935 1043 3016 specialis
1062 2935 1206 3016 quaedam

69 3029 110 3076 cst
128 3017 216 3092 fides,
237 3035 315 3096 qnae
335 3011 458 3095 singulis
478 3013 643 3074 huiusmodi
664 3013 908 3095 promissionibus
927 3013 1097 3093 respondet.
1136 3013 1207 3076 Fiet

69 3094 158 3176 igitur
186 3092 340 3152 interdum
355 3101 399 3148 ut
424 3089 566 3169 quispiam
591 3091 627 3150 de
651 3101 840 3172 peccatorum
864 3089 1037 3150 remissione
1062 3101 1093 3150 et
1110 3090 1206 3151 salute

68 3191 116 3230 sua
135 3169 207 3229 Deo
230 3169 324 3230 fidens
345 3165 377 3226 in
398 3177 480 3246 parte
500 3165 597 3255 aliqua
615 3167 746 3228 vacillet:
767 3187 834 3228 nam
851 3165 898 3228 vel
911 3166 1032 3236 nimium
1043 3167 1205 3256 trepidabit

68 3247 97 3304 in
115 3245 225 3306 mortis
246 3243 393 3324 periculo,
412 3241 459 3301 vel
479 3242 515 3304 de
534 3255 615 3323 prctu
635 3244 808 3321 quotidiano
827 3243 949 3302 ninnium
961 3244 1137 3317 eritanmus,
1155 3241 1205 3319 vel
1233 3247 1236 3254 ’

71 3323 191 3382 nimium
211 3319 372 3402 perplexus
394 3319 451 3379 erit
469 3317 500 3377 in
512 3319 570 3378 suis
583 3319 722 3380 consiliis.
760 3319 917 3380 Tatissuit
929 3319 1087 3380 Zachariae
1106 3319 1204 3380 incre-

72 3399 191 3472 dulitas,
213 3399 283 3477 quia
302 3395 419 3456 scilicet
436 3394 506 3456 fidei
525 3395 652 3455 radicem
672 3417 706 3457 ac
726 3396 947 3456 fundamentum
966 3407 1071 3458 teneus
1090 3407 1205 3456 tanturn

72 3498 125 3535 nna
145 3477 178 3534 in
199 3485 285 3554 parte
306 3463 476 3545 ba‘esitavit,
502 3491 539 3530 an
558 3471 640 3532 Deus
661 3473 751 3533 filium
777 3473 818 3532 illi
839 3473 957 3532 daturus
977 3484 1084 3536 essct.
1102 3471 1208 3548 Quare

71 3553 193 3612 aciamus
212 3571 278 3610 non
299 3548 435 3630 protinus
456 3569 472 3608 a
492 3548 549 3608 lide
569 3548 704 3610 excidere
723 3549 770 3609 vel
790 3547 932 3623 delicere,
958 3570 1032 3630 quos
1051 3547 1102 3608 sira
1122 3547 1211 3608 infir-

72 3631 153 3688 mitas
172 3629 205 3687 in
226 3626 329 3706 aliquo
350 3623 518 3704 particulari
538 3626 662 3705 negotio
682 3624 782 3686 turbat
800 3625 847 3686 rel
868 3625 1015 3699 concutit,
1040 3645 1097 3684 nec
1117 3623 1206 3684 fidem

72 3725 87 3764 a
105 3705 206 3766 radice
227 3700 419 3773 labefactari,
442 3701 557 3780 quoties
579 3703 639 3763 cius
658 3702 731 3762 rami
751 3701 788 3762 ad
802 3701 903 3768 ,varios
922 3701 1048 3782 impetus
1067 3699 1206 3762 titubant.

73 3782 155 3841 Adde
197 3780 261 3840 uod
280 3777 357 3838 nibil
381 3777 476 3836 minus
502 3777 597 3838 voluit
621 3779 774 3839 Zacharias
787 3799 886 3858 vquam
905 3777 937 3838 in
958 3797 1078 3837 examen
1097 3796 1207 3836 vocare

74 3857 157 3917 idern
199 3858 298 3916 'rinae
340 3853 537 3927 remissionis,
566 3853 619 3914 sed
646 3875 734 3944 quum
760 3855 790 3914 in
816 3875 928 3937 genere
949 3874 1100 3932 persuasus
1121 3863 1208 3928 esset,

75 3954 207 3995 rcracem
227 3953 291 3994 esse
345 3951 422 4004 erun,
440 3939 504 3991 astu
524 3942 554 3990 et
572 3931 684 3992 insidias
705 3933 832 3992 Satanae
852 3931 959 3990 surtim'
971 3930 1002 3988 iu
1022 3949 1140 4009 pravam
1160 3929 1207 3989 di-

76 4011 263 4074 stinctionem
282 4007 395 4068 tractus
415 4019 469 4066 est.
508 4006 580 4080 Quo
588 4009 697 4090 magis
722 4011 776 4068 nos
802 4007 838 4068 ad
858 4006 986 4088 agendas
1006 4003 1140 4066 excubias
1159 4005 1207 4066 in·
1269 4071 1271 4078 ,

77 4095 170 4148 tentos
191 4107 256 4148 esse
277 4085 374 4146 decet.
414 4082 490 4156 Quis
511 4084 907 4144 euimnostrunraSatanae
928 4081 1069 4162 decipulis
1088 4103 1208 4144 securus

77 4163 144 4238 en't,
177 4163 209 4223 in
229 4183 304 4255 quas
325 4158 470 4220 ceruimus
492 4171 549 4219 tarn
569 4181 651 4220 rarae
671 4161 833 4222 sanctitatis
851 4159 964 4233 virum,
990 4157 1041 4240 qui
1064 4169 1127 4219 tota
1147 4159 1207 4220 rita

77 4240 173 4302 sedulo
192 4239 252 4302 siba
273 4247 408 4311 caverat,
427 4237 577 4317 delapsum
598 4237 682 4298 esse?

146 4325 192 4386 19.
232 4315 304 4394 Ego
328 4335 393 4376 mm
419 4311 547 4376 θετὸν-ἰοὶ.
591 4314 646 4374 His
671 4312 769 4374 verbis
795 4309 942 4395 significat
967 4307 1114 4392 Angelus,
1146 4329 1208 4368 non

76 4392 136 4480 sibi,
154 4393 293 4462 secho
315 4412 334 4458 a
352 4410 414 4474 quo
430 4391 532 4478 missus
553 4403 607 4473 cst,
627 4403 658 4454 ct
677 4389 944 4486 cuius'naaudutum
963 4385 1100 4468 pertulit,
1119 4384 1209 4448 abro-

979 4511 1039 4580 Α

1287 4499 1302 4549 Ι
1332 4535 1342 4549 .
