2766 4834
434 243 498 322 (14
529 241 715 328 Genealogia
734 239 871 334 Christi.)
974 247 976 254 '
1126 291 1130 300 .
1184 255 1222 318 47

55 397 160 478 loseph
183 395 309 456 nullus
332 397 414 458 inter
434 396 734 479 duosEvangelistas,
752 398 809 459 nisi
827 399 860 458 in
881 395 1022 460 salathiel
1042 408 1073 460 et
1091 399 1222 462 Semha-

54 475 112 547 bel,
132 494 332 534 consensus
351 470 497 564 apparet¹
525 475 680 534 Excusatio
701 473 899 554 quaeaiierri
918 476 1012 553 solet,
1036 477 1105 536 inde
1125 489 1223 539 ortum

3 557 5 652 j
55 574 111 614 esse
132 549 338 626 discrimen,
359 571 428 630 qnia
443 549 546 610 Iudaei
565 561 598 610 ut
617 551 773 630 plurimum
794 551 963 613 binomines
984 565 1078 628 erant,
1098 573 1186 636 aegre
1206 575 1222 615 a

3 657 5 674 ·
54 625 147 689 nnlt'ss
169 627 376 688 admittitur.
400 627 496 717 Atqui
517 649 610 707 quum
626 629 715 688 hodie
735 629 822 689 nobis
840 629 995 712 incognita
1014 631 1052 690 sit
1072 631 1223 692 ducendae

3 699 5 719 ⁸
56 705 279 784 tenndacqne
305 704 507 796 genealogiae
528 705 615 782 ratio,
635 727 722 785 quam
742 717 882 786 sequutus
903 720 948 766 est
967 707 1130 782 Mathaeus,
1150 707 1223 767 nihil

57 785 160 844 niman
191 793 266 858 est,
305 806 331 843 ss
357 803 422 840 non
448 783 644 860 assequimur,
676 782 828 862 quomodo
854 781 883 842 in
910 783 953 843 sin
978 785 1032 844 ulis
1053 783 1223 845 nominibus

58 859 140 920 ambo
165 858 235 920 vel¹
258 858 453 920 conveniant
477 858 523 918 vel
553 858 702 920 differant.
738 861 803 920 Nec
832 870 930 920 tamen
956 805 1088 922 intimi
1107 869 1223 942 potest,

62 939 125 1018 quin
154 957 174 996 a
205 947 364 1016 tempore
395 934 576 1015 Babylonici
607 934 698 996 exsilii
726 935 868 1015 quosdam
901 937 1020 999 diversis
1050 937 1222 998 nominibus

62 1015 178 1074 eosdem
214 1014 370 1076 homines
402 1023 586 1072 recenseant.
645 1012 681 1072 In
710 1012 854 1074 salathiel
883 1035 957 1082 sero
994 1026 1025 1075 et
1053 1013 1242 1076 Scrubahelt
1272 1052 1275 1065 ι

64 1091 159 1152 eadem
187 1089 351 1151 consulto
377 1090 496 1150 retenta
520 1088 608 1150 luisse
632 1090 753 1150 nomina
778 1087 908 1152 arbitror
931 1102 1058 1173 propter
1076 1103 1219 1154 mutatum

100 1164 163 1249 puli
185 1179 325 1242 statmn,
346 1166 415 1246 quia
434 1177 506 1226 tnnc
525 1166 606 1248 regia
625 1167 758 1226 maiestas
779 1167 918 1229 exstincta
940 1169 1003 1228 tutu
1023 1169 1135 1228 Tenuis
1146 1191 1220 1232 vero

65 1191 293 1306 diminutionis
312 1242 421 1303 umbra
441 1263 529 1322 quum
549 1243 665 1303 residua
681 1253 766 1318 esset,
786 1264 801 1302 a
819 1245 921 1334 paruit
942 1245 1064 1327 insignis
1083 1247 1221 1322 mutatih,

69 1343 135 1402 quae
155 1321 276 1382 fideles
300 1321 488 1394 admoneret,
507 1319 685 1400 sperandum
706 1339 768 1380 esse
789 1264 867 1379 aliud
880 1321 1074 1401 praestantius
1083 1342 1220 1403 regnum,

68 1421 148 1478 qun
168 1397 303 1460 visibile
323 1395 399 1458 illud
419 1395 598 1472 Salomonis,
620 1395 702 1488 quod
721 1395 806 1457 brevi
825 1406 960 1477 tempore
980 1399 1131 1462 floruerat.
1157 1400 1220 1460 Iam

68 1475 119 1534 hot
139 1495 278 1556 quoque
298 1485 407 1534 notare
429 1482 537 1554 operae
558 1484 686 1555 pretium
707 1485 765 1550 est,
797 1471 870 1532 nihil
891 1493 953 1534 esse
974 1472 1107 1550 absurdi,
1138 1477 1219 1554 quod

72 1553 163 1632 plures
190 1553 228 1612 in
257 1572 317 1614 sno
344 1550 486 1633 catologo
506 1561 642 1610 numerat
660 1549 754 1612 Lucas
779 1571 865 1631 quam
890 1549 1071 1624 Matthaeus,
1101 1552 1219 1630 quando

72 1631 207 1690 usitatum
238 1641 305 1704 est,
337 1627 438 1719 plures
459 1645 587 1688 numero
614 1648 677 1688 esse
701 1627 732 1686 in
757 1623 884 1688 naturali
909 1627 1105 1710 generatione
1133 1649 1219 1708 quam

73 1703 164 1788 legali.
207 1707 285 1766 Huc
305 1717 395 1764 ettam
416 1703 531 1766 accedit
554 1703 634 1785 quod
654 1704 835 1782 Matthaeus,
867 1725 957 1786 quum
983 1705 1015 1764 in
1035 1715 1094 1764 tres
1114 1704 1220 1766 classes

75 1781 254 1846 distribuere
276 1781 370 1842 vellet
390 1779 502 1842 Christi
522 1781 742 1865 genealogiam,
772 1793 803 1842 et
827 1780 950 1863 singulis
975 1781 1114 1842 classibus
1134 1781 1219 1842 attri-

74 1857 160 1920 buere
182 1857 420 1952 quatuordecim
440 1857 551 1940 capita,
582 1857 706 1918 liberum
724 1857 782 1918 sibi
802 1858 873 1919 iecit
894 1857 1077 1940 quorundam
1097 1859 1218 1921 nomina

76 1951 255 2028 praeterire,
287 1957 364 2015 quae
384 1934 479 1996 Luras
505 1934 642 2020 omittere
666 1957 729 2018 nou¹
753 1933 870 2010 debuit,
899 1957 988 2015 quum
1012 1955 1043 1996 se
1064 1935 1101 1996 ad
1119 1935 1218 2020 legem

77 2013 147 2074 illam
173 2037 244 2075 non
270 2013 460 2094 astringeret.
497 2007 648 2073 Hactenus
677 2013 714 2073 de
742 2012 853 2075 Christi
880 2012 1058 2106 genealogia
1084 2013 1219 2092 disserui,

77 2103 218 2169 quatenns
241 2083 280 2151 ad
300 2109 445 2152 summam
462 2089 533 2148 utile
554 2110 616 2150 esse
635 2090 729 2150 visum
750 2101 803 2150 est.
842 2089 876 2150 si
896 2111 982 2170 quem
1002 2089 1104 2152 titillat
1121 2091 1218 2152 maior
1247 2116 1252 2124 ·

79 2167 247 2242 curiositas,
276 2188 294 2227 e
319 2184 337 2226 o
359 2165 501 2226 Paulinae
522 2165 732 2227 admonitionis
756 2187 872 2227 memor
889 2165 1079 2228 sobrietatem
1101 2179 1131 2226 et
1149 2189 1216 2228 mo-

77 2245 194 2305 destiam
223 2187 344 2304 irivdlis
370 2256 403 2303 et
429 2242 512 2304 nihili
539 2242 661 2325 argutiis
679 2243 834 2323 'praefero
876 2242 972 2304 Notus
998 2256 1043 2304 est
1071 2243 1154 2304 locus
1178 2245 1216 2306 ad

77 2321 131 2380 'lit
152 2343 219 2401 cap.
232 2327 263 2395 3,
278 2327 319 2396 9,
341 2319 394 2380 ubi
413 2341 468 2380 nos
488 2331 567 2380 vetat
586 2321 623 2380 de
643 2319 828 2403 genealogiis
847 2319 934 2378 nimis
954 2321 1039 2380 anxie
1058 2319 1216 2400 disputare.

77 2397 157 2460 lianc
177 2409 346 2479 postremo·
359 2397 542 2456 tractandum
562 2409 667 2470 restat,
700 2419 753 2456 cur
769 2393 860 2456 trihus
878 2395 1028 2456 ordinibus
1044 2395 1216 2480 ‘complexus

77 2475 111 2534 sit
127 2475 301 2536 blatthaeus
327 2485 421 2534 totam
442 2473 553 2536 Christi
576 2472 802 2626 genealogiam,
831 2484 861 2532 et
880 2471 1003 2608 singulis
1028 2474 1121 2534 denos
1142 2495 1215 2554 qua-

80 2563 174 2612 ternos
194 2551 338 2610 homines
358 2547 534 2610 attribuerit.
608 2549 694 2610 uibus
714 2549 831 2610 videtur
849 2548 907 2607 boc
942 2549 1048 2622 ecisse,
1067 2560 1100 2606 ut
1119 2550 1215 2609 lecto-

79 2649 136 2687 rum
155 2627 323 2688 memoriae
344 2626 527 2700 consuleret,
553 2646 652 2706 neque
671 2637 768 2686 totum
787 2625 904 2698 dicunt,
922 2643 1020 2701 neque
1041 2622 1123 2684 nihil.
1162 2626 1216 2684 Est

80 2705 193 2784 quidem
215 2704 294 2763 istud
315 2723 429 2776 verum,
449 2703 563 2764 facilius
582 2702 744 2762 memoriae
764 2701 886 2762 haerere
898 2700 1065 2836 catalogum
1078 2700 1109 2758 in
1121 2699 1215 2765 tribus

81 2781 194 2860 paribus
215 2781 349 2840 numeris
369 2780 569 2860 propositum:
589 2779 675 2842 simul
688 2791 786 2838 tamen
801 2789 926 2852 constat,
946 2777 1004 2856 trip
1019 2777 1093 2838 icem
1132 2798 1150 2836 o
1173 2777 1214 2836 uli

81 2871 180 2918 statum
200 2857 250 2918 hic
271 2857 381 2918 diserte
397 2857 507 2931 notari,
526 2880 559 2918 cr
572 2879 632 2938 quo
644 2855 802 2938 promissus
822 2854 918 2916 luerat
932 2798 1214 2924 Christusdirabae

81 2955 165 3014 usque
201 2933 239 2994 ad
277 2945 396 3014 tempus
427 2932 634 3013 plenitudinis,
674 2955 735 3028 guo
770 2931 933 3012 patefactus
967 2930 997 2990 in
1029 2953 1117 2992 carne
1149 2929 1214 2992 tuit.

83 3009 219 3085 Quamvis
254 3011 334 3070 enim
367 3031 459 3090 usque
485 3011 522 3071 ad
544 3011 691 3072 Davidem
722 3009 816 3070 trihus
842 3008 916 3070 Iuda
943 3010 1060 3070 honore
1085 3008 1213 3089 reliquas

81 3087 253 3162 excelleret,
284 3086 398 3146 nullum
419 3099 518 3147 tamen
542 3089 738 3180 principatum
758 3083 863 3163 tenuit.
903 3085 938 3144 In
959 3082 1074 3147 Davide
1094 3101 1215 3167 praeter

82 3185 158 3224 sem
182 3164 316 3223 omnium
342 3164 462 3226 emersit
486 3185 567 3248 regia
592 3175 742 3239 maiestas,
772 3183 846 3243 quae
877 3163 959 3226 stelit
983 3184 1075 3243 usque
1101 3165 1137 3224 ad
1163 3163 1213 3223 Ie-

83 3185 223 3300 cboniam.
262 3239 310 3300 Ab
333 3261 371 3300 eo
392 3253 528 3321 tenpore
547 3241 694 3322 superfuit
714 3241 745 3302 in
771 3238 852 3299 trihu
872 3238 945 3300 Iuda
965 3239 1064 3318 aliqua
1083 3239 1212 3323 dignitas

85 3316 324 3408 etgubernatio,
353 3338 430 3398 quae
455 3339 546 3400 nsque
572 3319 609 3378 ad
628 3317 752 3378 lllessiae
778 3317 935 3378 adventum
961 3329 1075 3378 erectas
1094 3327 1214 3379 teneret

103 3415 192 3454 rorum
211 3406 338 3460 mentes.
728 3451 732 3460 ,

85 3415 102 3474 P
151 3483 178 3537 1.
218 3469 312 3530 Liber
327 3473 532 3547 generatores.
569 3471 691 3532 Frustra
710 3469 742 3529 in
761 3469 820 3532 hoc
839 3468 927 3530 titulo
946 3467 1086 3530 laborant
1115 3469 1212 3532 uidam

85 3547 262 3630 interpretes,
282 3558 315 3606 ut
336 3560 483 3623 excusent,
504 3549 584 3638 ‹pnod
604 3557 698 3608 totam
719 3547 869 3608 historiam
880 3547 1045 3608 lllatthaeus
1063 3493 1212 3607 adimidia

86 3637 159 3704 parte
177 3625 264 3685 nnius
285 3623 390 3704 capitis
410 3625 590 3686 denominet.
629 3626 735 3703 Neque
755 3625 834 3684 enlm
852 3624 924 3684 haec
943 3630 1086 3704 ἐπιγραφή
1106 3623 1143 3682 ad
1162 3633 1211 3680 to-

85 3713 138 3761 tum
155 3702 264 3762 librum
284 3700 461 3777 extenditur,
481 3701 532 3762 scd
551 3700 620 3760 libri
640 3721 750 3761 nomen
772 3701 899 3782 positum
920 3712 964 3761 est
1005 3721 1040 3764 ro
1062 3699 1212 3778 catalogo,

88 3779 139 3840 acsi
157 3779 268 3840 dictum
288 3789 378 3850 esset,
398 3778 541 3858 Sequitur
561 3777 655 3840 catalo
732 3777 934 3858 generationis
954 3721 1074 3838 Cliristi.
1113 3773 1211 3833 Porro

86 3851 224 3916 Christum
245 3866 337 3915 vocat
357 3853 447 3916 tilium
459 3853 596 3916 Abrahae
618 3867 648 3914 et
690 3855 790 3928 avidis,
809 3853 1037 3934 promissionum
1058 3860 1210 3930 respectu:

87 3933 144 4011 quia
161 3931 244 3994 Deus
264 3951 366 3992 semen
387 3931 585 3993 exAbraham
603 3931 747 3994 oriturum
790 3930 954 4004 romiserat,
972 3929 1003 3987 in
1044 3948 1082 3987 uo
1102 3947 1134 3987 se
1154 3926 1211 3987 be-

86 4009 247 4071 nedicerent
267 4029 373 4070 omnes
393 4021 497 4092 gentes
517 4008 612 4086 (Gen.
626 4015 674 4084 12,
693 4017 745 4078 3.).
768 3952 878 4069 ltav‘idi
899 4018 996 4066 autem
1017 3949 1125 4066 ilarior
1143 4006 1210 4066 data

87 4083 169 4148 iu'erat
183 4086 354 4167 promissio,
374 4085 439 4146 lore
459 4095 493 4144 ut
511 4107 636 4168 regnum
656 4086 736 4148 domi
757 4084 818 4146 eius
837 4083 944 4144 stabile
962 4094 1097 4142 maneret
1116 4102 1209 4162 usque

86 4165 117 4224 ad
134 4163 216 4226 inem
237 4161 363 4224 saeculi:
386 4175 416 4222 et
431 4163 494 4223 Rex
514 4183 548 4222 ex
568 4162 629 4222 eius
650 4164 797 4246 progenie
817 4160 934 4222 sederet
953 4159 984 4218 in
1003 4159 1091 4234 solio,
1111 4159 1209 4219 donec

85 4239 122 4300 sol
140 4256 167 4303 et
185 4240 256 4302 luna
276 4241 309 4299 in
331 4239 419 4299 coelo
438 4239 589 4321 fulgerent
624 4239 700 4302 Psal.
720 4243 768 4312 tt,
787 4245 816 4304 ὅ.
835 4243 862 4304 7.
885 4247 915 4296 et
932 4241 981 4312 89,
1000 4239 1073 4312 tit).
1105 4235 1208 4310 Quare

85 4317 197 4403 vulgaris
218 4316 367 4397 loquendi
385 4337 453 4378 usus
471 4318 552 4378 inter
570 4317 606 4378 Iu
646 4337 696 4380 eos
717 4317 903 4391 obtinuerat,
938 4325 971 4374 ut
991 4312 1141 4375 Christum
1163 4312 1212 4402 eli-¹
1309 4350 1315 4389 ,

85 4409 173 4460 terent
192 4395 289 4458 tilium
308 4393 441 4458 Davidis.
