<?xml version="1.0" encoding="UTF-8"?>
<!DOCTYPE html PUBLIC "-//W3C//DTD XHTML 1.0 Transitional//EN"
    "http://www.w3.org/TR/xhtml1/DTD/xhtml1-transitional.dtd">
<html xmlns="http://www.w3.org/1999/xhtml" xml:lang="en" lang="en">
 <head>
  <title>
</title>
<meta http-equiv="Content-Type" content="text/html;charset=utf-8" />
  <meta name='ocr-system' content='tesseract 3.04.00' />
  <meta name='ocr-capabilities' content='ocr_page ocr_carea ocr_par ocr_line ocrx_word'/>
</head>
<body>
  <div class='ocr_page' id='page_1' title='image "./innovumtestamen00calvgoog_0113.png"; bbox 0 0 2766 4834; ppageno 0'>
   <div class='ocr_carea' id='block_1_1' title="bbox 383 217 1172 342">
    <p class='ocr_par' dir='ltr' id='par_1_1' title="bbox 383 217 1172 342">
     <span class='ocr_line' id='line_1_1' title="bbox 383 217 1172 342; baseline -0.015 -16"><span class='ocrx_word' id='word_1_1' title='bbox 383 217 536 327; x_wconf 70' lang='lat' dir='ltr'>sturlo</span> <span class='ocrx_word' id='word_1_2' title='bbox 556 259 597 327; x_wconf 84' lang='lat' dir='ltr'>n</span> <span class='ocrx_word' id='word_1_3' title='bbox 636 259 777 342; x_wconf 73' lang='lat' dir='ltr'>loturus</span> <span class='ocrx_word' id='word_1_4' title='bbox 797 219 988 320; x_wconf 78' lang='lat' dir='ltr'>Bairnras</span> <span class='ocrx_word' id='word_1_5' title='bbox 1003 267 1172 320; x_wconf 63' lang='lat' dir='ltr'>,uermes</span> 
     </span>
    </p>
   </div>
   <div class='ocr_carea' id='block_1_2' title="bbox 205 396 1376 958">
    <p class='ocr_par' dir='ltr' id='par_1_2' title="bbox 205 396 1376 958">
     <span class='ocr_line' id='line_1_2' title="bbox 205 396 1374 506; baseline -0.014 -23"><span class='ocrx_word' id='word_1_6' title='bbox 205 423 297 495; x_wconf 68' lang='lat' dir='ltr'>dante</span> <span class='ocrx_word' id='word_1_7' title='bbox 314 419 382 501; x_wconf 80' lang='lat' dir='ltr'>ipso</span> <span class='ocrx_word' id='word_1_8' title='bbox 394 419 424 480; x_wconf 89' lang='lat' dir='ltr'>in</span> <span class='ocrx_word' id='word_1_9' title='bbox 444 417 572 478; x_wconf 85' lang='lat' dir='ltr'>hrtnrum</span> <span class='ocrx_word' id='word_1_10' title='bbox 591 425 707 506; x_wconf 89' lang='lat' dir='ltr'>tempus</span> <span class='ocrx_word' id='word_1_11' title='bbox 719 411 936 494; x_wconf 86' lang='lat' dir='ltr'>promitterent</span> <span class='ocrx_word' id='word_1_12' title='bbox 975 407 1081 470; x_wconf 88' lang='lat' dir='ltr'>Voluit</span> <span class='ocrx_word' id='word_1_13' title='bbox 1100 407 1179 469; x_wconf 86' lang='lat' dir='ltr'>enim</span> <span class='ocrx_word' id='word_1_14' title='bbox 1199 396 1374 470; x_wconf 87' lang='lat' dir='ltr'>enniDo-</span> 
     </span>
     <span class='ocr_line' id='line_1_3' title="bbox 214 481 1376 620; baseline -0.014 -61"><span class='ocrx_word' id='word_1_15' title='bbox 214 499 310 560; x_wconf 91' lang='lat' dir='ltr'>miuus</span> <span class='ocrx_word' id='word_1_16' title='bbox 322 497 359 557; x_wconf 93' lang='lat' dir='ltr'>ab</span> <span class='ocrx_word' id='word_1_17' title='bbox 373 509 458 556; x_wconf 91' lang='lat' dir='ltr'>utero</span> <span class='ocrx_word' id='word_1_18' title='bbox 473 493 545 554; x_wconf 88' lang='lat' dir='ltr'>raris</span> <span class='ocrx_word' id='word_1_19' title='bbox 556 481 719 574; x_wconf 82' lang='lat' dir='ltr'>insignrbus</span> <span class='ocrx_word' id='word_1_20' title='bbox 731 509 893 564; x_wconf 89' lang='lat' dir='ltr'>ornare,ne</span> <span class='ocrx_word' id='word_1_21' title='bbox 905 487 1046 548; x_wconf 91' lang='lat' dir='ltr'>obscurus</span> <span class='ocrx_word' id='word_1_22' title='bbox 1058 497 1162 566; x_wconf 89' lang='lat' dir='ltr'>postea</span> <span class='ocrx_word' id='word_1_23' title='bbox 1170 497 1376 620; x_wconf 72' lang='lat' dir='ltr'>ettanquam</span> 
     </span>
     <span class='ocr_line' id='line_1_4' title="bbox 214 563 1376 656; baseline -0.014 -20"><span class='ocrx_word' id='word_1_24' title='bbox 214 598 290 636; x_wconf 89' lang='lat' dir='ltr'>unus</span> <span class='ocrx_word' id='word_1_25' title='bbox 310 573 434 653; x_wconf 73' lang='lat' dir='ltr'><strong>quilibet</strong></span> <span class='ocrx_word' id='word_1_26' title='bbox 454 593 487 631; x_wconf 85' lang='lat' dir='ltr'>ex</span> <span class='ocrx_word' id='word_1_27' title='bbox 505 570 595 652; x_wconf 75' lang='lat' dir='ltr'>vulgo</span> <span class='ocrx_word' id='word_1_28' title='bbox 616 570 653 656; x_wconf 65' lang='lat' dir='ltr'>qd</span> <span class='ocrx_word' id='word_1_29' title='bbox 665 567 881 647; x_wconf 83' lang='lat' dir='ltr'>exsequendum</span> <span class='ocrx_word' id='word_1_30' title='bbox 892 563 1060 644; x_wconf 79' lang='lat' dir='ltr'><strong>Prophetae</strong></span> <span class='ocrx_word' id='word_1_31' title='bbox 1077 585 1182 622; x_wconf 78' lang='lat' dir='ltr'>tutinus</span> <span class='ocrx_word' id='word_1_32' title='bbox 1202 583 1259 642; x_wconf 88' lang='lat' dir='ltr'>pro</span> <span class='ocrx_word' id='word_1_33' title='bbox 1282 575 1376 622; x_wconf 78' lang='lat' dir='ltr'>aret.</span> 
     </span>
     <span class='ocr_line' id='line_1_5' title="bbox 214 640 1376 720; baseline -0.012 -8"><span class='ocrx_word' id='word_1_34' title='bbox 214 652 318 712; x_wconf 90' lang='lat' dir='ltr'>Primo</span> <span class='ocrx_word' id='word_1_35' title='bbox 337 661 437 710; x_wconf 91' lang='lat' dir='ltr'>narrat</span> <span class='ocrx_word' id='word_1_36' title='bbox 455 649 565 720; x_wconf 88' lang='lat' dir='ltr'>Lucas,</span> <span class='ocrx_word' id='word_1_37' title='bbox 597 645 721 706; x_wconf 86' lang='lat' dir='ltr'>Mariam</span> <span class='ocrx_word' id='word_1_38' title='bbox 747 643 834 703; x_wconf 85' lang='lat' dir='ltr'>fuisse</span> <span class='ocrx_word' id='word_1_39' title='bbox 855 642 891 703; x_wconf 87' lang='lat' dir='ltr'>ad</span> <span class='ocrx_word' id='word_1_40' title='bbox 911 653 971 702; x_wconf 91' lang='lat' dir='ltr'>tres</span> <span class='ocrx_word' id='word_1_41' title='bbox 992 640 1055 700; x_wconf 86' lang='lat' dir='ltr'>lere</span> <span class='ocrx_word' id='word_1_42' title='bbox 1074 661 1189 700; x_wconf 89' lang='lat' dir='ltr'>menses</span> <span class='ocrx_word' id='word_1_43' title='bbox 1210 661 1277 698; x_wconf 92' lang='lat' dir='ltr'>cum</span> <span class='ocrx_word' id='word_1_44' title='bbox 1303 661 1376 698; x_wconf 88' lang='lat' dir='ltr'>sua</span> 
     </span>
     <span class='ocr_line' id='line_1_6' title="bbox 215 715 1375 810; baseline -0.014 -20"><span class='ocrx_word' id='word_1_45' title='bbox 215 740 361 810; x_wconf 90' lang='lat' dir='ltr'>cognata,</span> <span class='ocrx_word' id='word_1_46' title='bbox 391 745 498 806; x_wconf 86' lang='lat' dir='ltr'>nempe</span> <span class='ocrx_word' id='word_1_47' title='bbox 518 743 609 803; x_wconf 83' lang='lat' dir='ltr'>usque</span> <span class='ocrx_word' id='word_1_48' title='bbox 630 723 667 782; x_wconf 84' lang='lat' dir='ltr'>ad</span> <span class='ocrx_word' id='word_1_49' title='bbox 687 721 763 795; x_wconf 75' lang='lat' dir='ltr'>diem</span> <span class='ocrx_word' id='word_1_50' title='bbox 784 732 898 800; x_wconf 84' lang='lat' dir='ltr'>partus:</span> <span class='ocrx_word' id='word_1_51' title='bbox 928 715 1084 797; x_wconf 83' lang='lat' dir='ltr'>probabile</span> <span class='ocrx_word' id='word_1_52' title='bbox 1105 715 1184 776; x_wconf 87' lang='lat' dir='ltr'>enim</span> <span class='ocrx_word' id='word_1_53' title='bbox 1204 726 1265 789; x_wconf 89' lang='lat' dir='ltr'>est,</span> <span class='ocrx_word' id='word_1_54' title='bbox 1286 737 1375 776; x_wconf 88' lang='lat' dir='ltr'>non</span> 
     </span>
     <span class='ocr_line' id='line_1_7' title="bbox 215 793 1373 882; baseline -0.011 -17"><span class='ocrx_word' id='word_1_55' title='bbox 215 805 301 866; x_wconf 88' lang='lat' dir='ltr'>aliam</span> <span class='ocrx_word' id='word_1_56' title='bbox 320 803 407 879; x_wconf 76' lang='lat' dir='ltr'>luisse</span> <span class='ocrx_word' id='word_1_57' title='bbox 427 813 526 860; x_wconf 88' lang='lat' dir='ltr'>tautae</span> <span class='ocrx_word' id='word_1_58' title='bbox 545 819 646 859; x_wconf 90' lang='lat' dir='ltr'>morae</span> <span class='ocrx_word' id='word_1_59' title='bbox 667 819 798 872; x_wconf 89' lang='lat' dir='ltr'>causam,</span> <span class='ocrx_word' id='word_1_60' title='bbox 831 794 887 856; x_wconf 91' lang='lat' dir='ltr'>nisi</span> <span class='ocrx_word' id='word_1_61' title='bbox 906 807 940 854; x_wconf 93' lang='lat' dir='ltr'>ut</span> <span class='ocrx_word' id='word_1_62' title='bbox 964 793 1079 854; x_wconf 82' lang='lat' dir='ltr'>divinae</span> <span class='ocrx_word' id='word_1_63' title='bbox 1098 793 1210 875; x_wconf 85' lang='lat' dir='ltr'>gratiae</span> <span class='ocrx_word' id='word_1_64' title='bbox 1230 805 1373 882; x_wconf 83' lang='lat' dir='ltr'>specta-</span> 
     </span>
     <span class='ocr_line' id='line_1_8' title="bbox 215 869 1373 958; baseline -0.013 -16"><span class='ocrx_word' id='word_1_65' title='bbox 215 881 283 942; x_wconf 90' lang='lat' dir='ltr'>culo</span> <span class='ocrx_word' id='word_1_66' title='bbox 304 873 467 954; x_wconf 73' lang='lat' dir='ltr'>frueretur,</span> <span class='ocrx_word' id='word_1_67' title='bbox 487 899 563 958; x_wconf 90' lang='lat' dir='ltr'>quae</span> <span class='ocrx_word' id='word_1_68' title='bbox 583 875 625 936; x_wconf 95' lang='lat' dir='ltr'>illi</span> <span class='ocrx_word' id='word_1_69' title='bbox 645 875 798 955; x_wconf 88' lang='lat' dir='ltr'>proposita</span> <span class='ocrx_word' id='word_1_70' title='bbox 818 871 855 933; x_wconf 94' lang='lat' dir='ltr'>ab</span> <span class='ocrx_word' id='word_1_71' title='bbox 875 870 995 953; x_wconf 81' lang='lat' dir='ltr'>Angelo</span> <span class='ocrx_word' id='word_1_72' title='bbox 1016 869 1113 931; x_wconf 83' lang='lat' dir='ltr'>luerat</span> <span class='ocrx_word' id='word_1_73' title='bbox 1132 870 1163 930; x_wconf 88' lang='lat' dir='ltr'>in</span> <span class='ocrx_word' id='word_1_74' title='bbox 1184 869 1253 932; x_wconf 84' lang='lat' dir='ltr'>fider</span> <span class='ocrx_word' id='word_1_75' title='bbox 1273 891 1373 930; x_wconf 87' lang='lat' dir='ltr'>cou-</span> 
     </span>
    </p>
   </div>
   <div class='ocr_carea' id='block_1_3' title="bbox 136 956 418 1017">
    <p class='ocr_par' dir='ltr' id='par_1_3' title="bbox 136 956 418 1017">
     <span class='ocr_line' id='line_1_9' title="bbox 136 956 418 1017; baseline -0.014 1"><span class='ocrx_word' id='word_1_76' title='bbox 136 971 141 984; x_wconf 84' lang='grc'><em>·</em></span> <span class='ocrx_word' id='word_1_77' title='bbox 215 956 418 1017; x_wconf 84' lang='lat' dir='ltr'>firmationem.</span> 
     </span>
    </p>
   </div>
   <div class='ocr_carea' id='block_1_4' title="bbox 121 1021 1376 2650">
    <p class='ocr_par' dir='ltr' id='par_1_4' title="bbox 121 1021 1376 2334">
     <span class='ocr_line' id='line_1_10' title="bbox 290 1021 1370 1104; baseline -0.008 -12"><span class='ocrx_word' id='word_1_78' title='bbox 290 1037 337 1098; x_wconf 68' lang='lat'>58</span> <span class='ocrx_word' id='word_1_79' title='bbox 375 1027 545 1092; x_wconf 71' lang='lat' dir='ltr'>Audieram!</span> <span class='ocrx_word' id='word_1_80' title='bbox 565 1031 652 1090; x_wconf 69' lang='lat' dir='ltr'>nutat</span> <span class='ocrx_word' id='word_1_81' title='bbox 675 1041 703 1088; x_wconf 80' lang='lat' dir='ltr'>et</span> <span class='ocrx_word' id='word_1_82' title='bbox 720 1029 846 1104; x_wconf 45' lang='lat' dir='ltr'>comesti·</span> <span class='ocrx_word' id='word_1_83' title='bbox 885 1023 1023 1085; x_wconf 83' lang='lat' dir='ltr'>Dubitari</span> <span class='ocrx_word' id='word_1_84' title='bbox 1044 1035 1158 1104; x_wconf 91' lang='lat' dir='ltr'>potest,</span> <span class='ocrx_word' id='word_1_85' title='bbox 1191 1043 1225 1082; x_wconf 85' lang='lat' dir='ltr'>ex</span> <span class='ocrx_word' id='word_1_86' title='bbox 1244 1021 1370 1084; x_wconf 86' lang='lat' dir='ltr'>solane</span> 
     </span>
     <span class='ocr_line' id='line_1_11' title="bbox 215 1099 1369 1188; baseline -0.009 -18"><span class='ocrx_word' id='word_1_87' title='bbox 215 1107 423 1170; x_wconf 86' lang='lat' dir='ltr'>benedictione</span> <span class='ocrx_word' id='word_1_88' title='bbox 447 1106 615 1188; x_wconf 75' lang='lat' dir='ltr'>gignendae</span> <span class='ocrx_word' id='word_1_89' title='bbox 641 1103 753 1164; x_wconf 87' lang='lat' dir='ltr'>sobolis</span> <span class='ocrx_word' id='word_1_90' title='bbox 779 1099 963 1185; x_wconf 87' lang='lat' dir='ltr'>magnificam</span> <span class='ocrx_word' id='word_1_91' title='bbox 983 1101 1043 1162; x_wconf 87' lang='lat' dir='ltr'>Dei</span> <span class='ocrx_word' id='word_1_92' title='bbox 1068 1101 1193 1182; x_wconf 78' lang='lat' dir='ltr'>gratiam</span> <span class='ocrx_word' id='word_1_93' title='bbox 1212 1100 1369 1160; x_wconf 87' lang='lat' dir='ltr'>aestima-</span> 
     </span>
     <span class='ocr_line' id='line_1_12' title="bbox 212 1176 1369 1258; baseline -0.009 -11"><span class='ocrx_word' id='word_1_94' title='bbox 212 1186 310 1247; x_wconf 82' lang='lat' dir='ltr'>verint</span> <span class='ocrx_word' id='word_1_95' title='bbox 328 1185 375 1244; x_wconf 84' lang='lat' dir='ltr'>isti</span> <span class='ocrx_word' id='word_1_96' title='bbox 394 1184 545 1258; x_wconf 89' lang='lat' dir='ltr'>homines,</span> <span class='ocrx_word' id='word_1_97' title='bbox 564 1203 601 1241; x_wconf 90' lang='lat' dir='ltr'>au</span> <span class='ocrx_word' id='word_1_98' title='bbox 620 1201 692 1241; x_wconf 87' lang='lat' dir='ltr'>vero</span> <span class='ocrx_word' id='word_1_99' title='bbox 733 1180 793 1240; x_wconf 90' lang='lat' dir='ltr'>rius</span> <span class='ocrx_word' id='word_1_100' title='bbox 813 1178 976 1252; x_wconf 80' lang='lat' dir='ltr'>audissent,</span> <span class='ocrx_word' id='word_1_101' title='bbox 1001 1176 1170 1258; x_wconf 86' lang='lat' dir='ltr'>apparuisse</span> <span class='ocrx_word' id='word_1_102' title='bbox 1189 1176 1369 1237; x_wconf 83' lang='lat' dir='ltr'>Zachariae</span> 
     </span>
     <span class='ocr_line' id='line_1_13' title="bbox 212 1202 1369 1344; baseline -0.01 -20"><span class='ocrx_word' id='word_1_103' title='bbox 212 1262 377 1344; x_wconf 78' lang='lat' dir='ltr'>Angelum,</span> <span class='ocrx_word' id='word_1_104' title='bbox 409 1259 460 1340; x_wconf 92' lang='lat' dir='ltr'>qui</span> <span class='ocrx_word' id='word_1_105' title='bbox 484 1259 575 1319; x_wconf 84' lang='lat' dir='ltr'>filium</span> <span class='ocrx_word' id='word_1_106' title='bbox 601 1258 644 1317; x_wconf 89' lang='lat' dir='ltr'>illi</span> <span class='ocrx_word' id='word_1_107' title='bbox 664 1202 817 1338; x_wconf 75' lang='lat' dir='ltr'>‘pollicitus</span> <span class='ocrx_word' id='word_1_108' title='bbox 838 1266 922 1316; x_wconf 88' lang='lat' dir='ltr'>esset.</span> <span class='ocrx_word' id='word_1_109' title='bbox 961 1255 1036 1314; x_wconf 83' lang='lat' dir='ltr'>Erat</span> <span class='ocrx_word' id='word_1_110' title='bbox 1054 1265 1135 1315; x_wconf 90' lang='lat' dir='ltr'>certe</span> <span class='ocrx_word' id='word_1_111' title='bbox 1154 1255 1212 1316; x_wconf 90' lang='lat' dir='ltr'>hoc</span> <span class='ocrx_word' id='word_1_112' title='bbox 1233 1253 1369 1314; x_wconf 86' lang='lat' dir='ltr'>benefi-</span> 
     </span>
     <span class='ocr_line' id='line_1_14' title="bbox 156 1329 1370 1426; baseline -0.009 -26"><span class='ocrx_word' id='word_1_113' title='bbox 156 1359 159 1374; x_wconf 85' lang='lat'><strong>·</strong></span> <span class='ocrx_word' id='word_1_114' title='bbox 214 1339 291 1400; x_wconf 79' lang='lat' dir='ltr'>cium</span> <span class='ocrx_word' id='word_1_115' title='bbox 306 1337 366 1398; x_wconf 90' lang='lat' dir='ltr'>Dei</span> <span class='ocrx_word' id='word_1_116' title='bbox 383 1357 446 1397; x_wconf 92' lang='lat' dir='ltr'>non</span> <span class='ocrx_word' id='word_1_117' title='bbox 462 1335 601 1418; x_wconf 79' lang='lat' dir='ltr'>vulgare,⁴</span> <span class='ocrx_word' id='word_1_118' title='bbox 614 1335 694 1426; x_wconf 91' lang='lat' dir='ltr'>quod</span> <span class='ocrx_word' id='word_1_119' title='bbox 711 1337 829 1414; x_wconf 85' lang='lat' dir='ltr'>praeter</span> <span class='ocrx_word' id='word_1_120' title='bbox 846 1343 968 1392; x_wconf 90' lang='lat' dir='ltr'>naturae</span> <span class='ocrx_word' id='word_1_121' title='bbox 982 1330 1116 1392; x_wconf 87' lang='lat' dir='ltr'>ordinem</span> <span class='ocrx_word' id='word_1_122' title='bbox 1126 1330 1232 1392; x_wconf 86' lang='lat' dir='ltr'>sterilis</span> <span class='ocrx_word' id='word_1_123' title='bbox 1243 1329 1370 1391; x_wconf 89' lang='lat' dir='ltr'>mulier</span> 
     </span>
     <span class='ocr_line' id='line_1_15' title="bbox 213 1407 1366 1503; baseline -0.007 -27"><span class='ocrx_word' id='word_1_124' title='bbox 213 1427 312 1476; x_wconf 78' lang='lat' dir='ltr'>exacta</span> <span class='ocrx_word' id='word_1_125' title='bbox 331 1413 388 1474; x_wconf 90' lang='lat' dir='ltr'>iam</span> <span class='ocrx_word' id='word_1_126' title='bbox 408 1423 503 1472; x_wconf 89' lang='lat' dir='ltr'>aetate</span> <span class='ocrx_word' id='word_1_127' title='bbox 530 1422 700 1503; x_wconf 73' lang='lat' dir='ltr'>peperisset.</span> <span class='ocrx_word' id='word_1_128' title='bbox 738 1410 842 1470; x_wconf 89' lang='lat' dir='ltr'>Potest</span> <span class='ocrx_word' id='word_1_129' title='bbox 861 1429 934 1492; x_wconf 90' lang='lat' dir='ltr'>ergo</span> <span class='ocrx_word' id='word_1_130' title='bbox 956 1407 1036 1482; x_wconf 89' lang='lat' dir='ltr'>lieri,</span> <span class='ocrx_word' id='word_1_131' title='bbox 1055 1419 1088 1467; x_wconf 90' lang='lat' dir='ltr'>ut</span> <span class='ocrx_word' id='word_1_132' title='bbox 1107 1407 1160 1468; x_wconf 93' lang='lat' dir='ltr'>hac</span> <span class='ocrx_word' id='word_1_133' title='bbox 1178 1419 1297 1468; x_wconf 87' lang='lat' dir='ltr'>tantum</span> <span class='ocrx_word' id='word_1_134' title='bbox 1320 1409 1366 1468; x_wconf 91' lang='lat' dir='ltr'>de</span> 
     </span>
     <span class='ocr_line' id='line_1_16' title="bbox 121 1484 1365 1568; baseline -0.008 -15"><span class='ocrx_word' id='word_1_135' title='bbox 121 1528 127 1539; x_wconf 90' lang='lat'><strong>·</strong></span> <span class='ocrx_word' id='word_1_136' title='bbox 213 1513 298 1553; x_wconf 90' lang='lat' dir='ltr'>causa</span> <span class='ocrx_word' id='word_1_137' title='bbox 319 1489 435 1551; x_wconf 88' lang='lat' dir='ltr'>divinae</span> <span class='ocrx_word' id='word_1_138' title='bbox 455 1489 597 1548; x_wconf 79' lang='lat' dir='ltr'>bonitatis</span> <span class='ocrx_word' id='word_1_139' title='bbox 616 1485 848 1568; x_wconf 80' lang='lat' dir='ltr'>magnitudinem</span> <span class='ocrx_word' id='word_1_140' title='bbox 860 1485 1024 1549; x_wconf 76' lang='lat' dir='ltr'>extulerint</span> <span class='ocrx_word' id='word_1_141' title='bbox 1063 1484 1161 1544; x_wconf 90' lang='lat' dir='ltr'>Porro</span> <span class='ocrx_word' id='word_1_142' title='bbox 1181 1484 1365 1556; x_wconf 86' lang='lat' dir='ltr'>dieoctavo</span> 
     </span>
     <span class='ocr_line' id='line_1_17' title="bbox 214 1561 1364 1647; baseline -0.008 -18"><span class='ocrx_word' id='word_1_143' title='bbox 214 1567 308 1629; x_wconf 79' lang='lat' dir='ltr'>officii</span> <span class='ocrx_word' id='word_1_144' title='bbox 328 1566 445 1647; x_wconf 91' lang='lat' dir='ltr'>quidam</span> <span class='ocrx_word' id='word_1_145' title='bbox 466 1577 496 1626; x_wconf 90' lang='lat' dir='ltr'>et</span> <span class='ocrx_word' id='word_1_146' title='bbox 516 1563 702 1624; x_wconf 88' lang='lat' dir='ltr'>humanitatis</span> <span class='ocrx_word' id='word_1_147' title='bbox 716 1585 800 1624; x_wconf 88' lang='lat' dir='ltr'>causa</span> <span class='ocrx_word' id='word_1_148' title='bbox 820 1566 869 1641; x_wconf 90' lang='lat' dir='ltr'>(ut</span> <span class='ocrx_word' id='word_1_149' title='bbox 889 1561 953 1622; x_wconf 88' lang='lat' dir='ltr'>fieri</span> <span class='ocrx_word' id='word_1_150' title='bbox 971 1561 1063 1638; x_wconf 91' lang='lat' dir='ltr'>solet)</span> <span class='ocrx_word' id='word_1_151' title='bbox 1083 1561 1277 1633; x_wconf 90' lang='lat' dir='ltr'>conveniunt,</span> <span class='ocrx_word' id='word_1_152' title='bbox 1299 1562 1364 1620; x_wconf 89' lang='lat' dir='ltr'>sed</span> 
     </span>
     <span class='ocr_line' id='line_1_18' title="bbox 212 1632 1363 1719; baseline -0.006 -14"><span class='ocrx_word' id='word_1_153' title='bbox 212 1645 267 1705; x_wconf 87' lang='lat' dir='ltr'>bac</span> <span class='ocrx_word' id='word_1_154' title='bbox 292 1643 448 1704; x_wconf 90' lang='lat' dir='ltr'>occasione</span> <span class='ocrx_word' id='word_1_155' title='bbox 472 1641 564 1701; x_wconf 85' lang='lat' dir='ltr'>utitur</span> <span class='ocrx_word' id='word_1_156' title='bbox 589 1640 688 1714; x_wconf 87' lang='lat' dir='ltr'>Deus,</span> <span class='ocrx_word' id='word_1_157' title='bbox 717 1651 750 1698; x_wconf 90' lang='lat' dir='ltr'>ut</span> <span class='ocrx_word' id='word_1_158' title='bbox 776 1637 891 1700; x_wconf 81' lang='lat' dir='ltr'>virtutis</span> <span class='ocrx_word' id='word_1_159' title='bbox 916 1632 986 1700; x_wconf 88' lang='lat' dir='ltr'>sn&#39;ae</span> <span class='ocrx_word' id='word_1_160' title='bbox 1012 1649 1042 1697; x_wconf 89' lang='lat' dir='ltr'>et</span> <span class='ocrx_word' id='word_1_161' title='bbox 1065 1637 1178 1719; x_wconf 90' lang='lat' dir='ltr'>gloriae</span> <span class='ocrx_word' id='word_1_162' title='bbox 1204 1648 1298 1696; x_wconf 86' lang='lat' dir='ltr'>testes</span> <span class='ocrx_word' id='word_1_163' title='bbox 1322 1659 1363 1698; x_wconf 89' lang='lat' dir='ltr'>ac</span> 
     </span>
     <span class='ocr_line' id='line_1_19' title="bbox 211 1714 1362 1810; baseline -0.003 -30"><span class='ocrx_word' id='word_1_164' title='bbox 211 1731 394 1810; x_wconf 83' lang='lat' dir='ltr'>spectatores</span> <span class='ocrx_word' id='word_1_165' title='bbox 414 1717 510 1778; x_wconf 78' lang='lat' dir='ltr'>iaciat.</span> <span class='ocrx_word' id='word_1_166' title='bbox 547 1717 611 1777; x_wconf 92' lang='lat' dir='ltr'>Nec</span> <span class='ocrx_word' id='word_1_167' title='bbox 631 1736 702 1788; x_wconf 84' lang='lat' dir='ltr'>vero</span> <span class='ocrx_word' id='word_1_168' title='bbox 724 1715 845 1776; x_wconf 91' lang='lat' dir='ltr'>dubium</span> <span class='ocrx_word' id='word_1_169' title='bbox 866 1725 924 1790; x_wconf 90' lang='lat' dir='ltr'>est,</span> <span class='ocrx_word' id='word_1_170' title='bbox 954 1714 1024 1794; x_wconf 91' lang='lat' dir='ltr'>quin</span> <span class='ocrx_word' id='word_1_171' title='bbox 1044 1714 1139 1774; x_wconf 87' lang='lat' dir='ltr'>maior</span> <span class='ocrx_word' id='word_1_172' title='bbox 1158 1715 1194 1773; x_wconf 91' lang='lat' dir='ltr'>ad</span> <span class='ocrx_word' id='word_1_173' title='bbox 1214 1725 1362 1776; x_wconf 78' lang='lat' dir='ltr'>extranta-</span> 
     </span>
     <span class='ocr_line' id='line_1_20' title="bbox 212 1789 1361 1872; baseline -0.004 -16"><span class='ocrx_word' id='word_1_174' title='bbox 212 1795 359 1856; x_wconf 90' lang='lat' dir='ltr'>dmariurn</span> <span class='ocrx_word' id='word_1_175' title='bbox 383 1806 499 1872; x_wconf 89' lang='lat' dir='ltr'>partum</span> <span class='ocrx_word' id='word_1_176' title='bbox 526 1813 685 1854; x_wconf 86' lang='lat' dir='ltr'>concursus</span> <span class='ocrx_word' id='word_1_177' title='bbox 711 1791 862 1852; x_wconf 89' lang='lat' dir='ltr'>bominum</span> <span class='ocrx_word' id='word_1_178' title='bbox 893 1789 985 1852; x_wconf 88' lang='lat' dir='ltr'>sactus</span> <span class='ocrx_word' id='word_1_179' title='bbox 1014 1791 1060 1850; x_wconf 87' lang='lat' dir='ltr'>sit.</span> <span class='ocrx_word' id='word_1_180' title='bbox 1108 1789 1361 1852; x_wconf 72' lang='lat' dir='ltr'>Formati-loco</span> 
     </span>
     <span class='ocr_line' id='line_1_21' title="bbox 212 1867 1376 1950; baseline -0.005 -18"><span class='ocrx_word' id='word_1_181' title='bbox 212 1871 379 1933; x_wconf 89' lang='lat' dir='ltr'>habuerant</span> <span class='ocrx_word' id='word_1_182' title='bbox 398 1869 526 1931; x_wconf 82' lang='lat' dir='ltr'>vetulam</span> <span class='ocrx_word' id='word_1_183' title='bbox 546 1881 577 1931; x_wconf 91' lang='lat' dir='ltr'>et</span> <span class='ocrx_word' id='word_1_184' title='bbox 595 1867 725 1930; x_wconf 87' lang='lat' dir='ltr'>sterilem</span> <span class='ocrx_word' id='word_1_185' title='bbox 743 1879 869 1949; x_wconf 89' lang='lat' dir='ltr'>repente</span> <span class='ocrx_word' id='word_1_186' title='bbox 888 1867 989 1928; x_wconf 91' lang='lat' dir='ltr'>videre</span> <span class='ocrx_word' id='word_1_187' title='bbox 1001 1867 1164 1950; x_wconf 83' lang='lat' dir='ltr'>gravidam:</span> <span class='ocrx_word' id='word_1_188' title='bbox 1185 1888 1277 1941; x_wconf 88' lang='lat' dir='ltr'>nunc,</span> <span class='ocrx_word' id='word_1_189' title='bbox 1300 1867 1376 1926; x_wconf 87' lang='lat' dir='ltr'>ubi</span> 
     </span>
     <span class='ocr_line' id='line_1_22' title="bbox 210 1943 1360 2038; baseline -0.003 -30"><span class='ocrx_word' id='word_1_190' title='bbox 210 1960 296 2008; x_wconf 91' lang='lat' dir='ltr'>natus</span> <span class='ocrx_word' id='word_1_191' title='bbox 326 1959 370 2008; x_wconf 89' lang='lat' dir='ltr'>est</span> <span class='ocrx_word' id='word_1_192' title='bbox 396 1967 484 2038; x_wconf 86' lang='lat' dir='ltr'>puer,</span> <span class='ocrx_word' id='word_1_193' title='bbox 513 1957 673 2006; x_wconf 88' lang='lat' dir='ltr'>renovatur</span> <span class='ocrx_word' id='word_1_194' title='bbox 698 1957 729 2005; x_wconf 93' lang='lat' dir='ltr'>et</span> <span class='ocrx_word' id='word_1_195' title='bbox 753 1955 878 2027; x_wconf 90' lang='lat' dir='ltr'>augetur</span> <span class='ocrx_word' id='word_1_196' title='bbox 902 1943 1066 2004; x_wconf 90' lang='lat' dir='ltr'>admiratio.</span> <span class='ocrx_word' id='word_1_197' title='bbox 1113 1943 1291 2026; x_wconf 75' lang='lat' dir='ltr'>colligimus</span> <span class='ocrx_word' id='word_1_198' title='bbox 1320 1966 1360 2004; x_wconf 82' lang='lat' dir='ltr'>ex</span> 
     </span>
     <span class='ocr_line' id='line_1_23' title="bbox 210 2019 1358 2104; baseline -0.003 -20"><span class='ocrx_word' id='word_1_199' title='bbox 210 2025 310 2086; x_wconf 84' lang='lat' dir='ltr'>Lucae</span> <span class='ocrx_word' id='word_1_200' title='bbox 329 2022 435 2099; x_wconf 80' lang='lat' dir='ltr'>verbra,</span> <span class='ocrx_word' id='word_1_201' title='bbox 455 2022 586 2104; x_wconf 86' lang='lat' dir='ltr'>quamvis</span> <span class='ocrx_word' id='word_1_202' title='bbox 606 2023 686 2081; x_wconf 90' lang='lat' dir='ltr'>domi</span> <span class='ocrx_word' id='word_1_203' title='bbox 705 2019 949 2098; x_wconf 83' lang='lat' dir='ltr'>circumciderent</span> <span class='ocrx_word' id='word_1_204' title='bbox 967 2041 1035 2081; x_wconf 90' lang='lat' dir='ltr'>suos</span> <span class='ocrx_word' id='word_1_205' title='bbox 1054 2021 1198 2095; x_wconf 80' lang='lat' dir='ltr'>infantes,</span> <span class='ocrx_word' id='word_1_206' title='bbox 1217 2041 1282 2080; x_wconf 90' lang='lat' dir='ltr'>non</span> <span class='ocrx_word' id='word_1_207' title='bbox 1305 2035 1358 2082; x_wconf 88' lang='lat' dir='ltr'>ta-</span> 
     </span>
     <span class='ocr_line' id='line_1_24' title="bbox 212 2097 1358 2178; baseline -0.002 -18"><span class='ocrx_word' id='word_1_208' title='bbox 212 2121 282 2162; x_wconf 91' lang='lat' dir='ltr'>men</span> <span class='ocrx_word' id='word_1_209' title='bbox 301 2101 332 2162; x_wconf 93' lang='lat' dir='ltr'>id</span> <span class='ocrx_word' id='word_1_210' title='bbox 352 2100 451 2163; x_wconf 84' lang='lat' dir='ltr'>lacere</span> <span class='ocrx_word' id='word_1_211' title='bbox 469 2099 573 2161; x_wconf 87' lang='lat' dir='ltr'>solitos</span> <span class='ocrx_word' id='word_1_212' title='bbox 592 2098 656 2160; x_wconf 87' lang='lat' dir='ltr'>sine</span> <span class='ocrx_word' id='word_1_213' title='bbox 677 2098 834 2158; x_wconf 80' lang='lat' dir='ltr'>hominum</span> <span class='ocrx_word' id='word_1_214' title='bbox 851 2097 1016 2178; x_wconf 80' lang='lat' dir='ltr'>frequentia</span> <span class='ocrx_word' id='word_1_215' title='bbox 1032 2109 1062 2159; x_wconf 91' lang='lat' dir='ltr'>et</span> <span class='ocrx_word' id='word_1_216' title='bbox 1073 2111 1236 2160; x_wconf 89' lang='lat' dir='ltr'>conventu:</span> <span class='ocrx_word' id='word_1_217' title='bbox 1255 2097 1358 2178; x_wconf 90' lang='lat' dir='ltr'>idque</span> 
     </span>
     <span class='ocr_line' id='line_1_25' title="bbox 211 2174 1357 2255; baseline -0.002 -19"><span class='ocrx_word' id='word_1_218' title='bbox 211 2177 330 2237; x_wconf 90' lang='lat' dir='ltr'>merito.</span> <span class='ocrx_word' id='word_1_219' title='bbox 369 2177 444 2236; x_wconf 87' lang='lat' dir='ltr'>Nam</span> <span class='ocrx_word' id='word_1_220' title='bbox 466 2195 555 2255; x_wconf 90' lang='lat' dir='ltr'>quum</span> <span class='ocrx_word' id='word_1_221' title='bbox 576 2186 652 2235; x_wconf 88' lang='lat' dir='ltr'>esset</span> <span class='ocrx_word' id='word_1_222' title='bbox 677 2195 833 2237; x_wconf 88' lang='lat' dir='ltr'>commune</span> <span class='ocrx_word' id='word_1_223' title='bbox 853 2174 1003 2236; x_wconf 87' lang='lat' dir='ltr'>Ecclesiae</span> <span class='ocrx_word' id='word_1_224' title='bbox 1023 2187 1251 2250; x_wconf 88' lang='lat' dir='ltr'>sacramentum,</span> <span class='ocrx_word' id='word_1_225' title='bbox 1284 2197 1357 2236; x_wconf 90' lang='lat' dir='ltr'>non</span> 
     </span>
     <span class='ocr_line' id='line_1_26' title="bbox 214 2251 853 2334; baseline -0.005 -21"><span class='ocrx_word' id='word_1_226' title='bbox 214 2253 317 2313; x_wconf 88' lang='lat' dir='ltr'>debuit</span> <span class='ocrx_word' id='word_1_227' title='bbox 336 2253 410 2314; x_wconf 85' lang='lat' dir='ltr'>clam</span> <span class='ocrx_word' id='word_1_228' title='bbox 430 2253 476 2312; x_wconf 84' lang='lat' dir='ltr'>vel</span> <span class='ocrx_word' id='word_1_229' title='bbox 496 2252 635 2334; x_wconf 75' lang='lat' dir='ltr'>privatim</span> <span class='ocrx_word' id='word_1_230' title='bbox 650 2251 853 2312; x_wconf 90' lang='lat' dir='ltr'>administrari.</span> 
     </span>
    </p>

    <p class='ocr_par' dir='ltr' id='par_1_5' title="bbox 209 2326 1357 2650">
     <span class='ocr_line' id='line_1_27' title="bbox 287 2326 1357 2406; baseline -0.003 -15"><span class='ocrx_word' id='word_1_231' title='bbox 287 2337 335 2396; x_wconf 81' lang='lat'>59.</span> <span class='ocrx_word' id='word_1_232' title='bbox 377 2327 533 2390; x_wconf 73' lang='lat' dir='ltr'>Voculam</span> <span class='ocrx_word' id='word_1_233' title='bbox 554 2351 619 2388; x_wconf 82' lang='lat' dir='ltr'>eum</span> <span class='ocrx_word' id='word_1_234' title='bbox 645 2331 740 2404; x_wconf 70' lang='lat' dir='ltr'>perer-is</span> <span class='ocrx_word' id='word_1_235' title='bbox 761 2330 885 2388; x_wconf 64' lang='lat' dir='ltr'>nomm.</span> <span class='ocrx_word' id='word_1_236' title='bbox 937 2326 1066 2402; x_wconf 83' lang='lat' dir='ltr'>Scimus,</span> <span class='ocrx_word' id='word_1_237' title='bbox 1095 2327 1184 2392; x_wconf 89' lang='lat' dir='ltr'>initio&#39;</span> <span class='ocrx_word' id='word_1_238' title='bbox 1209 2326 1357 2406; x_wconf 87' lang='lat' dir='ltr'>imposita</span> 
     </span>
     <span class='ocr_line' id='line_1_28' title="bbox 214 2403 1354 2485; baseline -0.003 -19"><span class='ocrx_word' id='word_1_239' title='bbox 214 2403 304 2466; x_wconf 79' lang='lat' dir='ltr'>luisse</span> <span class='ocrx_word' id='word_1_240' title='bbox 325 2405 492 2468; x_wconf 88' lang='lat' dir='ltr'>bominibus</span> <span class='ocrx_word' id='word_1_241' title='bbox 512 2405 643 2478; x_wconf 90' lang='lat' dir='ltr'>nomina,</span> <span class='ocrx_word' id='word_1_242' title='bbox 661 2405 708 2466; x_wconf 89' lang='lat' dir='ltr'>vel</span> <span class='ocrx_word' id='word_1_243' title='bbox 730 2425 764 2464; x_wconf 81' lang='lat' dir='ltr'>ex</span> <span class='ocrx_word' id='word_1_244' title='bbox 782 2425 880 2464; x_wconf 90' lang='lat' dir='ltr'>rernm</span> <span class='ocrx_word' id='word_1_245' title='bbox 902 2417 1019 2485; x_wconf 82' lang='lat' dir='ltr'>eventu,</span> <span class='ocrx_word' id='word_1_246' title='bbox 1039 2405 1085 2464; x_wconf 85' lang='lat' dir='ltr'>vel</span> <span class='ocrx_word' id='word_1_247' title='bbox 1106 2405 1193 2464; x_wconf 88' lang='lat' dir='ltr'>etiam</span> <span class='ocrx_word' id='word_1_248' title='bbox 1234 2407 1354 2484; x_wconf 85' lang='lat' dir='ltr'>rophe-</span> 
     </span>
     <span class='ocr_line' id='line_1_29' title="bbox 209 2425 1354 2562; baseline 0 -20"><span class='ocrx_word' id='word_1_249' title='bbox 209 2483 271 2542; x_wconf 90' lang='lat' dir='ltr'>tico</span> <span class='ocrx_word' id='word_1_250' title='bbox 292 2482 446 2557; x_wconf 73' lang='lat' dir='ltr'>instinctu,</span> <span class='ocrx_word' id='word_1_251' title='bbox 467 2475 504 2542; x_wconf 93' lang='lat' dir='ltr'>ad</span> <span class='ocrx_word' id='word_1_252' title='bbox 523 2482 685 2543; x_wconf 85' lang='lat' dir='ltr'>notandum</span> <span class='ocrx_word' id='word_1_253' title='bbox 703 2481 823 2561; x_wconf 90' lang='lat' dir='ltr'>aliquod</span> <span class='ocrx_word' id='word_1_254' title='bbox 838 2501 975 2554; x_wconf 77' lang='lat' dir='ltr'>arcanum</span> <span class='ocrx_word' id='word_1_255' title='bbox 986 2476 1045 2544; x_wconf 80' lang='lat' dir='ltr'>Dei</span> <span class='ocrx_word' id='word_1_256' title='bbox 1065 2502 1151 2562; x_wconf 90' lang='lat' dir='ltr'>opus:</span> <span class='ocrx_word' id='word_1_257' title='bbox 1172 2425 1231 2540; x_wconf 79' lang='lat' dir='ltr'>sed</span> <span class='ocrx_word' id='word_1_258' title='bbox 1242 2493 1354 2560; x_wconf 89' lang='lat' dir='ltr'>postea</span> 
     </span>
     <span class='ocr_line' id='line_1_30' title="bbox 209 2557 1352 2650; baseline 0 -32"><span class='ocrx_word' id='word_1_259' title='bbox 209 2559 477 2641; x_wconf 73' lang='lat' dir='ltr'>longootemporis</span> <span class='ocrx_word' id='word_1_260' title='bbox 509 2579 657 2632; x_wconf 87' lang='lat' dir='ltr'>successu,</span> <span class='ocrx_word' id='word_1_261' title='bbox 690 2574 779 2650; x_wconf 87' lang='lat' dir='ltr'>quum</span> <span class='ocrx_word' id='word_1_262' title='bbox 810 2557 932 2619; x_wconf 89' lang='lat' dir='ltr'>uberior</span> <span class='ocrx_word' id='word_1_263' title='bbox 962 2570 1038 2618; x_wconf 89' lang='lat' dir='ltr'>esset</span> <span class='ocrx_word' id='word_1_264' title='bbox 1069 2559 1219 2619; x_wconf 90' lang='lat' dir='ltr'>hominum</span> <span class='ocrx_word' id='word_1_265' title='bbox 1249 2561 1352 2638; x_wconf 89' lang='lat' dir='ltr'>copia,</span> 
     </span>
    </p>
   </div>
   <div class='ocr_carea' id='block_1_5' title="bbox 26 2635 1353 2791">
    <p class='ocr_par' dir='ltr' id='par_1_6' title="bbox 26 2635 1353 2791">
     <span class='ocr_line' id='line_1_31' title="bbox 103 2635 1352 2717; baseline -0.002 -21"><span class='ocrx_word' id='word_1_266' title='bbox 103 2669 111 2690; x_wconf 52' lang='lat' dir='ltr'>t</span> <span class='ocrx_word' id='word_1_267' title='bbox 161 2665 168 2674; x_wconf 89' lang='lat'>·</span> <span class='ocrx_word' id='word_1_268' title='bbox 212 2649 298 2716; x_wconf 87' lang='lat' dir='ltr'>qnam</span> <span class='ocrx_word' id='word_1_269' title='bbox 319 2648 353 2696; x_wconf 92' lang='lat' dir='ltr'>ut</span> <span class='ocrx_word' id='word_1_270' title='bbox 372 2657 448 2697; x_wconf 91' lang='lat' dir='ltr'>nova</span> <span class='ocrx_word' id='word_1_271' title='bbox 477 2636 611 2717; x_wconf 91' lang='lat' dir='ltr'>quotidie</span> <span class='ocrx_word' id='word_1_272' title='bbox 637 2635 709 2716; x_wconf 82' lang='lat' dir='ltr'>lingr</span> <span class='ocrx_word' id='word_1_273' title='bbox 729 2635 884 2694; x_wconf 91' lang='lat' dir='ltr'>commode</span> <span class='ocrx_word' id='word_1_274' title='bbox 904 2647 1041 2714; x_wconf 86' lang='lat' dir='ltr'>possent,</span> <span class='ocrx_word' id='word_1_275' title='bbox 1072 2635 1208 2694; x_wconf 85' lang='lat' dir='ltr'>contenti</span> <span class='ocrx_word' id='word_1_276' title='bbox 1224 2635 1352 2694; x_wconf 77' lang='lat' dir='ltr'>vetustis</span> 
     </span>
     <span class='ocr_line' id='line_1_32' title="bbox 26 2711 1353 2791; baseline -0.001 -20"><span class='ocrx_word' id='word_1_277' title='bbox 26 2728 31 2748; x_wconf 82' lang='lat'><strong><em>⁴</em></strong></span> <span class='ocrx_word' id='word_1_278' title='bbox 104 2776 106 2784; x_wconf 29' lang='lat'><strong><em>¹</em></strong></span> <span class='ocrx_word' id='word_1_279' title='bbox 207 2711 379 2773; x_wconf 86' lang='lat' dir='ltr'>nominibus</span> <span class='ocrx_word' id='word_1_280' title='bbox 409 2724 439 2772; x_wconf 88' lang='lat' dir='ltr'>et</span> <span class='ocrx_word' id='word_1_281' title='bbox 469 2712 525 2772; x_wconf 91' lang='lat' dir='ltr'>iam</span> <span class='ocrx_word' id='word_1_282' title='bbox 555 2712 682 2791; x_wconf 90' lang='lat' dir='ltr'>receptis</span> <span class='ocrx_word' id='word_1_283' title='bbox 713 2711 858 2770; x_wconf 87' lang='lat' dir='ltr'>maiorum</span> <span class='ocrx_word' id='word_1_284' title='bbox 883 2711 1004 2771; x_wconf 91' lang='lat' dir='ltr'>nomine</span> <span class='ocrx_word' id='word_1_285' title='bbox 1031 2723 1167 2791; x_wconf 87' lang='lat' dir='ltr'>posteros</span> <span class='ocrx_word' id='word_1_286' title='bbox 1192 2723 1353 2772; x_wconf 87' lang='lat' dir='ltr'>vocarunt.</span> 
     </span>
    </p>
   </div>
   <div class='ocr_carea' id='block_1_6' title="bbox 157 2779 1351 3629">
    <p class='ocr_par' dir='ltr' id='par_1_7' title="bbox 157 2779 1351 3554">
     <span class='ocr_line' id='line_1_33' title="bbox 203 2779 1351 2868; baseline -0.002 -20"><span class='ocrx_word' id='word_1_287' title='bbox 203 2779 261 2850; x_wconf 80' lang='lat' dir='ltr'>&#39;sic</span> <span class='ocrx_word' id='word_1_288' title='bbox 282 2800 351 2848; x_wconf 92' lang='lat' dir='ltr'>aute</span> <span class='ocrx_word' id='word_1_289' title='bbox 372 2800 485 2868; x_wconf 87' lang='lat' dir='ltr'>patrem</span> <span class='ocrx_word' id='word_1_290' title='bbox 506 2788 627 2848; x_wconf 91' lang='lat' dir='ltr'>loannis</span> <span class='ocrx_word' id='word_1_291' title='bbox 647 2788 745 2866; x_wconf 83' lang='lat' dir='ltr'>plures</span> <span class='ocrx_word' id='word_1_292' title='bbox 765 2787 882 2850; x_wconf 83' lang='lat' dir='ltr'>fuerant</span> <span class='ocrx_word' id='word_1_293' title='bbox 901 2787 1075 2862; x_wconf 84' lang='lat' dir='ltr'>Zachariae,</span> <span class='ocrx_word' id='word_1_294' title='bbox 1095 2799 1125 2848; x_wconf 91' lang='lat' dir='ltr'>et</span> <span class='ocrx_word' id='word_1_295' title='bbox 1143 2788 1221 2847; x_wconf 88' lang='lat' dir='ltr'>forte</span> <span class='ocrx_word' id='word_1_296' title='bbox 1242 2787 1292 2848; x_wconf 90' lang='lat' dir='ltr'>hic</span> <span class='ocrx_word' id='word_1_297' title='bbox 1313 2809 1351 2848; x_wconf 81' lang='lat' dir='ltr'>ex</span> 
     </span>
     <span class='ocr_line' id='line_1_34' title="bbox 208 2861 1350 2946; baseline -0.002 -22"><span class='ocrx_word' id='word_1_298' title='bbox 208 2864 272 2942; x_wconf 87' lang='lat' dir='ltr'>lilio</span> <span class='ocrx_word' id='word_1_299' title='bbox 299 2865 458 2924; x_wconf 83' lang='lat' dir='ltr'>Barachiae</span> <span class='ocrx_word' id='word_1_300' title='bbox 484 2865 629 2946; x_wconf 87' lang='lat' dir='ltr'>originem</span> <span class='ocrx_word' id='word_1_301' title='bbox 659 2873 794 2922; x_wconf 83' lang='lat' dir='ltr'>traxerat.</span> <span class='ocrx_word' id='word_1_302' title='bbox 837 2861 951 2923; x_wconf 89' lang='lat' dir='ltr'>Scimus</span> <span class='ocrx_word' id='word_1_303' title='bbox 977 2877 1090 2938; x_wconf 87' lang='lat' dir='ltr'>autem,</span> <span class='ocrx_word' id='word_1_304' title='bbox 1129 2877 1162 2922; x_wconf 91' lang='lat' dir='ltr'>ut</span> <span class='ocrx_word' id='word_1_305' title='bbox 1185 2863 1350 2944; x_wconf 88' lang='lat' dir='ltr'>plurimum</span> 
     </span>
     <span class='ocr_line' id='line_1_35' title="bbox 209 2937 1348 3022; baseline 0.001 -23"><span class='ocrx_word' id='word_1_306' title='bbox 209 2941 291 3020; x_wconf 91' lang='lat' dir='ltr'>quod</span> <span class='ocrx_word' id='word_1_307' title='bbox 316 2961 369 2998; x_wconf 90' lang='lat' dir='ltr'>usu</span> <span class='ocrx_word' id='word_1_308' title='bbox 396 2951 427 2999; x_wconf 89' lang='lat' dir='ltr'>et</span> <span class='ocrx_word' id='word_1_309' title='bbox 451 2937 664 3000; x_wconf 90' lang='lat' dir='ltr'>consuetudine</span> <span class='ocrx_word' id='word_1_310' title='bbox 687 2951 841 3020; x_wconf 91' lang='lat' dir='ltr'>receptum</span> <span class='ocrx_word' id='word_1_311' title='bbox 867 2953 911 2999; x_wconf 89' lang='lat' dir='ltr'>est</span> <span class='ocrx_word' id='word_1_312' title='bbox 936 2961 991 3020; x_wconf 92' lang='lat' dir='ltr'>pro</span> <span class='ocrx_word' id='word_1_313' title='bbox 1019 2941 1085 3022; x_wconf 91' lang='lat' dir='ltr'>lege</span> <span class='ocrx_word' id='word_1_314' title='bbox 1111 2939 1223 3000; x_wconf 92' lang='lat' dir='ltr'>haberi.</span> <span class='ocrx_word' id='word_1_315' title='bbox 1267 2941 1348 3001; x_wconf 89' lang='lat' dir='ltr'>Ideo</span> 
     </span>
     <span class='ocr_line' id='line_1_36' title="bbox 208 3015 1349 3096; baseline 0.002 -22"><span class='ocrx_word' id='word_1_316' title='bbox 208 3017 399 3075; x_wconf 84' lang='lat' dir='ltr'>contendunt</span> <span class='ocrx_word' id='word_1_317' title='bbox 417 3015 464 3076; x_wconf 90' lang='lat' dir='ltr'>isti</span> <span class='ocrx_word' id='word_1_318' title='bbox 484 3016 629 3090; x_wconf 75' lang='lat' dir='ltr'>homiuep,</span> <span class='ocrx_word' id='word_1_319' title='bbox 647 3035 761 3075; x_wconf 87' lang='lat' dir='ltr'>morem</span> <span class='ocrx_word' id='word_1_320' title='bbox 782 3015 832 3096; x_wconf 93' lang='lat' dir='ltr'>qui</span> <span class='ocrx_word' id='word_1_321' title='bbox 850 3015 1015 3078; x_wconf 79' lang='lat' dir='ltr'>invaluerat</span> <span class='ocrx_word' id='word_1_322' title='bbox 1034 3018 1210 3078; x_wconf 85' lang='lat' dir='ltr'>servandum</span> <span class='ocrx_word' id='word_1_323' title='bbox 1229 3038 1294 3076; x_wconf 89' lang='lat' dir='ltr'>esse</span> <span class='ocrx_word' id='word_1_324' title='bbox 1315 3020 1349 3077; x_wconf 90' lang='lat' dir='ltr'>in</span> 
     </span>
     <span class='ocr_line' id='line_1_37' title="bbox 157 3091 1350 3166; baseline 0.003 -15"><span class='ocrx_word' id='word_1_325' title='bbox 157 3108 159 3121; x_wconf 81' lang='lat'>¹</span> <span class='ocrx_word' id='word_1_326' title='bbox 207 3093 329 3152; x_wconf 87' lang='lat' dir='ltr'>nornine</span> <span class='ocrx_word' id='word_1_327' title='bbox 355 3091 485 3152; x_wconf 80' lang='lat' dir='ltr'>infantis.</span> <span class='ocrx_word' id='word_1_328' title='bbox 526 3091 684 3152; x_wconf 86' lang='lat' dir='ltr'>Caeterum</span> <span class='ocrx_word' id='word_1_329' title='bbox 708 3104 742 3151; x_wconf 92' lang='lat' dir='ltr'>ut</span> <span class='ocrx_word' id='word_1_330' title='bbox 765 3093 852 3154; x_wconf 75' lang='lat' dir='ltr'>nulla·</span> <span class='ocrx_word' id='word_1_331' title='bbox 870 3095 901 3152; x_wconf 91' lang='lat' dir='ltr'>in</span> <span class='ocrx_word' id='word_1_332' title='bbox 927 3094 1095 3154; x_wconf 86' lang='lat' dir='ltr'>nominibus</span> <span class='ocrx_word' id='word_1_333' title='bbox 1120 3095 1273 3166; x_wconf 78' lang='lat' dir='ltr'>statuenda</span> <span class='ocrx_word' id='word_1_334' title='bbox 1301 3107 1350 3155; x_wconf 90' lang='lat' dir='ltr'>est</span> 
     </span>
     <span class='ocr_line' id='line_1_38' title="bbox 206 3167 1349 3264; baseline 0.002 -36"><span class='ocrx_word' id='word_1_335' title='bbox 206 3169 326 3252; x_wconf 86' lang='lat' dir='ltr'>religio,</span> <span class='ocrx_word' id='word_1_336' title='bbox 345 3168 386 3228; x_wconf 85' lang='lat' dir='ltr'>ita</span> <span class='ocrx_word' id='word_1_337' title='bbox 407 3169 456 3249; x_wconf 91' lang='lat' dir='ltr'>pic</span> <span class='ocrx_word' id='word_1_338' title='bbox 476 3180 507 3229; x_wconf 91' lang='lat' dir='ltr'>et</span> <span class='ocrx_word' id='word_1_339' title='bbox 526 3168 638 3228; x_wconf 93' lang='lat' dir='ltr'>utiliter</span> <span class='ocrx_word' id='word_1_340' title='bbox 657 3167 803 3248; x_wconf 87' lang='lat' dir='ltr'>delectum</span> <span class='ocrx_word' id='word_1_341' title='bbox 819 3169 980 3232; x_wconf 87' lang='lat' dir='ltr'>afidelibus</span> <span class='ocrx_word' id='word_1_342' title='bbox 1000 3171 1053 3232; x_wconf 92' lang='lat' dir='ltr'>bac</span> <span class='ocrx_word' id='word_1_343' title='bbox 1073 3171 1104 3230; x_wconf 90' lang='lat' dir='ltr'>in</span> <span class='ocrx_word' id='word_1_344' title='bbox 1122 3182 1208 3264; x_wconf 90' lang='lat' dir='ltr'>parte</span> <span class='ocrx_word' id='word_1_345' title='bbox 1228 3169 1349 3244; x_wconf 86' lang='lat' dir='ltr'>haberi,</span> 
     </span>
     <span class='ocr_line' id='line_1_39' title="bbox 208 3245 1347 3328; baseline 0.004 -25"><span class='ocrx_word' id='word_1_346' title='bbox 208 3265 405 3306; x_wconf 70' lang='lat' dir='ltr'>nemnaanus</span> <span class='ocrx_word' id='word_1_347' title='bbox 426 3245 560 3327; x_wconf 90' lang='lat' dir='ltr'>negabit:</span> <span class='ocrx_word' id='word_1_348' title='bbox 583 3256 616 3304; x_wconf 90' lang='lat' dir='ltr'>ut</span> <span class='ocrx_word' id='word_1_349' title='bbox 634 3245 747 3306; x_wconf 85' lang='lat' dir='ltr'>scilicet</span> <span class='ocrx_word' id='word_1_350' title='bbox 765 3249 884 3308; x_wconf 91' lang='lat' dir='ltr'>nomina</span> <span class='ocrx_word' id='word_1_351' title='bbox 904 3247 1060 3327; x_wconf 91' lang='lat' dir='ltr'>imponant</span> <span class='ocrx_word' id='word_1_352' title='bbox 1078 3247 1143 3308; x_wconf 78' lang='lat' dir='ltr'>filiis</span> <span class='ocrx_word' id='word_1_353' title='bbox 1162 3247 1236 3320; x_wconf 90' lang='lat' dir='ltr'>suis,</span> <span class='ocrx_word' id='word_1_354' title='bbox 1267 3269 1347 3328; x_wconf 87' lang='lat' dir='ltr'>quae</span> 
     </span>
     <span class='ocr_line' id='line_1_40' title="bbox 206 3320 1348 3416; baseline 0.004 -35"><span class='ocrx_word' id='word_1_355' title='bbox 206 3321 359 3406; x_wconf 82' lang='lat' dir='ltr'>doctrinae</span> <span class='ocrx_word' id='word_1_356' title='bbox 381 3333 412 3382; x_wconf 88' lang='lat' dir='ltr'>et</span> <span class='ocrx_word' id='word_1_357' title='bbox 430 3320 643 3382; x_wconf 89' lang='lat' dir='ltr'>admonitionis</span> <span class='ocrx_word' id='word_1_358' title='bbox 662 3323 726 3384; x_wconf 84' lang='lat' dir='ltr'>vice</span> <span class='ocrx_word' id='word_1_359' title='bbox 746 3323 802 3384; x_wconf 90' lang='lat' dir='ltr'>illis</span> <span class='ocrx_word' id='word_1_360' title='bbox 822 3325 894 3396; x_wconf 88' lang='lat' dir='ltr'>sint,</span> <span class='ocrx_word' id='word_1_361' title='bbox 926 3323 1032 3384; x_wconf 88' lang='lat' dir='ltr'>deinde</span> <span class='ocrx_word' id='word_1_362' title='bbox 1053 3325 1151 3416; x_wconf 90' lang='lat' dir='ltr'>potius</span> <span class='ocrx_word' id='word_1_363' title='bbox 1170 3336 1348 3386; x_wconf 88' lang='lat' dir='ltr'>mutuentur</span> 
     </span>
     <span class='ocr_line' id='line_1_41' title="bbox 206 3397 1345 3482; baseline 0.007 -26"><span class='ocrx_word' id='word_1_364' title='bbox 206 3417 240 3456; x_wconf 85' lang='lat' dir='ltr'>ex</span> <span class='ocrx_word' id='word_1_365' title='bbox 258 3399 365 3458; x_wconf 84' lang='lat' dir='ltr'>sanctis</span> <span class='ocrx_word' id='word_1_366' title='bbox 385 3397 521 3460; x_wconf 90' lang='lat' dir='ltr'>Patribus</span> <span class='ocrx_word' id='word_1_367' title='bbox 557 3399 607 3478; x_wconf 87' lang='lat' dir='ltr'>(ut</span> <span class='ocrx_word' id='word_1_368' title='bbox 629 3398 705 3461; x_wconf 90' lang='lat' dir='ltr'>filios</span> <span class='ocrx_word' id='word_1_369' title='bbox 729 3399 797 3462; x_wconf 87' lang='lat' dir='ltr'>suds</span> <span class='ocrx_word' id='word_1_370' title='bbox 817 3403 854 3461; x_wconf 91' lang='lat' dir='ltr'>ad</span> <span class='ocrx_word' id='word_1_371' title='bbox 874 3399 991 3461; x_wconf 90' lang='lat' dir='ltr'>illorum</span> <span class='ocrx_word' id='word_1_372' title='bbox 1016 3401 1210 3462; x_wconf 76' lang='lat' dir='ltr'>imitationem</span> <span class='ocrx_word' id='word_1_373' title='bbox 1230 3421 1345 3482; x_wconf 90' lang='lat' dir='ltr'>provo-</span> 
     </span>
     <span class='ocr_line' id='line_1_42' title="bbox 205 3475 768 3554; baseline 0 -17"><span class='ocrx_word' id='word_1_374' title='bbox 205 3477 291 3553; x_wconf 87' lang='lat' dir='ltr'>cent)</span> <span class='ocrx_word' id='word_1_375' title='bbox 311 3496 397 3554; x_wconf 88' lang='lat' dir='ltr'>quam</span> <span class='ocrx_word' id='word_1_376' title='bbox 418 3488 571 3538; x_wconf 87' lang='lat' dir='ltr'>arcessant</span> <span class='ocrx_word' id='word_1_377' title='bbox 591 3497 607 3534; x_wconf 91' lang='lat' dir='ltr'>a</span> <span class='ocrx_word' id='word_1_378' title='bbox 626 3475 768 3554; x_wconf 78' lang='lat' dir='ltr'>profanis.</span> 
     </span>
    </p>

    <p class='ocr_par' dir='ltr' id='par_1_8' title="bbox 280 3551 1343 3629">
     <span class='ocr_line' id='line_1_43' title="bbox 280 3551 1343 3629; baseline 0.002 -17"><span class='ocrx_word' id='word_1_379' title='bbox 280 3554 319 3620; x_wconf 80' lang='lat'>60</span> <span class='ocrx_word' id='word_1_380' title='bbox 364 3551 559 3628; x_wconf 75' lang='lat' dir='ltr'>Respondeas</span> <span class='ocrx_word' id='word_1_381' title='bbox 577 3565 669 3612; x_wconf 79' lang='lat' dir='ltr'>mater</span> <span class='ocrx_word' id='word_1_382' title='bbox 686 3558 755 3614; x_wconf 74' lang='lat' dir='ltr'>etun</span> <span class='ocrx_word' id='word_1_383' title='bbox 793 3553 944 3614; x_wconf 89' lang='lat' dir='ltr'>Incertum</span> <span class='ocrx_word' id='word_1_384' title='bbox 965 3566 1023 3629; x_wconf 89' lang='lat' dir='ltr'>est,</span> <span class='ocrx_word' id='word_1_385' title='bbox 1050 3575 1088 3614; x_wconf 93' lang='lat' dir='ltr'>an</span> <span class='ocrx_word' id='word_1_386' title='bbox 1109 3553 1231 3615; x_wconf 91' lang='lat' dir='ltr'>oraculo</span> <span class='ocrx_word' id='word_1_387' title='bbox 1253 3555 1343 3614; x_wconf 90' lang='lat' dir='ltr'>etiam</span> 
     </span>
    </p>
   </div>
   <div class='ocr_carea' id='block_1_7' title="bbox 204 3595 1345 3766">
    <p class='ocr_par' dir='ltr' id='par_1_9' title="bbox 204 3595 1345 3766">
     <span class='ocr_line' id='line_1_44' title="bbox 204 3595 1345 3766; baseline 0.004 -80"><span class='ocrx_word' id='word_1_388' title='bbox 204 3595 422 3688; x_wconf 62' lang='lat' dir='ltr'>edo‘cu&#39;fuerit</span> <span class='ocrx_word' id='word_1_389' title='bbox 441 3628 602 3690; x_wconf 82' lang='lat' dir='ltr'>Elisabeth.</span> <span class='ocrx_word' id='word_1_390' title='bbox 643 3629 818 3710; x_wconf 90' lang='lat' dir='ltr'>Quanquam</span> <span class='ocrx_word' id='word_1_391' title='bbox 844 3631 1000 3692; x_wconf 78' lang='lat' dir='ltr'>verisimile</span> <span class='ocrx_word' id='word_1_392' title='bbox 1028 3644 1087 3706; x_wconf 87' lang='lat' dir='ltr'>est,</span> <span class='ocrx_word' id='word_1_393' title='bbox 1119 3653 1208 3766; x_wconf 90' lang='lat' dir='ltr'>quum</span> <span class='ocrx_word' id='word_1_394' title='bbox 1228 3631 1345 3694; x_wconf 87' lang='lat' dir='ltr'>videret</span> 
     </span>
    </p>
   </div>
   <div class='ocr_carea' id='block_1_8' title="bbox 139 3704 1343 4394">
    <p class='ocr_par' dir='ltr' id='par_1_10' title="bbox 139 3704 1343 3866">
     <span class='ocr_line' id='line_1_45' title="bbox 203 3704 1343 3788; baseline 0.005 -26"><span class='ocrx_word' id='word_1_395' title='bbox 203 3704 357 3765; x_wconf 88' lang='lat' dir='ltr'>Zacharias</span> <span class='ocrx_word' id='word_1_396' title='bbox 383 3725 414 3764; x_wconf 90' lang='lat' dir='ltr'>se</span> <span class='ocrx_word' id='word_1_397' title='bbox 440 3706 548 3767; x_wconf 90' lang='lat' dir='ltr'>nimiae</span> <span class='ocrx_word' id='word_1_398' title='bbox 576 3705 607 3764; x_wconf 91' lang='lat' dir='ltr'>in</span> <span class='ocrx_word' id='word_1_399' title='bbox 633 3706 782 3768; x_wconf 88' lang='lat' dir='ltr'>credendo</span> <span class='ocrx_word' id='word_1_400' title='bbox 806 3707 950 3767; x_wconf 89' lang='lat' dir='ltr'>tarditatis</span> <span class='ocrx_word' id='word_1_401' title='bbox 971 3729 1098 3788; x_wconf 91' lang='lat' dir='ltr'>poenam</span> <span class='ocrx_word' id='word_1_402' title='bbox 1140 3727 1230 3782; x_wconf 86' lang='lat' dir='ltr'>uere,</span> <span class='ocrx_word' id='word_1_403' title='bbox 1257 3711 1343 3768; x_wconf 79' lang='lat' dir='ltr'>uxori</span> 
     </span>
     <span class='ocr_line' id='line_1_46' title="bbox 139 3781 1343 3866; baseline 0.003 -24"><span class='ocrx_word' id='word_1_404' title='bbox 139 3843 142 3858; x_wconf 76' lang='grc'>,</span> <span class='ocrx_word' id='word_1_405' title='bbox 200 3781 299 3854; x_wconf 39' lang='lat' dir='ltr'>,fuisse</span> <span class='ocrx_word' id='word_1_406' title='bbox 311 3793 456 3842; x_wconf 78' lang='lat' dir='ltr'>testatum</span> <span class='ocrx_word' id='word_1_407' title='bbox 476 3804 531 3862; x_wconf 91' lang='lat' dir='ltr'>per</span> <span class='ocrx_word' id='word_1_408' title='bbox 549 3782 739 3864; x_wconf 82' lang='lat' dir='ltr'>scripturam,</span> <span class='ocrx_word' id='word_1_409' title='bbox 766 3785 846 3862; x_wconf 91' lang='lat' dir='ltr'>quod</span> <span class='ocrx_word' id='word_1_410' title='bbox 866 3785 902 3846; x_wconf 91' lang='lat' dir='ltr'>de</span> <span class='ocrx_word' id='word_1_411' title='bbox 923 3787 1044 3846; x_wconf 89' lang='lat' dir='ltr'>nomine</span> <span class='ocrx_word' id='word_1_412' title='bbox 1064 3785 1196 3866; x_wconf 82' lang='lat' dir='ltr'>Angelus</span> <span class='ocrx_word' id='word_1_413' title='bbox 1217 3805 1343 3864; x_wconf 90' lang='lat' dir='ltr'>praece-</span> 
     </span>
    </p>

    <p class='ocr_par' dir='ltr' id='par_1_11' title="bbox 187 3857 1342 4167">
     <span class='ocr_line' id='line_1_47' title="bbox 232 3857 1342 3942; baseline 0.004 -24"><span class='ocrx_word' id='word_1_414' title='bbox 232 3872 311 3918; x_wconf 86' lang='lat' dir='ltr'>erat:</span> <span class='ocrx_word' id='word_1_415' title='bbox 331 3857 443 3942; x_wconf 75' lang='lat' dir='ltr'>alioqui</span> <span class='ocrx_word' id='word_1_416' title='bbox 463 3880 523 3920; x_wconf 89' lang='lat' dir='ltr'>non</span> <span class='ocrx_word' id='word_1_417' title='bbox 565 3859 688 3918; x_wconf 89' lang='lat' dir='ltr'>aruisset</span> <span class='ocrx_word' id='word_1_418' title='bbox 701 3858 761 3919; x_wconf 89' lang='lat' dir='ltr'>Dei</span> <span class='ocrx_word' id='word_1_419' title='bbox 774 3861 922 3920; x_wconf 85' lang='lat' dir='ltr'>mandato.</span> <span class='ocrx_word' id='word_1_420' title='bbox 961 3861 1058 3922; x_wconf 88' lang='lat' dir='ltr'>Porro</span> <span class='ocrx_word' id='word_1_421' title='bbox 1079 3885 1131 3922; x_wconf 91' lang='lat' dir='ltr'>cur</span> <span class='ocrx_word' id='word_1_422' title='bbox 1150 3881 1261 3920; x_wconf 87' lang='lat' dir='ltr'>nomen</span> <span class='ocrx_word' id='word_1_423' title='bbox 1283 3861 1342 3922; x_wconf 94' lang='lat' dir='ltr'>hoc</span> 
     </span>
     <span class='ocr_line' id='line_1_48' title="bbox 199 3880 1340 4025; baseline 0.004 -31"><span class='ocrx_word' id='word_1_424' title='bbox 199 3880 639 4025; x_wconf 73' lang='lat' dir='ltr'>llaptistaedivinitusinditnm</span> <span class='ocrx_word' id='word_1_425' title='bbox 652 3935 750 4011; x_wconf 83' lang='lat' dir='ltr'>fuerit,</span> <span class='ocrx_word' id='word_1_426' title='bbox 770 3958 855 4017; x_wconf 91' lang='lat' dir='ltr'>supra</span> <span class='ocrx_word' id='word_1_427' title='bbox 877 3938 1007 4018; x_wconf 86' lang='lat' dir='ltr'>exposui.</span> <span class='ocrx_word' id='word_1_428' title='bbox 1048 3937 1189 4020; x_wconf 88' lang='lat' dir='ltr'>Cognati,</span> <span class='ocrx_word' id='word_1_429' title='bbox 1209 3939 1340 4016; x_wconf 84' lang='lat' dir='ltr'>quamvis</span> 
     </span>
     <span class='ocr_line' id='line_1_49' title="bbox 200 4015 1339 4094; baseline 0.005 -24"><span class='ocrx_word' id='word_1_430' title='bbox 200 4023 346 4070; x_wconf 78' lang='lat' dir='ltr'>rationem</span> <span class='ocrx_word' id='word_1_431' title='bbox 367 4032 429 4071; x_wconf 91' lang='lat' dir='ltr'>non</span> <span class='ocrx_word' id='word_1_432' title='bbox 447 4025 589 4086; x_wconf 90' lang='lat' dir='ltr'>teneant,</span> <span class='ocrx_word' id='word_1_433' title='bbox 627 4024 784 4072; x_wconf 87' lang='lat' dir='ltr'>moventur</span> <span class='ocrx_word' id='word_1_434' title='bbox 802 4027 900 4074; x_wconf 88' lang='lat' dir='ltr'>tamen</span> <span class='ocrx_word' id='word_1_435' title='bbox 921 4015 965 4074; x_wconf 91' lang='lat' dir='ltr'>rei</span> <span class='ocrx_word' id='word_1_436' title='bbox 984 4015 1132 4090; x_wconf 87' lang='lat' dir='ltr'>novitate,</span> <span class='ocrx_word' id='word_1_437' title='bbox 1165 4017 1339 4094; x_wconf 88' lang='lat' dir='ltr'>praesertim</span> 
     </span>
     <span class='ocr_line' id='line_1_50' title="bbox 187 4087 839 4167; baseline 0.009 -24"><span class='ocrx_word' id='word_1_438' title='bbox 187 4087 270 4167; x_wconf 68' lang='lat' dir='ltr'>,quia</span> <span class='ocrx_word' id='word_1_439' title='bbox 291 4108 353 4148; x_wconf 91' lang='lat' dir='ltr'>non</span> <span class='ocrx_word' id='word_1_440' title='bbox 373 4101 486 4152; x_wconf 87' lang='lat' dir='ltr'>temere</span> <span class='ocrx_word' id='word_1_441' title='bbox 507 4091 563 4150; x_wconf 89' lang='lat' dir='ltr'>boc</span> <span class='ocrx_word' id='word_1_442' title='bbox 583 4089 651 4149; x_wconf 87' lang='lat' dir='ltr'>fieri</span> <span class='ocrx_word' id='word_1_443' title='bbox 670 4089 839 4149; x_wconf 87' lang='lat' dir='ltr'>coniiciunt</span> 
     </span>
    </p>

    <p class='ocr_par' dir='ltr' id='par_1_12' title="bbox 197 4166 1338 4394">
     <span class='ocr_line' id='line_1_51' title="bbox 231 4166 1338 4247; baseline 0.005 -23"><span class='ocrx_word' id='word_1_444' title='bbox 231 4241 233 4244; x_wconf 22' lang='grc' dir='ltr'>Ι</span> <span class='ocrx_word' id='word_1_445' title='bbox 276 4171 323 4240; x_wconf 74' lang='lat' dir='ltr'>(tt,</span> <span class='ocrx_word' id='word_1_446' title='bbox 362 4167 509 4242; x_wconf 76' lang='lat' dir='ltr'>Apertum</span> <span class='ocrx_word' id='word_1_447' title='bbox 526 4179 618 4225; x_wconf 80' lang='lat' dir='ltr'>estes</span> <span class='ocrx_word' id='word_1_448' title='bbox 637 4168 707 4224; x_wconf 75' lang='lat' dir='ltr'>etus.</span> <span class='ocrx_word' id='word_1_449' title='bbox 746 4166 830 4226; x_wconf 89' lang='lat' dir='ltr'>Dens</span> <span class='ocrx_word' id='word_1_450' title='bbox 850 4166 975 4227; x_wconf 87' lang='lat' dir='ltr'>natalem</span> <span class='ocrx_word' id='word_1_451' title='bbox 996 4167 1166 4247; x_wconf 86' lang='lat' dir='ltr'>Prophetae</span> <span class='ocrx_word' id='word_1_452' title='bbox 1187 4169 1231 4226; x_wconf 91' lang='lat' dir='ltr'>sui</span> <span class='ocrx_word' id='word_1_453' title='bbox 1252 4169 1338 4228; x_wconf 86' lang='lat' dir='ltr'>resti-</span> 
     </span>
     <span class='ocr_line' id='line_1_52' title="bbox 198 4240 1337 4322; baseline 0.004 -22"><span class='ocrx_word' id='word_1_454' title='bbox 198 4251 262 4300; x_wconf 90' lang='lat' dir='ltr'>tuta</span> <span class='ocrx_word' id='word_1_455' title='bbox 280 4242 356 4320; x_wconf 88' lang='lat' dir='ltr'>patri</span> <span class='ocrx_word' id='word_1_456' title='bbox 374 4241 473 4321; x_wconf 82' lang='lat' dir='ltr'>lingua</span> <span class='ocrx_word' id='word_1_457' title='bbox 486 4240 638 4302; x_wconf 88' lang='lat' dir='ltr'>nobilitat:</span> <span class='ocrx_word' id='word_1_458' title='bbox 658 4263 756 4322; x_wconf 90' lang='lat' dir='ltr'>neque</span> <span class='ocrx_word' id='word_1_459' title='bbox 778 4243 856 4303; x_wconf 89' lang='lat' dir='ltr'>enim</span> <span class='ocrx_word' id='word_1_460' title='bbox 869 4243 988 4304; x_wconf 92' lang='lat' dir='ltr'>dubium</span> <span class='ocrx_word' id='word_1_461' title='bbox 1002 4257 1056 4318; x_wconf 85' lang='lat' dir='ltr'>est,</span> <span class='ocrx_word' id='word_1_462' title='bbox 1098 4245 1147 4304; x_wconf 90' lang='lat' dir='ltr'>uin</span> <span class='ocrx_word' id='word_1_463' title='bbox 1160 4243 1337 4305; x_wconf 86' lang='lat' dir='ltr'>heneficium</span> 
     </span>
     <span class='ocr_line' id='line_1_53' title="bbox 197 4316 1336 4394; baseline 0.005 -18"><span class='ocrx_word' id='word_1_464' title='bbox 197 4316 256 4378; x_wconf 89' lang='lat' dir='ltr'>hoc</span> <span class='ocrx_word' id='word_1_465' title='bbox 275 4335 313 4380; x_wconf 88' lang='lat' dir='ltr'>eo</span> <span class='ocrx_word' id='word_1_466' title='bbox 333 4317 392 4378; x_wconf 85' lang='lat' dir='ltr'>fine</span> <span class='ocrx_word' id='word_1_467' title='bbox 413 4332 443 4380; x_wconf 91' lang='lat' dir='ltr'>et</span> <span class='ocrx_word' id='word_1_468' title='bbox 463 4317 587 4381; x_wconf 84' lang='lat' dir='ltr'>consilio</span> <span class='ocrx_word' id='word_1_469' title='bbox 607 4319 637 4377; x_wconf 89' lang='lat' dir='ltr'>in</span> <span class='ocrx_word' id='word_1_470' title='bbox 659 4317 737 4380; x_wconf 88' lang='lat' dir='ltr'>diem</span> <span class='ocrx_word' id='word_1_471' title='bbox 759 4319 842 4378; x_wconf 92' lang='lat' dir='ltr'>illum</span> <span class='ocrx_word' id='word_1_472' title='bbox 864 4319 1018 4394; x_wconf 87' lang='lat' dir='ltr'>distulerit,</span> <span class='ocrx_word' id='word_1_473' title='bbox 1038 4333 1070 4380; x_wconf 91' lang='lat' dir='ltr'>ut</span> <span class='ocrx_word' id='word_1_474' title='bbox 1110 4320 1242 4382; x_wconf 89' lang='lat' dir='ltr'>ominum</span> <span class='ocrx_word' id='word_1_475' title='bbox 1263 4344 1336 4382; x_wconf 90' lang='lat' dir='ltr'>ocu-</span> 
     </span>
    </p>
   </div>
   <div class='ocr_carea' id='block_1_9' title="bbox 155 4393 1337 4485">
    <p class='ocr_par' dir='ltr' id='par_1_13' title="bbox 155 4393 1337 4485">
     <span class='ocr_line' id='line_1_54' title="bbox 155 4393 1337 4485; baseline 0.006 -32"><span class='ocrx_word' id='word_1_476' title='bbox 155 4407 157 4416; x_wconf 85' lang='lat'>·</span> <span class='ocrx_word' id='word_1_477' title='bbox 197 4393 242 4455; x_wconf 87' lang='lat' dir='ltr'>los</span> <span class='ocrx_word' id='word_1_478' title='bbox 271 4395 304 4456; x_wconf 92' lang='lat' dir='ltr'>in</span> <span class='ocrx_word' id='word_1_479' title='bbox 330 4395 475 4464; x_wconf 87' lang='lat' dir='ltr'>loannem</span> <span class='ocrx_word' id='word_1_480' title='bbox 500 4407 697 4478; x_wconf 81' lang='lat' dir='ltr'>converteret</span> <span class='ocrx_word' id='word_1_481' title='bbox 746 4395 866 4456; x_wconf 85' lang='lat' dir='ltr'>Dicitur</span> <span class='ocrx_word' id='word_1_482' title='bbox 891 4396 1045 4458; x_wconf 89' lang='lat' dir='ltr'>Zacharias</span> <span class='ocrx_word' id='word_1_483' title='bbox 1069 4395 1202 4485; x_wconf 71' lang='lat' dir='ltr'>laudasse</span> <span class='ocrx_word' id='word_1_484' title='bbox 1226 4398 1337 4470; x_wconf 87' lang='lat' dir='ltr'>Deum,</span> 
     </span>
    </p>
   </div>
   <div class='ocr_carea' id='block_1_10' title="bbox 0 0 1388 4834">
    <p class='ocr_par' dir='ltr' id='par_1_14' title="bbox 0 0 1388 4834">
     <span class='ocr_line' id='line_1_55' title="bbox 0 0 1388 4834; baseline 0 4"><span class='ocrx_word' id='word_1_485' title='bbox 0 0 1388 4834; x_wconf 95' lang='lat' dir='ltr'> </span> 
     </span>
    </p>
   </div>
  </div>
 </body>
</html>
