2764 4846
565 229 674 292 vrrs.
842 189 846 210 '
893 179 899 200 ’
1100 249 1188 296 xrm

26 376 134 468 l5¹⁰3¹²
156 398 198 437 eo
213 381 377 468 eiusque
403 383 475 444 fidei
497 385 666 460 committo,
690 394 723 444 ut
743 403 809 461 eas
832 383 840 398 ⁰
873 382 991 458 liberis,
1011 405 1100 464 quum
1119 407 1210 456 ruo-1

25 467 113 526 netur,
143 467 317 518 restatuat.
366 459 422 520 Ab
449 460 554 522 eodem
579 462 669 522 fratre
696 472 726 521 et
744 459 832 520 haere
855 481 957 544 qmeo
978 460 1048 542 lego
1068 462 1186 524 scholae

24 531 111 610 puerili
138 531 259 596 decem
291 556 419 597 aureos
444 549 586 598 scutatos:
617 537 790 598 tantundem
809 537 989 618 pauperibus
1008 539 1186 619 peregrinis:

23 610 181 700 tantundem
212 613 356 690 pariter
382 613 526 675 Ioannae
544 613 648 676 Caroli
668 614 792 676 Costani
817 626 848 673 ct
871 613 966 674 affinis
992 635 1074 674 meae
1100 613 1186 675 filiae.

24 687 135 746 Samuele
156 707 242 750 vero
271 701 312 749 et
336 689 454 749 Ioanni
481 691 610 752 eiusdem
638 691 732 752 fratris
752 690 811 761 mei
832 689 898 750 filiis
923 691 1036 751 restitui
1056 690 1127 752 volo
1148 689 1186 750 ab

23 762 132 823 herede
152 785 247 840 meo,
271 788 383 846 quum
402 768 557 842 morietur,
578 770 781 852 quadragenos
800 788 904 828 aureos
918 779 1060 828 scutatos:
1080 768 1188 828 Annae

24 860 81 898 sero
98 853 129 901 et
148 840 339 904 susannae
369 853 402 903 et
420 844 610 920 Dorotbeae,
642 845 770 906 eiusdem
798 843 912 906 filiabus
931 865 1036 905 aureos
1055 855 1186 906 scutatos

25 917 152 1003 uicenos:
198 919 337 980 Davidi
366 919 502 1000 ipsorum
520 921 605 982 fratri
624 924 659 982 ad
679 933 780 982 uotam
806 919 933 982 levitatis
956 934 987 981 et
1006 920 1186 1002 petulantiae

26 995 145 1054 iuvenilis
180 1007 343 1057 scutatos
377 1016 484 1057 aureos
513 999 584 1078 quin
607 1020 642 1058 uc
674 1011 704 1060 et
733 997 849 1079 viginti.
898 999 980 1058 Haec
1006 1019 1115 1058 summa
1142 1007 1188 1057 cst

27 1072 141 1131 ennium
163 1071 389 1147 facultatum,
420 1094 490 1152 quas
508 1075 579 1135 mibi
629 1097 679 1136 eus
699 1075 730 1136 in
750 1075 836 1135 terris
856 1074 976 1157 largitus
1002 1086 1059 1148 est,
1091 1095 1188 1153 quan-

27 1157 74 1204 tun
90 1149 220 1238 quidem
241 1161 414 1212 autumare
432 1171 561 1230 possum,
581 1173 614 1212 ex
628 1151 827 1212 bibliothecae
839 1163 878 1214 tet
897 1151 1050 1212 mobilium
1070 1162 1101 1210 et
1119 1149 1187 1210 uni-

28 1225 90 1282 rersi
100 1228 318 1286 instrumenti
333 1225 499 1299 domestici,
516 1249 672 1307 rerumque
685 1249 719 1288 ac
732 1227 901 1288 facultatum
913 1249 1042 1290 mearum
1053 1227 1188 1286 omnuim

28 1302 244 1363 aestimatione.
296 1303 423 1378 Quodsi
444 1305 513 1382 quid
533 1305 613 1366 forte
633 1303 757 1384 amplius
776 1305 959 1384 reperiatur,
989 1303 1059 1366 volo
1079 1304 1110 1363 id
1151 1323 1186 1362 ro

28 1391 80 1436 rata
97 1379 154 1438 illis
178 1379 344 1440 omnibus
365 1377 464 1440 fratris
484 1383 543 1442 mei
562 1381 630 1442 filiis
650 1401 684 1440 ac
704 1379 818 1440 filiabus
838 1380 987 1454 distribui,
1006 1400 1104 1457 neque
1123 1325 1187 1439 lia-

29 1453 113 1514 ridem
137 1455 233 1516 illum
266 1456 417 1529 excludo,
448 1457 472 1524 si
495 1479 551 1539 pro
570 1456 631 1518 Dei
659 1455 841 1540 benignitate
867 1457 904 1516 ad
937 1456 1045 1516 bonam
1069 1455 1188 1536 frugem

31 1531 150 1597 redierit.
193 1533 271 1594 Sed
294 1533 322 1592 si
342 1533 415 1612 quid
435 1533 507 1608 erit,
531 1536 614 1614 quod
632 1533 859 1614 suprascriptam
883 1554 1024 1594 summam
1045 1543 1191 1606 excurret,

34 1609 113 1668 credo
134 1630 203 1670 non
229 1629 384 1690 magnum
405 1609 436 1670 in
458 1631 494 1670 eo
514 1612 668 1693 negotium
688 1609 835 1684 futurum,
860 1609 1034 1692 praesertim
1053 1606 1106 1667 ubi
1126 1606 1196 1668 aerii

34 1683 119 1744 alieno
150 1685 358 1746 satisfactum
391 1687 462 1762 erit,
492 1688 591 1748 cuius*
608 1688 651 1750 rei
682 1686 834 1770 negotium
864 1687 1023 1770 diligenter
1051 1683 1190 1744 mandavi

35 1761 120 1820 eidem
142 1763 245 1822 fratri
266 1783 352 1838 meo,
393 1763 474 1824 cuitu
500 1764 570 1825 lidei
595 1777 625 1824 et
645 1762 872 1826 benevolentiae
897 1763 1031 1824 confido:
1072 1761 1187 1842 quade

34 1859 107 1898 eausa
127 1839 226 1900 illum
250 1860 319 1900 csse
338 1837 410 1900 volo
430 1861 464 1900 ac
482 1853 579 1901 statuo
600 1841 684 1902 buius
699 1841 757 1900 mei
769 1841 938 1902 testamenti
952 1849 1189 1931 exsequutorem,

33 1935 143 1994 unaque
164 1939 246 1978 cnm
266 1916 336 1996 ipso
356 1927 522 1996 spectatum
546 1917 639 1978 virum
660 1917 850 1978 Laurentium
870 1918 1099 1988 Normandrum,
1128 1935 1186 2006 po-

34 2003 164 2054 testatem
185 1993 256 2053 illis
277 1993 455 2072 permittens
474 1993 652 2056 conficiendi
672 1994 820 2055 bonorum
839 2015 974 2056 meorum
990 1993 1188 2062 inventarium

35 2069 91 2128 sine
110 2069 313 2130 accuratiore
335 2069 449 2130 lorensi
469 2071 622 2153 diligentia
648 2091 681 2132 ac
700 2069 904 2132 sollennitate:
938 2070 1077 2150 permitto
1098 2067 1189 2129 etiam
1214 2075 1218 2084 '

35 2145 98 2224 ipsis
116 2148 263 2207 uendere
289 2166 357 2204 mea
381 2145 519 2220 mobilia,
550 2159 583 2207 ut
607 2168 642 2208 ex
666 2147 791 2241 pgcunia
817 2149 935 2208 redacta
959 2145 1105 2237 suprascri
1129 2155 1187 2204 tam

38 2244 127 2282 neam
144 2208 346 2284 volunt'atem
366 2244 433 2284 exse
454 2236 578 2300 uantur,
599 2246 683 2304 quam
705 2225 826 2304 exposui
847 2237 877 2284 ct
895 2224 1002 2300 dictavi
1021 2223 1079 2282 boc
1148 2221 1187 2280 V.

39 2300 142 2378 aprilis
164 2301 240 2376 die,
260 2298 353 2360 Anno
373 2244 543 2360 MDleV.
581 2301 779 2392 Posteaquam
799 2313 896 2362 autem
920 2321 978 2392 ego
1003 2298 1187 2378 supradictus
1291 2309 1295 2316 '

40 2377 170 2436 mutim
206 2375 345 2456 superius
376 2387 581 2438 testamentum
611 2378 729 2456 scripsi,
768 2377 912 2438 continuo
942 2378 1020 2436 rdem
1046 2373 1187 2435 Calvinus

40 2453 140 2514 usitata
160 2451 285 2514 subscri
308 2451 393 2513 tione
412 2475 462 2514 sua
483 2465 514 2513 et
533 2453 731 2536 chirographo
752 2453 825 2513 illud
845 2453 1038 2514 confirmavit.
1058 2451 1186 2512 Postero

44 2529 97 2604 die,
116 2532 171 2611 qui
195 2529 255 2588 fuit
331 2531 384 2594 Vl.
404 2531 515 2610 Aprilis
534 2529 661 2590 eiusdem
682 2528 768 2603 anni,
788 2528 864 2588 idem
883 2539 1030 2608 spectatus
1049 2527 1095 2586 vir
1116 2525 1187 2585 cat-
1249 2540 1252 2550 '

44 2607 121 2668 rinus
144 2628 196 2668 rue
217 2607 256 2666 ad
276 2627 308 2668 se
328 2607 431 2666 vocari
449 2605 558 2680 iussit,
579 2626 696 2685 unaque
720 2625 836 2664 mecum
856 2603 1048 2664 Theodorum
1068 2602 1189 2677 Bezam,

46 2683 254 2764 llayrnundom
277 2681 448 2758 Calveturn,
479 2683 655 2744 Michaelem
675 2679 810 2762 Copum,
838 2679 1022 2742 Ludovicum
1041 2677 1208 2753 Enocum,'

46 2761 200 2821 Nicolaum
222 2757 442 2833 Celadonium,
466 2759 608 2820 Iacobum
628 2758 820 2834 Bordesium,
843 2757 994 2818 ministros
1014 2769 1044 2817 ct
1063 2751 1187 2816 concio-

48 2849 166 2898 natores
187 2837 274 2897 verbi
294 2835 420 2896 Domini
439 2837 471 2896 in
492 2837 546 2896 hac
566 2837 689 2898 ecclesia
704 2835 896 2910 Genevcnsi,
920 2835 1050 2915 itemque
1070 2843 1187 2914 specta-

50 2925 108 2973 tum
127 2913 223 2974 virum
245 2913 632 3000 llcnricumlScrirngerum
651 2913 849 2993 professorem
869 2911 991 2987 artium,
1024 2911 1100 2972 cives
1122 2907 1187 2968 Ge·
1268 2949 1274 2958 -

52 3011 201 3066 naenses,
223 3003 367 3051 etcoram
387 2989 421 3050 iis
442 2991 577 3052 omnibus
597 2991 746 3071 professus
766 3001 940 3050 setestatus
960 2999 1013 3064 est,
1032 3007 1096 3049 sese
1116 2983 1189 3048 mibi

49 3077 256 3128 testamentum
283 3065 357 3126 illud
381 3089 464 3128 suum
490 3089 523 3129 ea
548 3067 659 3142 forma,
698 3087 754 3146 qua
786 3087 874 3146 supra
904 3065 1105 3145 conscriptum
1133 3073 1190 3137 est,

52 3145 183 3216 dictasse,
201 3144 350 3223 simulque
371 3163 418 3204 me
437 3144 529 3224 iussit,
547 3142 618 3209 illud
638 3143 706 3226 ipsis
723 3142 920 3217 audientibus,
939 3153 969 3202 et
989 3161 1023 3201 ea
1043 3141 1080 3202 de
1101 3159 1188 3201 causa

52 3221 195 3282 advomtis
215 3219 362 3296 recitare,
389 3221 468 3298 quod
487 3241 535 3282 me
556 3221 633 3280 clara
652 3241 727 3281 voce
748 3230 779 3280 et
797 3219 950 3280 articulate
970 3217 1074 3278 fecisse
1094 3215 1188 3298 proli«

54 3307 132 3358 teor:
183 3307 232 3357 ost
252 3317 340 3376 quam
362 3297 567 3358 recitationem
587 3307 707 3358 testatus
721 3308 773 3356 est
790 3317 825 3356 ac
844 3296 1009 3376 professus,
1039 3312 1187 3354 ramesse

56 3394 128 3434 suam
180 3375 281 3434 timam
300 3372 500 3448 voluntatem,
532 3395 618 3454 quam
643 3386 736 3434 ratam
761 3393 824 3433 esse
845 3373 960 3454 cupiat,
990 3371 1021 3432 in
1041 3369 1123 3432 cuius
1142 3367 1188 3430 rei
1288 3401 1290 3406 .

55 3451 248 3512 testimonium
272 3461 304 3510 et
329 3449 583 3512 confirmationem
607 3450 694 3532 petiit
717 3449 754 3510 ab
775 3449 832 3510 illis
852 3447 1003 3525 omnibus,
1030 3459 1065 3510 art
1092 3447 1189 3510 eidem

55 3537 226 3589 testamento
246 3548 339 3587 manu
357 3547 409 3586 sua
426 3527 656 3600 subscriberent,
679 3526 760 3606 qnod
780 3526 922 3588 continuo
943 3519 980 3584 ab
1001 3525 1056 3585 illis
1077 3524 1188 3602 factum

57 3617 95 3664 cst
112 3618 192 3666 anno
212 3616 247 3664 et
262 3623 367 3664 mense
386 3606 588 3684 suprascriptis
609 3605 748 3664 Geuevae
768 3603 799 3662 iu
824 3603 889 3664 vico
909 3602 1001 3692 vulgo
1026 3603 1110 3663 dicto*
1127 3597 1187 3660 Ca·

56 3683 237 3756 nonicorum,
258 3693 290 3741 et
310 3681 343 3740 in
363 3680 492 3740 eiusdem
511 3681 659 3742 testatoris
679 3679 839 3741 domicilio.
877 3679 914 3738 ln
935 3701 1015 3740 curus
1034 3679 1078 3739 rei
1099 3675 1188 3737 fidem

59 3770 85 3816 et
106 3759 308 3820 testimoniium
334 3755 531 3837 supradictum
556 3769 763 3818 testamentum
792 3755 911 3835 scripsi,
951 3768 981 3818 et
1004 3775 1093 3814 maan
1121 3771 1188 3812 mea

56 3835 245 3916 subscriptum
266 3835 377 3895 usitato
397 3831 495 3916 sigillo
516 3835 646 3915 supremi
666 3833 853 3917 Magistratus
872 3831 967 3894 nostri
986 3829 1149 3913 obsignavi.

296 4011 303 4042 t
732 3987 864 4049 Petrus
885 3983 1111 4046 Glrsnslotus.
1135 3977 1143 4034 l
1245 3985 1250 4004 ⁸

124 4143 193 4202 ldoc
215 4139 341 4204 condito
361 4153 536 4203 testamento
556 4143 643 4218 misit,
663 4143 860 4222 quitquatnor
870 4140 1007 4221 Syndicis
1018 4137 1189 4216 cunctisque

57 4218 248 4279 senatoribus
270 4218 619 4299 significarent,-cupere
639 4241 686 4292 se,
718 4230 875 4300 antequam
892 4239 913 4276 e
933 4217 1005 4278 vivis
1025 4215 1190 4288 excederet,

58 4297 145 4356 adbuc
165 4296 261 4356 semel
282 4315 335 4356 eos
356 4317 457 4356 omnes
478 4297 508 4354 in
529 4298 608 4358 curia
629 4297 823 4376 compellare,
843 4314 903 4374 quo
923 4290 1064 4372 postridie
1084 4310 1114 4352 se
1135 4293 1188 4350 de-

57 4375 235 4454 portandam
254 4384 395 4452 speraret.
433 4373 663 4452 Responderunt
682 4377 859 4445 Senatores,
877 4399 881 4410 ⁴
896 4391 927 4431 se
948 4370 1045 4450 potius
1064 4368 1101 4430 ad
1121 4389 1190 4428 eum

407 4530 416 4558 t
