2764 4854
176 225 235 288 tw
316 213 432 278 SECT.
452 215 515 276 XL
555 229 688 278 cunisri
707 229 936 278 nusunnscsio
957 231 999 277 es
1020 231 1197 282 meursio.

178 371 323 439 extollunt
342 367 449 432 divinis
466 369 622 445 encomiis,
651 369 696 432 vis
722 369 851 432 decimus
871 370 995 452 quisque
1015 371 1142 453 gra'tiam
1161 383 1262 434 morte
1281 373 1339 434 eius

180 449 269 516 nuliis
288 447 405 510 allatam
425 445 546 528 cogitat.

255 533 304 592 27.
326 524 369 584 Ei
386 543 509 584 enormis
527 545 548 582 o
566 521 664 584 Mos.
701 523 803 584 Docet
821 523 869 584 hic
889 521 972 583 locus
1002 523 1157 603 quomodo
1178 525 1342 604 perilian-

202 605 290 667 elium
311 600 444 664 Christus
470 597 557 691 nohis
598 545 711 675 atehat,
740 621 848 681 nempe
875 598 943 659 dum
989 620 1044 682 ege
1069 611 1100 660 et
1120 601 1283 736 Prophet'u
1306 599 1341 660 il-

179 627 320 744 lucratur
339 678 400 738 eius
418 686 534 738 notitia.
587 697 654 737 enio
675 677 753 737 enim
773 697 900 768 unquam
911 677 1004 759 magis
1025 677 1129 737 dexter
1148 699 1189 736 ve
1220 677 1342 738 idoneus

179 755 334 840 Evangelii
354 755 461 814 doctor
479 752 535 812 fuit
575 774 639 813 uam
659 753 806 814 Dominus
830 774 909 833 ipse,
938 773 1027 832 quein
1050 753 1188 814 ridemus
1208 773 1244 813 ex
1263 755 1342 837 Lege

181 849 212 898 et
231 831 389 913 Prophetis
407 774 705 892 mutuari'doctrinac
725 851 794 891 suae
810 829 1028 910 probationem.
1066 829 1100 889 Si
1121 830 1191 909 quis
1212 833 1275 891 exei
1297 833 1343 902 iat,

165 911 198 974 'a
217 907 388 972 rudimentis
408 905 495 966 fuisse
516 926 666 982 exorsum,
685 919 719 967 ut
737 906 877 988 paulatim
897 905 1043 986 discipuli,
1061 906 1228 986 Prophetis
1247 855 1343 968 valere

181 988 274 1061 iussis,
293 984 503 1066 adperfectum
514 983 706 1064 Evangelium
717 984 885 1060 transirent,
903 983 992 1044 facile
1012 982 1162 1044 refellitur
1183 985 1244 1044 hoe
1264 1006 1342 1045 eoni-

180 1075 324 1128 mentum:
345 1060 412 1142 quia
432 1069 535 1140 postea
556 1060 678 1134 dicetur,
696 1059 833 1122 omnihus
843 1059 995 1152 Apostolls
1011 1071 1146 1140 apertam
1158 1058 1253 1120 luisse
1263 1081 1343 1120 nieo-

179 1159 257 1218 tem,
281 1160 343 1199 non
363 1147 396 1196 nt
414 1147 552 1216 saperent
570 1136 680 1227 absque
698 1136 788 1230 Legis
805 1137 951 1212 subsidio,
975 1137 1028 1198 sed
1047 1147 1081 1195 ut
1099 1135 1277 1216 Scripturas
1301 1138 1344 1196 in-

179 1219 360 1300 telligerent.
399 1213 502 1288 Quare
521 1223 553 1272 ut
572 1212 659 1272 nobis
679 1213 768 1274 hodie
789 1213 924 1274 Christus
944 1233 999 1304 per
1016 1211 1219 1296 Evangelium
1240 1225 1344 1294 pateat,

181 1301 287 1361 Mosen
307 1302 338 1352 et
350 1288 515 1370 Prophetas
526 1299 666 1378 ququam
683 1289 927 1352 anteambulones
945 1311 977 1350 ui
995 1289 1126 1350 inedium
1147 1291 1276 1370 prodire
1295 1311 1344 1350 ne·

179 1391 260 1440 cesse
280 1381 333 1430 est.
372 1366 464 1441 Quod
489 1365 557 1426 ideo
585 1366 728 1427 monendi
751 1378 820 1427 suut
844 1367 987 1441 lectores,
1016 1385 1055 1426 ne
1079 1366 1223 1428 fanaticis
1249 1388 1343 1428 aurem

180 1447 354 1536 praebeant,
394 1441 424 1502 ui
444 1441 555 1524 Legem
576 1453 606 1502 et
624 1443 789 1524 Prophetas
807 1463 860 1524 sup
884 1443 1018 1504 rimendo
1033 1443 1118 1502 Esau
1142 1442 1239 1504 elium
1260 1445 1343 1524 impie

181 1524 326 1591 mutilant.
366 1465 459 1597 (lusci
478 1538 550 1579 vero
569 1519 674 1580 inutile
694 1539 756 1581 csse
775 1519 847 1580 velit
897 1540 962 1594 eus,
987 1519 1108 1602 quicqui
1156 1541 1293 1602 unquam
1311 1522 1342 1580 de

181 1605 259 1666 Filio
279 1608 474 1690 snotestotus
494 1608 547 1656 est.
618 1615 658 1656 uo
679 1607 775 1688 autem
794 1597 885 1688 modo
905 1597 942 1657 ad
955 1594 1107 1658 Christum
1126 1599 1262 1676 aptanda
1280 1600 1341 1670 sint,

146 1825 151 1836 ,
180 1672 584 1838 tttittttstltttt
600 1673 1341 1826 itttthtttttltttttittt‘ttt

182 1832 332 1895 Christum
357 1829 447 1887 finem
466 1824 564 1908 Legis.
601 1826 677 1886 Nam
701 1838 734 1886 ut
758 1825 884 1888 obscure
904 1837 935 1888 et
953 1825 1059 1907 procul
1078 1843 1148 1886 eum
1170 1829 1272 1890 Moses
1295 1827 1340 1886 ad-

181 1908 300 1970 umbret
316 1903 409 1994 magis
429 1921 515 1981 quam
535 1921 569 1961 ex
590 1901 691 1976 rimat,
729 1903 788 1963 hoc
807 1903 926 1984 quidem
950 1915 1029 1964 eitra
1050 1905 1291 1966 controversiam
1309 1903 1341 1962 li-

181 1996 268 2076 qnet,
292 1979 349 2041 nisi
367 1999 399 2038 iu
417 1996 529 2060 genere
548 1921 684 2114 Alirahate
705 1980 945 2116 epiiueattunum
961 1991 1067 2116 capudt,
1086 1979 1143 2040 sub
1166 2002 1229 2061 quo
1244 2003 1340 2116 popu-

180 2063 276 2200 tit
295 2077 402 2196 isit
420 2071 1339 2224 ,ffsisrseesssmrms

183 2215 280 2276 culum
301 2223 332 2272 et
349 2227 531 2270 ceremonias
550 2207 671 2268 formari
681 2209 768 2280 Deus
775 2210 891 2272 iusserit
909 2211 946 2271 ad
965 2209 1097 2271 coeleste
1118 2211 1270 2292 emptu,
1287 2231 1338 2270 se-

48 2293 53 2316 ¹
183 2292 292 2373 quitur,
311 2285 451 2369 sacrificia
472 2296 502 2344 et
521 2303 624 2345 omnes
644 2286 747 2367 templi
767 2287 850 2363 ritus,
870 2286 926 2347 nisi
945 2286 1065 2348 aliunde
1086 2307 1140 2348 sua
1159 2287 1212 2348 illis
1222 2297 1340 2348 constet

181 2363 435 2440 verissimum
456 2370 487 2421 et
504 2360 719 2422 infructuosum
737 2362 803 2423 fore
823 2363 933 2425 ludum.
956 2365 997 2424 At
1019 2383 1055 2423 ue
1076 2364 1138 2424 hoc
1180 2366 1279 2426 uidem
1294 2385 1340 2426 sr-

143 2419 145 2445 ⁴
181 2454 353 2528 gementum
374 2437 506 2519 pluribus
527 2437 652 2528 explieat
670 2438 832 2519 Apostolus
858 2440 889 2500 in
909 2383 1043 2522 Epistdla
1062 2441 1102 2521 ad
1121 2441 1174 2502 He
1195 2463 1283 2504 raeos
1299 2447 1340 2520 (9,

180 2523 241 2598 1.):
260 2529 378 2599 sumpto
397 2513 476 2575 enini
495 2514 549 2576 illo
569 2513 727 2596 principio,
745 2516 874 2578 visibiles
892 2517 982 2601 Legis
1000 2519 1190 2580 ceremonias
1209 2519 1342 2600 spiritus-

181 2598 253 2658 lium
272 2615 371 2656 rerum
390 2589 507 2652 umhrss
527 2610 607 2665 esse,
625 2591 656 2650 in
674 2603 742 2654 toto
762 2591 852 2678 legali
869 2593 1054 2669 sacerdotio,
1072 2595 1107 2654 iu
1124 2596 1342 2670 secuudum

182 2676 279 2735 lorma
297 2667 455 2733 sanctuarii
467 2667 616 2729 Christum
631 2669 831 2748 quaerendum
847 2690 910 2732 esse
930 2671 1027 2732 docet.
1064 2671 1244 2734 Prudenter
1263 2675 1343 2734 etium

182 2747 292 2811 alicubi
312 2747 423 2831 divinst
440 2745 586 2818 Bucerus,
617 2745 648 2804 in
668 2743 718 2806 itti
738 2745 917 2839 obscuritate
936 2757 1045 2808 certain
1064 2749 1251 2812 methodum
1270 2753 1343 2813 Scri-

181 2839 286 2964 t‘t‘t
298 2822 489 2962 iiihiiiii
504 2819 1212 2983 stitit?&uuthtftttdiht
1220 2829 1344 2967 Ἠ

181 2979 254 3061 plici
272 2978 389 3040 ratione
409 2986 567 3038 contentus
585 2995 659 3048 suni,
678 2995 754 3053 quae
774 2977 879 3056 passim
899 2977 976 3058 apud
987 2997 1092 3038 omnes
1103 2979 1278 3118 Prolphffl
1295 3003 1344 3043 α.

121 3126 127 3151 ··
183 3064 300 3212 {iiiii}
321 3052 1344 3220 {titulttgt'ss‘t‘,tlttttlsstt.t”tt'ttt²t‘i...“tt‘tt

182 3207 275 3297 trihus
295 3215 447 3285 percussit,
466 3204 631 3294 illediatore
651 3203 740 3266 fuisse
759 3205 926 3268 subnixum:
948 3207 1173 3298 sanctuarium,
1192 3233 1260 3292 quo
1271 3217 1347 3276 Dein

181 3295 296 3422 gratiae
316 3301 384 3374 suae
403 3292 598 3371 praesentiam
619 3291 747 3374 testatus·
760 3293 819 3372 est,
843 3283 985 3376 sanguine
1004 3283 1096 3376 fuisse
1122 3305 1347 3384 consecratum:

209 3379 294 3452 egem
318 3378 410 3440 ipsam
437 3378 503 3418 cuni
528 3378 586 3417 suis
613 3360 857 3449 promissionibus
880 3381 1030 3442 sanguinis
1054 3383 1240 3443 aspersione
1264 3370 1349 3430 taius

181 3449 335 3528 saucium:
365 3443 456 3526 unuln
473 3433 657 3526 sacerdotem
677 3435 764 3497 smsse
784 3457 818 3496 ex
832 3446 903 3527 toto
923 3437 1037 3518 populo
1056 3437 1212 3518 electum,
1252 3447 1304 3528 qni
1322 3465 1351 3505 se

183 3535 314 3606 omnium
333 3527 455 3572 nomine
475 3531 507 3570 in
525 3510 586 3571 Dei
605 3523 797 3601 conspectum
816 3525 946 3587 sisteret,
965 3535 1027 3575 noii
1047 3527 1082 3607 nt
1100 3537 1182 3608 unns
1204 3523 1349 3604 quispim

180 3587 1263 3736 ttffitttstthtthttitillitlhtsttttttttt:'tt‘
1276 3622 1352 3736 tt:

183 3769 199 3807 a
222 3745 315 3828 prinie
335 3742 452 3826 insigne
464 3751 517 3832 ’est‘
534 3740 703 3832 vaticinium
728 3742 765 3803 de
784 3709 869 3825 regni
889 3745 1089 3836 perpetuitate
1109 3747 1145 3838 iii
1164 3752 1249 3812 trihu
1268 3753 1352 3846 lude

94 3935 98 3956 .
180 3819 1267 4035 ..sirpestitussthimlimltt‘tee
1288 3853 1353 3988 st

181 3997 246 4037 non
265 3975 324 4036 aliu
362 3984 527 4078 ipiunctum
546 3970 603 4032 rllis
623 3983 687 4032 erat
695 3994 810 4064 munus,
829 3995 885 4032 nisi
903 3985 946 4066 ut·
956 3974 1087 4036 foederis
1107 3984 1296 4073 hiemps-im
1308 4006 1351 4044 η.
1371 4037 1372 4044 ¹

181 4061 337 4145 novarent,
352 4051 462 4142 'clarius
481 4047 673 4110 ostenderent
691 4048 871 4142 spiritualem
886 4050 947 4112 Des
966 4049 1089 4129 cultrum,
1109 4055 1258 4152 fidncigip
1279 4063 1352 4152 3²¹⁰?

181 4140 220 4189 tis
238 4128 446 4189 inMediatore
465 4125 634 4200 fundarent,
653 4124 757 4188 clarius
779 4137 865 4188 etiam
885 4127 1080 4190 ostenderent
1090 4137 1354 4199 reconcilationis

181 4205 312 4294 ¹¹.¹.⁰d¹¹.¹¹¹·
351 4201 508 4296 Caeterum
528 4203 596 4283 quia
606 4202 675 4263 Deo
695 4202 855 4284 placuerat,
874 4204 992 4298 plenarii
1010 4206 1238 4302 revelatiopem
1260 4215 1295 4275 iii
1308 4216 1353 4274 it

183 4279 216 4341 lii
234 4301 279 4341 sui
297 4281 454 4341 adventum
475 4279 606 4356 differre,
625 4299 688 4338 non
707 4301 884 4362 supervacua
904 4280 961 4342 fui
977 4293 1205 4372 interpretatio.

257 4359 305 4421 28
343 4355 385 4416 Ec
402 4360 705 4439 eppwpinquemeiwit
721 4355 847 4422 casulis.
892 4357 956 4422 Cur
978 4357 1068 4420 itmn
1089 4361 1195 4426 locum
1217 4365 1355 4432 divinent
