2778 4838
351 261 432 341 (137.
470 259 602 342 Populus
619 253 958 342 miraculose'qibatus.)
1040 273 1045 284 ·
1196 261 1237 326 95

64 421 154 486 suis:
180 411 334 506 discipuli
361 437 442 482 vcro
463 415 589 486 turbae.
650 416 702 484 37.
737 411 1028 502 Comcderuutque
1050 423 1177 492 omnes,
1205 425 1239 482 et

65 522 204 588 saturati
236 529 326 586 suut:
369 529 403 586 et
428 519 635 594 [sustulerunt
663 519 752 608 quod
780 527 949 604 supererat
978 507 1237 614 fragmentorum,

66 635 203 710 septem
222 622 384 709 sportulas
413 623 558 712 plenas·
590 625 641 690 38.
676 624 745 710 Qui
771 645 851 690 vero
880 621 1104 701 comederant,
1147 630 1238 686 eraut

67 739 212 815 quatuor
237 725 339 791 millia
365 729 509 794 virorum
536 737 665 815 praeter
686 726 839 796 mulieres
867 737 900 792 et
919 724 1083 814 parrulos.
1123 724 1174 790 39.
1195 725 1238 789 Et

67 831 209 898 dimissis
230 829 334 896 turbis
362 832 553 912 conscendit
578 834 699 912 navim,
731 833 886 920 venitque
912 833 947 896 in
968 817 1237 914 fines'Magdala.

152 964 295 1034 Marte.
322 965 393 1031 Vll.
435 965 485 1032 31.
513 965 556 1032 Et
582 975 692 1034 rursus
719 987 865 1054 egressus
893 963 915 1031 e‘
937 959 1060 1034 linibus
1087 963 1172 1050 Tyri
1205 972 1239 1030 et

67 1070 219 1150 Sidonis,
237 1069 329 1136 venit
350 1067 392 1133 ad
413 1089 501 1134 mare
524 1067 694 1138 Galilaeae
714 1095 775 1158 per
794 1069 921 1138 medios
940 1069 1026 1136 fines
1046 1065 1236 1154 Decapolis.

64 1176 119 1240 32
148 1173 192 1238 Et
220 1171 385 1240 adducunt
415 1175 445 1268 ei
466 1171 598 1252 surdum
619 1171 814 1261 linguaeque
835 1173 1025 1262 impeditae,
1061 1191 1098 1236 ac
1119 1169 1238 1256 depre-

67 1288 183 1344 cantur
210 1297 299 1366 eum,
341 1283 377 1340 ut
402 1272 547 1363 imponat
573 1273 622 1340 illi
648 1297 787 1367 manum.
828 1277 880 1344 33.
912 1277 956 1343 Et
991 1294 1089 1364 quum
1123 1291 1237 1356 appre-

67 1381 238 1447 hendisset
258 1377 350 1445 illum
372 1378 414 1446 de
442 1377 535 1444 tu'rba
557 1395 720 1456 seorsum,
758 1380 844 1444 misit
873 1379 991 1466 digitos
1018 1395 1095 1444 suos
1118 1376 1154 1440 iu
1182 1393 1238 1438 au·
1273 1440 1277 1446 ,

65 1483 188 1550 riculas
211 1485 295 1562 eius,
328 1491 361 1548 et
389 1502 547 1570 exspuens
568 1483 671 1568 tetigit
696 1479 838 1566 linguam
860 1484 938 1548 eius.
980 1480 1032 1546 34.
1063 1477 1112 1544 Ac
1132 1480 1237 1564 suspi-

67 1591 161 1654 ciens
180 1588 216 1652 iu
241 1584 368 1652 coelum
395 1590 563 1672 ingemuit,
604 1596 637 1652 et
663 1587 708 1651 ait
734 1583 799 1664 illi,
839 1581 1027 1670 prphata,
1091 1580 1159 1648 uod
1181 1590 1237 1657 est,

66 1693 207 1779 aperire.
266 1690 317 1756 35.
350 1689 393 1754 Et
418 1690 522 1754 statim
550 1677 681 1776 apertale
707 1697 783 1756 sunt
803 1689 873 1754 eius
902 1679 1009 1768 aures,
1043 1605 1090 1752 e?
1095 1684 1236 1764 solutum

67 1805 117 1860 est
144 1791 309 1876 vinculum
336 1791 467 1878 liuguae
494 1794 577 1872 eius,
620 1817 659 1860 ao
689 1789 889 1881 loquebatur
918 1801 1017 1857 recte.
1062 1790 1115 1856 36.
1141 1790 1237 1855 Tunc

65 1897 236 1982 praecepit
256 1893 337 1974 illis,
372 1899 488 1962 nocui
510 1895 670 1978 dicerent,
704 1897 765 1964 sed
786 1918 852 1984 quo
874 1897 973 1984 magis
993 1893 1051 1964 ille
1075 1896 1122 1960 eis
1143 1913 1237 1980 prae-

67 2009 216 2087 ceperat,
243 2009 334 2065 tento
355 2001 454 2086 magis
475 2000 723 2087 praedicabant:
763 2002 815 2068 37.
836 1999 878 2066 Et
899 1997 1149 2086 supramodum
1171 2009 1237 2094 stu-

64 2103 206 2190 pebant,
227 2099 387 2181 dicentes,
407 2103 500 2170 Bene
522 2108 630 2178 omnia
651 2105 742 2184 lecit,
764 2115 797 2170 et
817 2103 934 2170 surdos
955 2102 1034 2168 lacit
1053 2103 1183 2181 audire,
1203 2112 1235 2166 et

65 2215 176 2272 mutos
203 2203 304 2292 loqui.
367 2203 452 2273 Vlll.
496 2212 524 2274 1.
551 2195 734 2278 andiabus
761 2205 843 2286 illis,
885 2228 983 2294 quum
1005 2203 1100 2270 turba
1124 2204 1235 2271 admo·
1339 2223 1345 2235 ¹

65 2307 146 2376 dum
166 2307 268 2374 multa
290 2318 388 2387 esset,
421 2331 484 2376 nec
504 2309 665 2377 baberent
692 2307 782 2396 quod
802 2308 1049 2386 manducarent,
1078 2309 1237 2374 arcessitis

67 2411 110 2478 ad
133 2433 170 2478 so
191 2414 281 2478 lesus
308 2411 475 2499 discipulis
502 2417 586 2494 suis,
629 2410 708 2476 dixit
735 2409 815 2491 illis,
857 2413 887 2477 2.
913 2410 1142 2477 Misericordia
1166 2421 1236 2479 tan-

67 2537 130 2598 gor
151 2537 226 2602 erga
249 2515 390 2594 turbam,
421 2519 495 2603 quia
516 2518 579 2582 iam
607 2513 716 2580 triduo
737 2525 869 2609 manent
889 2511 976 2600 apud
999 2533 1067 2592 me,
1096 2535 1160 2578 uec
1179 2514 1236 2578 ho·
1325 2589 1336 2619 Ι

64 2615 148 2684 bont
178 2620 268 2706 quod
295 2620 400 2686 edant.
441 2621 472 2686 3.
504 2619 601 2685 Etsi
628 2615 781 2684 dimisero
808 2637 866 2684 eos
893 2617 1022 2690 ieiunos
1048 2619 1083 2681 in
1104 2615 1235 2684 domum

63 2741 171 2798 suam,
205 2720 359 2790 deficient
380 2727 415 2790 iu
436 2726 505 2789 via:
544 2720 674 2811 quidam
696 2721 781 2786 enim
810 2742 848 2786 er
870 2722 917 2786 eis
939 2740 958 2785 e
978 2716 1159 2807 longinquo
1180 2741 1236 2786 re-

62 2834 194 2890 ncruut.
235 2827 265 2891 4.
291 2827 333 2894 Et
353 2826 594 2914 responderunt
616 2827 648 2890 ei
668 2821 820 2911 discipuli
840 2827 905 2904 sui,
938 2822 1037 2890 Unde
1062 2827 1142 2891 istos
1163 2826 1235 2912 quis

64 2930 188 3010 poterit
213 2927 265 2996 bic
290 2935 407 2998 satiare
434 2929 576 3018 panibus
603 2932 638 2994 in
658 2925 867 2994 solitudinei'
896 2929 926 2994 5.
954 2929 997 2994 Et
1024 2930 1236 3016 interrogavit

67 3048 140 3106 ⁴2⁰⁸,
164 3029 253 3110 Quot
273 3057 375 3121 panes
397 3034 545 3105 habetis?
587 3030 641 3098 llli
661 3053 741 3098 vero
764 3032 930 3110 dixerunt,
956 3029 1100 3119 Seplem.
1140 3037 1171 3097 6.
1192 3033 1234 3097 Et

66 3135 234 3218 praecepit
255 3137 368 3204 turbae
392 3135 595 3211 discumbere
617 3156 716 3221 super
737 3145 869 3214 terram,
895 3147 928 3201 et
948 3140 1089 3220 acceptis
1109 3146 1233 3222 septem
1335 3171 1343 3185 κ

65 3233 222 3320 panibus,
243 3259 340 3323 quum
361 3243 479 3326 gratias
502 3242 634 3324 egisset,
656 3239 766 3323 lregit,
792 3239 948 3324 deditque
971 3236 1137 3324 discipulis
1158 3240 1232 3320 suis,

65 3349 101 3403 ut
123 3352 342 3426 apponerent,
370 3351 402 3407 et
429 3351 650 3427 apposuerunt
672 3338 796 3406 turbae.
840 3342 868 3406 7.
889 3341 931 3406 Et
952 3339 1119 3406 habebant
1138 3343 1234 3426 pisci·

66 3439 160 3508 culos
185 3463 325 3525 paucos:
366 3454 398 3508 et
426 3465 525 3530 quum
552 3441 789 3522 benedixisset,
827 3445 919 3508 iussit
954 3446 1075 3531 apponi
1105 3443 1230 3515 ethos.

64 3545 93 3611 8.
115 3543 343 3612 Comederuut
365 3555 485 3624 autem,
528 3557 560 3611 et
586 3547 719 3610 saturati
739 3557 830 3614 suut:
872 3567 910 3611 ac
928 3545 1126 3612 sustulerunt
1147 3565 1231 3632 quae

63 3649 292 3736 superfuerant
311 3647 575 3734 fragmentorum,
609 3659 731 3736 septem
751 3659 887 3736 sportas.
929 3651 959 3714 9.
985 3649 1087 3716 Erant
1117 3658 1231 3734 autem,

65 3755 121 3836 qui
143 3749 362 3831 comederant,
384 3753 512 3816 circiter
532 3762 672 3838 quatuor
692 3751 809 3819 millia:
831 3765 863 3820 et
884 3746 1003 3820 dimisit
1013 3752 1097 3818 illos.
1128 3751 1178 3816 10.
1189 3751 1231 3817 Et
1260 3791 1266 3802 ·

63 3875 138 3920 mox
159 3857 321 3940 ingressus
341 3858 449 3922 navim
474 3845 546 3921 cu'm
568 3853 734 3943 discipulis
761 3859 827 3924 suis
852 3861 942 3924 veuit
967 3858 1001 3922 in
1022 3863 1129 3943 partes
1150 3851 1230 3918 Dal·

63 3957 229 4024 manutba.
764 4015 767 4022 ,

136 4087 243 4151 Mattb.
268 4095 315 4157 29.
360 4089 520 4168 Digressum
545 4075 627 4156 litem
641 4091 743 4164 ,Iesus
797 4091 898 4170 Quum
923 4089 1015 4170 idem,
1031 4091 1110 4152 baud
1139 4091 1229 4153 dubie

62 4165 175 4228 Christi
192 4167 304 4230 reditus
325 4189 341 4228 e
362 4169 494 4249 partibus
508 4165 629 4230 Sidonis
649 4181 822 4232 narretur‘a
841 4169 993 4229 Matthaeo
1015 4179 1046 4229 et
1064 4169 1178 4246 Marco,
1197 4171 1229 4230 in

60 4244 238 4379 quibusdam
259 4257 357 4306 tamen
379 4245 516 4306 nonnihil
537 4245 714 4326 discrepant.
755 4249 823 4308 lloc
842 4246 909 4306 leve
930 4257 982 4319 est,
1024 4247 1084 4310 uod
1103 4247 1179 4308 alter
1195 4247 1227 4304 iu

81 4341 134 4380 nes
156 4321 293 4402 Magdala
312 4323 428 4384 venisse
446 4323 542 4404 ipsum
563 4321 645 4398 dicit,
664 4323 739 4386 alter
758 4345 830 4385 vcro
850 4323 881 4382 iu
902 4333 1002 4404 partes
1048 4321 1226 4387 almauutha:

60 4415 127 4457 nam
149 4418 240 4476 quum
260 4396 374 4464 vicinae
396 4412 493 4464 esseut
513 4397 602 4462 urbes
623 4421 711 4482 supra
732 4401 828 4464 lasum
844 4399 1027 4465 Genesaram
1046 4401 1227 4464 siluerersus
