2814 4846
193 274 252 338 292
452 267 605 334 SECTIO
624 267 662 328 lb
700 265 793 328 Iasus
814 279 856 326 ur
877 265 1070 328 euimsanc

195 423 255 484 lum
280 432 388 502 sponte
414 433 565 496 evertere,
593 441 679 512 qnam
699 417 827 480 habehat
847 419 876 478 iu
897 418 1031 480 homines
1050 425 1244 498 potestatem,
1277 419 1331 498 qui

193 499 288 560 modis
314 496 450 558 omuibus
475 519 528 558 eos
551 497 607 558 sihi
632 495 800 576 mancipare
823 497 930 556 studet.
972 495 1090 556 Deinde
1114 496 1257 554 memoria
1282 506 1333 555 te-

194 577 324 636 nendum
343 585 403 648 est,
421 573 512 656 vulgo
531 574 658 653 receptis
677 571 841 653 proverbiis
861 571 902 632 ita
921 593 1005 632 usum
1026 592 1088 632 esse
1110 570 1277 646 Christum,
1297 584 1334 631 ut

193 663 307 711 tautum
326 661 424 711 essent
441 649 612 729 prohabiles
631 649 829 724 coniecturae,
848 669 911 707 non
930 660 1028 708 autem
1047 647 1141 707 solide
1154 646 1331 727 probarent.

194 727 280 788 Adde
307 727 387 806 quod
413 727 450 786 de
474 738 598 787 renota
619 736 649 786 et
668 727 735 786 satis
755 737 859 786 testata
879 724 1021 805 inquens,
1049 723 1179 784 securius
1200 723 1331 784 hostium

137 791 141 810 ⁴
194 803 403 864 conscientiam
423 800 589 893 compellat.
623 802 779 862 Neminem
798 799 918 874 latebat,
938 801 1077 860 Satanam
1097 821 1113 860 a
1135 799 1256 860 Christo
1277 823 1330 860 sua

192 879 379 1014 possessione
396 877 515 960 depelli,
536 901 591 971 neq
611 879 767 959 quicquam
787 877 965 952 nraniscstius
986 889 1065 952 erat,
1091 898 1178 957 quam
1197 875 1229 935 iu
1248 876 1331 937 hune

215 976 281 1014 nem
300 957 424 1016 tendere
444 955 541 1016 omnia
561 977 623 1015 eius
642 955 795 1014 miracula:
815 953 893 1012 uude
913 954 998 1014 facile
1019 963 1083 1014 erat
1101 965 1247 1029 statuere,
1265 953 1330 1014 eius

192 1031 343 1106 virtutem,
384 1051 437 1092 uae
457 1033 532 1092 aden
553 1033 681 1092 Satanae
701 1030 849 1092 eoiitraria
869 1042 941 1103 erat,
960 1030 1089 1091 divinam
1108 1050 1180 1090 esse.

268 1115 315 1173 27.
354 1053 428 1167 dito·
454 1111 539 1168 υοειη·
559 1130 613 1184 per
637 1129 720 1187 wetti
743 1110 878 1167 elicium?
916 1107 1017 1188 Iniqui
1036 1115 1067 1168 et
1085 1104 1206 1197 maligni
1226 1105 1330 1166 iudicii

192 1205 246 1245 eos
265 1184 430 1260 insimulat,
451 1185 531 1264 quod
552 1185 588 1245 de
608 1186 710 1245 eadem
729 1203 762 1246 re
782 1204 844 1243 nnn
864 1183 998 1244 similiter
1014 1193 1253 1274 pronuntiarent,
1273 1184 1329 1245 sed

211 1272 281 1321 rnut
300 1260 399 1322 allecti
419 1272 503 1322 erant
523 1281 592 1342 erga
612 1282 762 1342 personas.
794 1261 875 1320 llaec
896 1271 992 1322 autem
1011 1259 1204 1338 inaequalitas
1223 1271 1329 1320 osten-

175 1369 176 1380 .
213 1338 249 1413 ι,
274 1339 354 1474 quod
374 1357 498 1417 aequum
520 1349 551 1400 et
568 1350 680 1398 rectum
701 1348 825 1398 estnon
844 1335 957 1412 valere,
983 1337 1034 1397 sed
1054 1355 1175 1396 coecum
1195 1355 1328 1396 amorem

189 1412 238 1474 vel
259 1434 277 1474 ο
299 1415 359 1474 ium
379 1414 535 1475 dominari:
566 1414 626 1474 imo
647 1413 705 1474 hoc
726 1425 755 1474 et
775 1433 881 1494 pravae
907 1425 1052 1494 φιλαυτίας
1070 1423 1102 1471 et
1120 1411 1245 1472 invidiae
1263 1432 1330 1548 apg-

191 1511 262 1550 num
283 1501 362 1566 erat,
380 1491 410 1550 iu
432 1490 552 1552 Christo
574 1491 727 1566 damnare,
749 1491 828 1570 quod
849 1489 880 1548 in
899 1489 957 1548 suis
976 1487 1055 1548 laudi
1075 1487 1232 1548 ducebant.
1301 1513 1328 1548 i-

189 1567 246 1626 lios
270 1589 368 1628 eorum
393 1566 511 1648 qnidam
536 1566 685 1647 accipiunt
709 1587 765 1648 pro
794 1565 859 1625 filiis
887 1565 978 1624 totius
1002 1565 1113 1646 gentis:
1153 1575 1184 1624 et
1208 1563 1329 1644 quidam

190 1645 218 1702 A
240 1645 353 1704 ostolns
378 1643 419 1702 sic
438 1643 538 1703 vocari
557 1654 677 1723 putant,
707 1642 774 1721 quia
794 1663 850 1734 pro
871 1641 937 1700 liliis
957 1653 1206 1722 agnoscerentur,
1256 1665 1329 1703 uuiii

190 1665 339 1780 Christum
358 1719 508 1779 ‚haberent
535 1719 665 1779 extranei
689 1718 816 1778 hominis
844 1718 920 1779 loeo.
959 1717 1020 1777 Alii
1046 1718 1083 1778 ad
1107 1727 1222 1778 veteres
1273 1740 1328 1780 rn-

189 1795 292 1875 phetas
318 1795 461 1856 referunt.
511 1795 580 1887 Ego
607 1816 678 1856 vero
703 1816 766 1853 nou
790 1793 911 1869 dubito,
942 1795 1013 1874 quin
1038 1792 1204 1854 Exorcistas
1229 1807 1329 1872 notet,

189 1891 317 2006 quorum
348 1882 419 1930 tune
447 1869 574 1953 vulgaris
604 1883 667 1930 erat
691 1893 758 1930 usus
782 1873 860 1950 apud
885 1869 1027 1944 Iudaeos,
1065 1869 1149 1930 sicuti
1178 1881 1261 1950 patet
1292 1893 1328 1933 ex

218 1959 333 2007 ntorum
358 1967 391 2007 ca
414 1953 494 2020 .19,
518 1955 565 2013 17.
609 1949 684 2008 Nam
705 1946 859 2010 verisimile
880 1958 939 2023 est,
970 1946 1062 2007 nihilo
1084 1947 1237 2008 humanius
1253 1969 1337 2008 sen-1

188 2021 259 2084 sisse
284 2023 363 2103 ipsos
389 1967 438 2082 dex
452 2023 562 2085 Christi
582 2023 746 2105 discipulis,
774 2043 861 2103 quain
882 2025 918 2084 de
938 2023 1090 2106 Magistro.
1128 2024 1169 2082 Et
1189 2035 1324 2086 coactum

188 2109 234 2159 est
252 2100 288 2160 ad
307 2110 441 2160 mortuos
458 2100 592 2173 trahere,
612 2123 701 2180 quum
720 2101 811 2161 verba
832 2101 909 2162 clare
930 2111 1038 2160 sonent
1057 2099 1187 2159 eiusdem
1205 2112 1327 2182 tempo-

109 2185 112 2194 “
187 2175 227 2234 ris
256 2175 517 2256 comparationem.
560 2177 630 2238 Non
656 2174 1325 2258 habehani=quidem1udieiExmcisnicx

186 2251 276 2334 Legis
302 2252 502 2332 praescripto,
530 2273 632 2314 verum
656 2255 760 2314 scimus
784 2253 897 2330 Deum,
929 2265 961 2313 ut
986 2254 1017 2312 in
1042 2252 1171 2330 foederis
1196 2255 1239 2314 sui
1264 2255 1327 2316 side

187 2347 323 2407 puroque
347 2329 427 2390 cultu
451 2328 518 2389 illos
543 2330 701 2406 retineret,
730 2351 811 2390 suam
835 2331 915 2390 inter
940 2350 992 2390 ens
1018 2329 1213 2409 praesentiam
1236 2331 1327 2391 variis

186 2403 332 2466 miraculis
351 2405 476 2466 subinde
495 2418 631 2468 testatum
651 2427 722 2470 esse.
761 2409 807 2466 Ita
827 2407 891 2468 lieri
911 2406 1026 2488 potuit,
1053 2418 1085 2466 ut
1104 2407 1243 2468 invocato
1262 2409 1327 2468 llei

126 2527 134 2552 ,
186 2481 308 2542 nornine
341 2483 498 2543 daemones
527 2482 674 2566 fugarent.
733 2484 864 2564 Populus
888 2503 960 2544 vern
984 2481 1073 2543 talem
1098 2482 1158 2542 Dei
1183 2484 1325 2545 virtutem

187 2571 323 2638 expertus
355 2560 535 2619 ordinarium
565 2561 621 2620 sibi
652 2582 757 2620 munus
788 2573 900 2622 temere
926 2559 1063 2619 instituit:
1099 2571 1207 2640 postea
1233 2561 1325 2621 etiam

175 2632 338 2714 ,Papistae,
370 2655 407 2695 ne
432 2655 482 2704 sua
509 2637 641 2697 conditio
668 2637 794 2696 inl'erior
821 2650 912 2712 esset,
942 2636 1008 2696 illos
1033 2636 1171 2696 aemulati
1197 2649 1266 2696 suut
1290 2638 1324 2698 iii

186 2712 319 2771 creandis
348 2707 521 2785 Erroribus,
559 2725 647 2793 atque
680 2713 737 2772 hoc
769 2716 859 2774 modo
892 2713 1040 2773 simiarum
1067 2713 1167 2772 simiae
1192 2714 1323 2775 luerunt.

184 2786 283 2847 Porro
303 2787 375 2847 nihil
395 2808 468 2868 opus
489 2788 558 2860 suit,
591 2789 765 2850 exorcismos
786 2789 851 2850 illos
873 2787 982 2849 Christi
1001 2791 1102 2871 elogio
1144 2789 1261 2865 robari,
1288 2803 1322 2850 ut

184 2863 308 2924 istorum
327 2863 465 2924 malitiam
485 2865 713 2946 perstringeret,
741 2865 791 2945 qui
810 2887 916 2940 sacros·
929 2866 1031 2926 haberi
1050 2811 1193 2926 volebant
1212 2878 1242 2926 et
1260 2867 1323 2928 Dei

184 2939 305 2999 nominc
325 2939 469 3032 insignes:
490 2940 639 3024 Christum
660 2941 774 3002 interea
794 2942 945 3024 lingebant
958 2943 1126 3004 Beelzebub
1146 2943 1323 3004 ministrum.

183 3013 260 3073 Nam
280 3014 410 3076 obiectio
430 3019 529 3078 estad
549 3037 706 3096 personam
724 3021 772 3096 (ut
784 3018 960 3098 loquuntur)
981 3020 1100 3080 directa.
1132 3019 1225 3093 Quod
1245 3041 1323 3080 con-

183 3090 269 3150 tinuo
289 3102 358 3170 post
375 3092 521 3172 sequitur,
540 3093 627 3174 filios
646 3098 775 3172 hasnum
813 3117 863 3156 ωε
880 3094 1003 3173 iudices,
1026 3095 1187 3177 improprie
1208 3097 1322 3158 dictum

183 3177 236 3226 ese
253 3166 311 3227 hoc
337 3189 439 3242 sensu,
474 3170 543 3230 Non
567 3170 658 3252 louge
682 3185 771 3252 peteu
795 3195 810 3232 a
835 3183 880 3233 est
904 3185 1000 3234 vestra
1026 3173 1251 3234 condemnatio:
1283 3177 1320 3236 ad

181 3243 353 3333 Beclqebuh
372 3245 547 3321 transfertis,
566 3269 641 3338 quae
660 3269 677 3308 a
697 3269 743 3308 me
764 3250 890 3311 eduntur
909 3248 1057 3326 miracula,
1077 3251 1179 3311 eadem
1191 3250 1231 3310 'in
1253 3251 1320 3311 filiis

182 3330 285 3381 vestris
311 3321 441 3382 laudatis.
499 3324 590 3385 Domi
615 3324 705 3408 igitur
731 3324 859 3399 habetis,
890 3327 971 3406 quod
994 3328 1031 3386 ad
1055 3347 1107 3386 vos
1134 3327 1320 3389 damnandos

182 3394 315 3486 sulheiat.
375 3399 491 3474 Quodsi
521 3401 584 3480 quis
614 3400 696 3461 malit
719 3421 801 3462 secus
825 3401 975 3482 accipere,
1014 3425 1081 3463 nein
1104 3423 1120 3462 e
1144 3403 1321 3484 exprobrari

181 3471 241 3531 Dei
264 3473 403 3556 gratiam,
436 3497 511 3555 quae
536 3498 568 3537 se
592 3479 738 3538 interdum
762 3499 817 3557 pcr
842 3479 1005 3542 Exnrci‘stas
1029 3423 1217 3561 proiciebat,
1255 3504 1318 3542 non

181 3547 266 3610 valde
290 3572 436 3633 repugno.
495 3553 636 3628 Quamvis
664 3556 742 3614 enini
769 3555 932 3646 degeneres
956 3569 1068 3630 essent,
1098 3554 1195 3616 noluit
1218 3570 1319 3620 tamen

179 3623 326 3688 Dominus
345 3649 396 3688 sua
416 3629 523 3690 virtute
544 3651 595 3690 eos
616 3632 731 3710 penitus
752 3631 881 3706 destitui,
901 3644 933 3691 ut
951 3633 982 3691 in
997 3653 1107 3714 genere
1119 3635 1321 3696 sacerdotium

181 3713 212 3760 et
229 3704 331 3784 templi
352 3704 461 3765 cultum
482 3706 579 3786 aliquo
600 3707 771 3767 testimonio
792 3720 921 3768 ornaret.
956 3711 1030 3768 Nam
1052 3710 1170 3770 adrem
1191 3733 1320 3794 magno-

177 3799 251 3912 pere
281 3780 437 3861 pertinuit,
475 3801 491 3840 a
523 3784 654 3866 gentium
678 3783 935 3864 superstitionibus
963 3785 1048 3848 elaris
1071 3787 1150 3847 notis
1178 3787 1319 3849 discerni.

204 3856 268 3916 rior
287 3870 384 3918 tamen
403 3879 504 3919 sensus
523 3859 593 3918 mihi
613 3863 758 3941 genuinus
777 3861 901 3921 videtur.
986 3887 991 3894 ·

253 3937 300 3998 28
360 3933 472 4014 Quodsi
492 3939 596 4012 minin
619 3939 680 3997 Del
703 3935 793 3998 elicio.
849 3937 944 4012 Lucas
968 3937 1169 4018 metaphorice
1194 3939 1319 4018 ἅπὲςιωιε

177 4007 264 4086 ponit
289 4030 344 4088 pro
370 4011 499 4092 Spiritu:
530 4033 597 4074 uam
624 4015 692 4093 quia
718 4035 773 4094 per
797 4013 940 4104 Spiritum
959 4037 1042 4074 suum
1062 4029 1204 4095 operatur
1223 4019 1318 4094 Deus,

176 4083 373 4166 virtutemque
391 4107 472 4148 suam
492 4089 613 4164 exserit,
643 4101 710 4169 apte
730 4089 773 4150 illi
791 4089 932 4150 tribuitur
951 4093 1035 4170 digiti
1056 4113 1175 4154 nornen.
1214 4097 1318 4175 Atque

176 4159 251 4246 haee
270 4161 405 4240 loquutin
425 4163 494 4226 trita
513 4165 568 4224 fuit
587 4165 810 4238 interludaeos,
829 4167 915 4226 sicuti
928 4168 1024 4228 llloses
1037 4168 1200 4230 Pharaonis
1210 4193 1316 4254 magns

176 4231 279 4296 dianae
297 4237 400 4312 refert,
420 4239 477 4300 llic
497 4252 542 4301 est
561 4241 668 4322 digitus
687 4243 745 4304 Dei
765 4243 873 4334 (Exod.
893 4249 922 4318 8,
941 4245 1013 4321 tlt).
1049 4247 1208 4306 Caeterum
1224 4247 1314 4308 Chri-

172 4319 233 4370 stus
252 4314 506 4392 exsuperioribus
525 4317 655 4400 colligit,
684 4319 752 4380 Deo
773 4331 903 4400 ingratos
924 4341 987 4381 esse
1006 4321 1131 4398 scribas,
1157 4324 1208 4402 qui
1229 4323 1314 4385 illuni

174 4385 251 4462 apud
275 4409 307 4450 se
329 4409 456 4470 regnare
476 4393 592 4454 nolunt.
631 4396 780 4458 Hactenus
799 4393 878 4458 enini
898 4397 983 4458 diluit
1002 4399 1115 4462 sutilem
1135 4419 1242 4462 eorum
1262 4423 1313 4465 ca-

488 4643 499 4678 b
