2790 4838
195 239 255 321 hil
406 244 562 312 SECTIO
580 243 633 310 tx
672 238 894 307 Ῑιιιιιιιιιιιιιιι
914 243 1114 352 arannem.

197 403 312 481 spirita.
341 399 447 494 liade·
469 419 539 494 orro
559 397 609 491 illa
629 396 793 472 exsultatio,
811 394 867 456 nisi
888 393 1153 486 quodlicelesiam,
1172 393 1348 488 expurillis

199 475 624 636 fttttttltattltlt
639 473 910 610 t‘llttt'tnltt
924 483 1348 640 :2¹¹tl‘tttttttnttz

200 631 264 693 ret?
302 631 348 690 Ac
366 629 430 710 plus
449 629 654 690 vehementiae
672 625 879 701 habetorrttio,
899 645 974 706 quae
991 567 1031 686 ad
1045 625 1163 685 Patrem
1184 626 1347 708 dirigitur,

146 763 158 785 „
241 706 426 766 amnicum
452 703 600 786 discipulis
618 703 765 783 loquutus
791 702 878 762 foret
920 703 1098 782 Quanquam
1131 713 1246 762 certum
1282 715 1348 780 est,

197 785 317 844 ilorum
343 801 461 860 quoque
487 792 623 861 respectu
647 791 679 840 et
703 799 787 842 causa
850 778 920 838 atias
947 779 1044 862 egisse
1063 777 1161 854 Patri,
1190 799 1231 840 ne
1261 801 1345 860 quos

198 859 370 920 offenderet
392 857 509 918 humilis
536 867 566 916 et
589 855 728 940 ignobilis
758 856 909 926 Eccesiae
939 855 1045 915 forma.
1095 855 1222 938 Semper
1256 855 1345 916 enim

197 934 387 1015 splendorem
398 934 577 1014 quaerimuat
600 945 630 993 et
639 933 713 994 nibil
730 933 848 993 videtur
866 932 962 993 minus
983 944 1226 1007 consentaneum,
1270 953 1343 992 uam

197 1011 327 1072 coeleste
347 1031 473 1094 regnum
491 1005 560 1069 Filii
579 1010 650 1085 Dei,
670 1011 750 1070 cuius
771 1009 944 1092 gloriatam
962 1008 1120 1091 magnilica
1140 1031 1155 1070 a
1172 1009 1257 1089 Prop
1281 1009 1344 1069 etis

197 1085 376 1160 celebratur,
395 1107 429 1146 ex
441 1086 523 1178 vulgi
544 1087 627 1147 faece
648 1097 678 1148 et
697 1085 859 1167 quisquiliis
879 1097 1024 1150 constare.
1064 1087 1105 1146 Et
1119 1103 1189 1146 sane
1202 1085 1263 1146 boc
1283 1085 1343 1146 ad-

196 1163 330 1224 mirabile
349 1163 416 1223 Dei'
430 1163 584 1222 consilium
604 1174 663 1238 est,
692 1164 788 1298 (lwd’
802 1162 906 1243 ‘quum
926 1172 1021 1222 totutn
1043 1162 1147 1224 orbem
1174 1160 1285 1222 babeat
1308 1161 1342 1220 in

86 1305 88 1310 ,
195 1249 301 1316 manu,
339 1239 518 1318 peculiarem
544 1239 601 1300 sibi
625 1259 706 1320 popu
717 1261 768 1332 um
794 1259 829 1300 ex
848 1237 1067 1318 contemptibili
1087 1239 1178 1321 vulgo
1198 1237 1343 1322 deligere

196 1316 281 1376 malit
301 1337 386 1396 quarn
408 1335 443 1376 er
462 1315 656 1396 primoribus,
676 1337 726 1395 qur
745 1335 796 1375 sna
816 1314 985 1375 excellentia
1007 1313 1117 1376 Christi
1137 1333 1248 1376 nomen
1269 1335 1343 1374 me-

197 1392 252 1452 lius
278 1401 428 1453 ornarent
479 1391 541 1452 Sed
571 1393 619 1453 hic
645 1412 662 1454 a
687 1391 816 1484 superbo
842 1401 872 1452 et
897 1392 983 1452 nimis
1008 1391 1069 1452 alto
1094 1411 1182 1453 sensu
1208 1391 1344 1452 retrahit

197 1467 362 1560 discipulos,
375 1487 446 1530 suos
466 1462 616 1544 Christus,
646 1487 685 1528 ne
708 1469 798 1530 ulem
823 1479 854 1529 et
879 1469 1036 1530 obscurum
1055 1469 1207 1529 Ecclesiae
1227 1480 1341 1528 statum

197 1545 248 1606 des
272 1565 350 1607 rcere
369 1547 506 1618 audeant,
524 1544 555 1604 in
576 1565 636 1624 quo
656 1543 796 1626 sibi'ipse
837 1544 914 1606 lacet
933 1565 967 1606 ac
977 1543 1150 1628 gratulatur.
1170 1545 1340 1606 Caeterum

196 1633 230 1682 ut
249 1567 354 1684 lortius
374 1619 607 1695 curiositatem,
662 1639 697 1682 ac
720 1565 845 1681 subinde
870 1621 991 1702 obrepit
1014 1621 1146 1681 humanis
1172 1621 1340 1697 mentibus,

197 1707 376 1788 compescat,
396 1717 428 1758 se
447 1695 542 1776 ipsum
563 1707 624 1758 atto
639 1698 672 1757 lit
692 1718 778 1778 supra
799 1699 950 1774 mnndum,
970 1707 1002 1759 et
1020 1718 1125 1759 arcana
1144 1695 1206 1758 Dei
1225 1697 1340 1758 iudicia

176 1819 179 1830 .
196 1774 335 1856 suspicit,
360 1771 443 1833 utin
465 1790 566 1832 eorum
587 1774 810 1834 admirationem
830 1793 929 1835 secum
950 1774 1023 1834 alios
1042 1771 1126 1834 simul
1146 1775 1256 1834 trabat.
1297 1776 1339 1836 Et

196 1861 278 1912 certe
300 1847 428 1930 quamvis
448 1848 522 1910 haec
542 1847 600 1909 oei
620 1850 769 1912 ordinatio
790 1871 804 1910 a
824 1871 911 1911 sensu
930 1863 1034 1926 nostro
1061 1849 1217 1926 dissideat,
1248 1851 1338 1912 nimis

195 1937 294 1986 tamen
313 1925 424 1986 furiosa
445 1935 492 1986 est
509 1926 695 2009 arrogantiae
714 1937 833 1992 nostrae
854 1927 992 2002 coecitas,
1012 1947 1100 2007 quum
1113 1947 1177 1988 eam
1190 1947 1337 1988 reveren-

195 2014 246 2062 ter
261 1997 366 2063 adoret
385 2000 519 2063 Christus
540 2015 628 2082 caput
647 2014 796 2078 nostrum,
824 2004 849 2064 si
868 2024 924 2064 nos
945 2003 1045 2066 obstre
1066 2005 1151 2064 imus.
1191 2001 1256 2063 Sed
1276 2004 1336 2064 iarn

195 2077 286 2140 verba
307 2077 473 2170 expendere
493 2079 641 2139 convenit
683 2080 829 2159 Confiteor·
846 2077 899 2140 tibi
916 2081 1014 2145 Pater.
1086 2081 1107 2140 is
1126 2079 1227 2142 verbis
1248 2101 1282 2140 se
1303 2081 1336 2140 in

195 2154 249 2216 illo
269 2152 363 2214 Patris
389 2155 511 2215 decreto
539 2173 572 2215 ac
594 2156 726 2216 uiescere
753 2167 891 2233 testatur,
930 2159 1011 2236 quod
1033 2155 1071 2217 ab
1096 2157 1225 2216 humano
1246 2177 1337 2218 sensu

195 2242 358 2312 tantopere⁴
373 2231 528 2322 discrepat
569 2175 678 2294 duhest
698 2232 776 2294 enirn
795 2234 884 2294 tacita
904 2231 1055 2294 antithesis
1075 2234 1152 2294 inter
1173 2234 1251 2294 banc
1270 2233 1336 2293 lau-

196 2308 273 2382 dem,
293 2307 482 2388 quaml'atrr
501 2309 628 2384 ascribit,
649 2321 679 2370 et
695 2309 836 2392 malignas
853 2305 1086 2388 obtrectationes
1105 2309 1154 2370 vel
1173 2321 1336 2390 protervos

142 2443 145 2455 ,
196 2381 283 2445 etiarn
303 2377 553 2446 mundi'latratus.
582 2375 678 2446 ¹ilunc
691 2385 858 2462 videndum,
878 2408 935 2467 qua
949 2385 981 2446 in
997 2407 1029 2446 re
1063 2385 1336 2460 lorihcctl’atrenr,

195 2461 409 2540 quod‘scilicet
428 2461 518 2522 totius
539 2461 619 2522 orbis
641 2462 788 2522 Dominus
807 2462 946 2543 parvulos
973 2474 1003 2524 et
1023 2407 1335 2543 idomsnsapietttibus

195 2537 377 2618 praetulerit
416 2537 491 2598 Noni
517 2538 554 2598 ad
574 2538 820 2603 circumstantiam
846 2538 1010 2620 argtuncnti
1030 2559 1093 2602 non
1113 2559 1218 2618 parum
1241 2537 1333 2600 habet

144 2617 152 2639 '
194 2613 350 2696 ponderis,
377 2615 457 2694 quod
477 2613 595 2674 Patrem
613 2626 701 2676 vocat
718 2615 791 2676 coeli
808 2630 836 2676 et
853 2629 948 2676 terrm
967 2615 1142 2676 Dominum:
1206 2616 1254 2676 nia
1276 2616 1333 2676 boc

193 2691 283 2752 modo
305 2687 448 2761 declarat,
468 2709 530 2748 non
552 2691 668 2772 aliunde
689 2713 776 2772 quam
798 2713 831 2752 ex
851 2692 908 2752 Dei
928 2691 1052 2752 arbitrio
1073 2637 1205 2771 penderl
1227 2693 1333 2752 discri-

193 2781 273 2840 men,
292 2767 374 2857 qnod
393 2771 424 2824 sa'
446 2765 540 2825 'entes
561 2767 740 2842 coecutiunt,
760 2770 897 2829 rudeset
914 2767 1028 2828 indocti
1041 2769 1161 2904 'capiunt
1172 2769 1333 2852 Evangelii

193 2855 339 2923 mysteria.
364 2840 430 2908 ,Mu
443 2841 467 2906 ti
483 2853 551 2902 sunt
570 2841 620 2904 alii
639 2843 748 2908 similes
769 2845 838 2920 loci,
858 2844 909 2905 ubi
928 2845 1059 2906 ostendit

1065 2907 1071 2918 a

1102 2844 1219 2911 ominus
1241 2847 1332 2980 [pratis

64 2953 70 2963 ·
107 2927 118 2950 '
194 2917 608 3008 aseelectos,'e1uicunquex
635 2921 671 2980 ad
696 2921 1032 3002 salutemperveniunt,
1061 2941 1149 3000 quum
1171 2943 1242 2980 mun
1266 2922 1332 2984 isit

195 2991 349 3086 opilcr'ac
370 3005 502 3068 creator,
536 3007 566 3055 et
591 3017 659 3057 suae
679 2997 738 3057 sint
758 3018 859 3058 omncs
880 3009 992 3078 gentes.
1035 2997 1138 3073 Quare
1157 2997 1268 3077 duplex
1288 3011 1333 3058 est

193 3088 236 3130 urs
258 3071 340 3128 huius
360 3070 531 3150 particulae,
550 3073 632 3150 ‘quod
652 3092 713 3133 non
728 3078 837 3134 lomnes
859 3071 1161 3154 parerit'E'vangelio,
1180 3095 1245 3134 non
1267 3075 1331 3134 lieri

193 3143 252 3206 Dei
272 3145 462 3226 impotentia,
495 3147 542 3208 cui
556 3161 736 3230 «promptum
747 3181 750 3188 ·
763 3163 807 3210 est
832 3171 943 3222 omnes¹
960 3163 1106 3213 creaturas
1126 3151 1259 3230 irnperio
1277 3171 1329 3210 suo

194 3221 348 3285 subiicere.
388 3222 542 3299 Secundo,
575 3229 654 3304 quod
675 3227 723 3286 alii
744 3227 888 3286 accedunt
907 3228 943 3287 ad
964 3227 1067 3300 fidem,
1099 3225 1147 3300 alii
1169 3227 1280 3308 stupidi
1299 3239 1330 3286 et

194 3297 479 3388 ιιἹιιιίιιιιίιιιιειιιειιι,Ι
496 3299 528 3360 iil
547 3301 610 3359 fieri
623 3303 747 3381 gratuita
760 3303 825 3362 einis
841 3303 1002 3363 electione:
1023 3304 1091 3382 quia
1103 3301 1177 3384 alios
1198 3298 1330 3378 trahens,

193 3374 463 3510 dus.practeritis‚
501 3377 581 3440 solus
607 3378 686 3438 inter
712 3380 846 3449 homines
876 3380 1031 3452 discernit,
1049 3435 1053 3451 ,
1071 3399 1197 3458 quorum
1225 3392 1329 3440 natura

90 3506 93 3514 .
192 3454 285 3530 aequm
298 3453 320 3512 is
341 3465 384 3514 est
410 3453 552 3514 conditio.
592 3453 683 3532 Quod
710 3457 974 3537 tamcn’parvnlos
1000 3457 1038 3516 eli
1062 3456 1084 3515 it
1108 3456 1208 3536 potius
1243 3477 1327 3536 quam

191 3529 354 3608 sapientes,
379 3531 407 3588 in
426 3541 467 3588 'eo
490 3526 603 3612 gloriae
624 3551 692 3592 sune
713 3533 857 3592 rationein
884 3533 996 3606 tabet,
1050 3553 1094 3591 arn
1115 3543 1148 3591 ut
1169 3533 1255 3592 nimis
1277 3555 1328 3590 cn-
1384 3567 1385 3578 ι

192 3605 261 3684 p'idc
282 3619 345 3666 sese
366 3605 559 3679 clientem,
591 3608 616 3666 si
657 3609 787 3669 raeirent
806 3610 882 3670 acuti
903 3620 933 3669 et
952 3609 1032 3669 docti
1054 3608 1204 3682 homines,
1230 3609 1327 3668 statim

192 3693 331 3820 rapuerat
353 3683 403 3742 illa
430 3683 599 3762 persuasio,
619 3627 714 3762 ,ddum
737 3686 912 3750 dexteritate
933 3685 1083 3749 hominurn
1109 3685 1157 3744 vel
1183 3686 1327 3756 industria

189 3780 224 3820 ve
257 3759 531 3844 doclpinaucqniri.
572 3759 674 3838 Quare
687 3783 749 3822 non
761 3759 845 3822 aliter
863 3763 1032 3844 conspicua,
1051 3773 1085 3822 ut
1104 3773 1248 3837 meretur,
1268 3761 1326 3821 llei

190 3831 479 3915 misericordia'esse
527 3847 604 3898 otest
626 3858 715 3917 ‚quarn
739 3838 793 3897 tali
820 3837 922 3898 habito
944 3839 1075 3912 delectu,
1114 3839 1193 3897 unde
1215 3850 1326 3918 pateat,

189 3910 264 3969 nibil
288 3931 350 3972 esse
376 3857 523 4002 quicquidl
539 3933 574 3972 ex
597 3933 628 3974 se
654 3909 788 3974 allenrnt
810 3914 953 3975 homines.
1004 3915 1168 3975 Ideo-‘iure
1188 3914 1327 3974 deiicitur

91 4003 94 4013 '
127 4039 130 4049 .
189 3987 315 4047 bumana
334 3999 492 4068 sapientia,
514 4007 551 4048 ne
573 3989 687 4050 divinae
707 3989 821 4072 gratiae
839 3989 955 4051 laudem
977 3991 1121 4052 obscuret
1162 3990 1330 4065 Quaeritur

121 4135 129 4146 ι
188 4075 297 4153 tamen,
315 4067 552 4197 pubi-inimicaret
571 4077 600 4126 et
619 4065 842 4146 quosprnsnslos
853 4064 1095 4146 uoccthristus.
1133 4067 1324 4146 Experlentia

191 4159 270 4198 eorm
290 4159 383 4218 paam
406 4141 503 4214 ¹docet,
524 4163 580 4201 nec
593 4162 696 4201 omnes
709 4143 822 4206 idiotas
835 4155 871 4203 et·
884 4145 972 4203 rudes
993 4143 1148 4203 illuminari
1169 4145 1206 4203 ad
1226 4138 1336 4217 fidem,'

183 4233 245 4280 ¹nec
265 4219 545 4296 omnesp'rudentes
571 4218 616 4280 vel
637 4218 767 4280 literatos
787 4219 913 4300 relinqui
933 4219 963 4278 in
984 4219 1210 4282 sna‘coecitate.
1248 4220 1323 4278 Ideo
1381 4251 1382 4254 ¹

180 4287 338 4364 podem
360 4306 388 4354 et
412 4299 553 4370 sentientes
579 4293 739 4371 deliniant,
769 4297 819 4376 qul
845 4296 994 4357 diabolico
1015 4297 1096 4360 'lustu
1116 4296 1212 4356 inflati
1233 4295 1322 4358 Chri·
1381 4319 1382 4341 ι

185 4374 261 4426 stum
280 4367 442 4430 eaublimi·
459 4371 631 4451 loquentem
657 4371 764 4434 audire·
784 4393 845 4433 non
868 4373 1023 4434 sustinent
1062 4373 1154 4454 Atqui
1180 4391 1241 4432 non
1264 4371 1322 4433 boe

473 4576 478 4604 l
