2778 4838
170 241 228 306 15⁰
399 211 411 246 ‘
447 229 564 294 SECT.
578 231 661 293 xvt.
695 246 775 292 arun
793 244 1051 312 ruuunnsaumr.

172 387 224 449 tihi
245 385 357 448 oidewe
379 385 500 448 Simon?
539 385 697 466 specimen
721 382 877 446 divinitatis
903 404 973 446 suae
999 384 1031 443 in
1057 403 1094 444 eo
1122 383 1218 446 edidit
1247 383 1335 448 Chri-

172 477 244 540 stus,
263 485 294 526 se
314 463 386 524 nibil
405 463 497 524 latere
517 463 684 524 ostendens.
724 461 875 536 Quorsum
899 475 996 524 autem
1015 461 1113 522 tendit
1133 462 1196 522 eius
1217 465 1336 525 sermo?

172 563 212 602 an
231 553 265 600 ut
283 561 314 600 se
335 551 366 600 et
383 561 451 600 suos
471 560 487 598 a
507 539 606 631 legum
626 537 811 599 subiectione
832 537 954 598 eximat?
974 537 1161 617 sicquidem
1173 553 1336 619 exponunt,

110 629 112 634 '
172 617 237 678 iure
264 616 374 677 liberos
400 637 462 676 esse
483 614 682 690 Christianos,
706 615 757 674 sed
783 613 875 674 libere
901 614 1005 675 subiici
1032 613 1183 674 communi
1203 617 1336 695 politiae,

173 693 313 774 quoniam
334 693 418 752 aliter
437 685 561 764 bumaria
580 692 704 752 societas
724 689 784 751 coli
804 691 916 770 nequit.
955 690 1028 752 Mihi
1053 701 1153 751 tamen
1173 691 1335 774 simplicior

171 771 289 832 videtur
307 790 422 829 sensus:
448 769 516 860 quia
537 769 614 828 enim
635 766 796 849 periculum
817 779 895 844 erat,
920 789 958 828 ne
986 768 1093 828 frustra
1114 767 1269 830 Christum
1289 792 1335 831 re-

174 847 252 908 nisse
299 857 415 906 utarent
442 845 592 924 discipuli,
616 845 684 925 quia
710 843 851 904 tributum
875 842 1018 920 solvendo
1042 865 1124 924 spem
1151 843 1334 908 liberationis

171 867 371 1002 praecideret,
389 921 561 1002 simpliciter
579 921 714 995 affirmat,
733 941 764 980 se
784 921 854 980 ideo
874 920 990 981 solvere
1009 920 1164 996 tributum,
1186 923 1256 1002 quia
1275 925 1334 985 iure

172 1019 228 1059 suo
249 1011 279 1058 et
297 1009 442 1078 potestate
461 1010 569 1078 sponte
590 993 725 1058 abstiiret.
763 997 852 1058 Unde
872 995 1032 1080 colligitur,
1052 998 1126 1057 nibil
1147 998 1185 1058 de
1207 1000 1271 1060 eius
1290 1021 1334 1060 re-

122 1115 130 1134 .
172 1095 234 1156 gno
247 1075 348 1135 minui.
379 1075 440 1134 Sed
460 1097 513 1134 cur
531 1074 588 1134 sibi
607 1074 702 1154 palam
722 1093 784 1134 non
802 1073 933 1135 vindicat
951 1073 1032 1153 quod
1047 1096 1131 1134 suum
1144 1075 1209 1137 est?
1230 1099 1337 1167 nempe

173 1151 242 1230 quia
255 1149 358 1216 tributi
369 1149 554 1212 coactoribus
567 1149 718 1232 incognita
731 1161 794 1209 erat
803 1151 863 1210 eius
875 1151 1017 1211 maiestas.
1058 1149 1235 1230 Quanquam
1257 1175 1337 1212 emm

173 1250 186 1287 s
210 1227 326 1286 irituale
347 1239 391 1286 est
410 1229 471 1288 eius
491 1247 626 1308 regnum,
645 1227 686 1286 sic
705 1238 806 1286 tamen
825 1226 991 1287 habendum
1013 1239 1065 1301 est,
1107 1249 1174 1288 uum
1183 1229 1290 1288 unicus
1299 1233 1338 1290 sit

204 1305 231 1364 ei
252 1303 339 1378 lilius,
358 1304 515 1366 haeredem
535 1323 654 1382 quoque
674 1323 736 1364 csse
756 1304 846 1363 totius
865 1305 985 1379 mundi,
1006 1315 1037 1364 ut
1056 1248 1186 1364 subiecta
1206 1305 1250 1365 illi
1271 1327 1336 1366 esse

172 1379 283 1456 omnia,
303 1391 333 1440 et
353 1401 453 1440 coram
472 1381 536 1461 ipso
557 1381 587 1438 in
609 1380 743 1440 ordinem
763 1381 831 1461 cogi
848 1380 959 1440 deceat
990 1379 1098 1440 Sensus
1112 1401 1185 1472 ergo
1198 1393 1253 1456 est,
1273 1404 1336 1441 non

170 1456 241 1516 ideo
266 1456 433 1537 praefectos
458 1477 522 1516 esse
541 1457 669 1516 humano
689 1455 791 1536 generi
811 1477 896 1538 reges
917 1478 933 1516 a
953 1453 1020 1517 Deo
1042 1468 1072 1515 et
1091 1456 1238 1516 institutas
1258 1459 1337 1548 poli-

116 1540 119 1548 “
170 1533 242 1608 tias,
269 1545 303 1592 ut
327 1533 335 1593 i
358 1553 389 1593 se
417 1533 466 1612 qui
492 1532 567 1592 filius
592 1545 636 1592 est
662 1533 785 1592 eandem
810 1555 875 1593 cum
895 1533 960 1593 aliis
978 1533 1147 1593 servitutem
1168 1555 1337 1613 promiscue

171 1609 273 1683 obeat,
293 1629 322 1673 se
356 1621 464 1679 tamen,
484 1611 579 1668 donec
600 1603 782 1668 manifestata
802 1609 840 1669 sit
859 1611 943 1690 regni
963 1610 1007 1669 sui
1028 1609 1135 1692 gloria,
1155 1623 1267 1689 sponte
1280 1633 1336 1672 una

172 1707 239 1744 cum
259 1685 323 1748 aliis
343 1685 408 1744 fore
427 1706 551 1744 servum.
591 1685 658 1744 Hoc
677 1685 926 1756 testimonionon
940 1687 1035 1746 minus
1047 1683 1167 1760 insulse,
1189 1709 1277 1767 quam
1294 1689 1335 1746 ie-

170 1757 269 1821 liciter
292 1759 397 1821 abusus
423 1771 467 1820 est
490 1759 587 1840 Papa,
614 1772 647 1819 ut
670 1783 753 1820 suum
774 1761 894 1823 Clerum
919 1762 1032 1844 legibus
1057 1761 1197 1822 solveret.
1245 1765 1336 1839 Quasi

171 1857 243 1897 vero
262 1857 361 1898 rasura
382 1836 484 1917 capitis
504 1835 661 1896 saciatDei
679 1837 765 1914 filios,
806 1839 835 1898 ui
855 1860 870 1898 a
892 1839 1007 1899 tributis
1027 1852 1058 1899 et
1069 1839 1268 1922 vectigalibus
1281 1842 1337 1899 sint

170 1912 325 1974 immunes.
362 1913 455 1992 Atqui
475 1912 547 1972 nibil
568 1913 645 1972 aliud
665 1914 758 1974 voluit
769 1859 912 1990 Clirislus,
932 1937 1017 2006 quam
1037 1916 1093 1976 sibi
1113 1917 1266 1978 honorem
1285 1917 1335 1976 lilii

169 2009 203 2048 re
227 1989 249 2050 is
268 1988 425 2064 vindicare,
446 2001 478 2048 ut
496 1989 599 2050 saltem
619 1990 739 2050 domurn
759 1991 881 2051 haberet
922 1993 1057 2074 revilegio
1069 1992 1334 2053 immunemaiure

169 2009 294 2146 vulgari.
327 2064 428 2140 Quare
449 2065 552 2126 inscite
573 2065 660 2126 etiam
672 2066 883 2150 Anabaptistae
900 2013 976 2148 haee
994 2069 1085 2130 verba
1097 2072 1132 2130 ad
1149 2068 1334 2130 labefactan-

170 2140 240 2202 dum
259 2142 413 2222 politicum
434 2142 568 2202 ordinem
589 2142 778 2222 detorquent,
798 2165 886 2223 quum
898 2157 981 2206 certo
994 2147 1101 2206 certius
1112 2146 1161 2220 sit,
1183 2145 1335 2207 Christum

169 2217 290 2278 minime
311 2219 347 2279 de
368 2219 516 2278 communi
532 2218 661 2279 fidelium
674 2219 737 2280 iure
751 2219 904 2295 disserere,
924 2223 975 2282 sed
988 2234 1098 2283 tantum
1110 2221 1335 2284 similitudinem

170 2306 277 2378 petere
298 2275 399 2360 asellis
420 2315 533 2378 regum,
554 2295 603 2375 qui
623 2317 680 2354 una
701 2317 764 2356 cum
785 2297 842 2358 suis
864 2298 1029 2359 domesticis
1048 2299 1134 2359 liberi
1154 2310 1233 2358 sunt.

247 2379 294 2440 27.
334 2371 422 2430 Mitte
438 2369 563 2431 bamam.
604 2370 781 2451 Quanquam
797 2374 903 2448 fateor,
922 2395 985 2434 non
996 2395 1113 2456 semper
1124 2375 1233 2456 plenos
1249 2378 1336 2440 Chri-

170 2459 217 2510 sto
238 2448 352 2510 loculos
374 2447 471 2522 fuisse,
490 2469 552 2508 non
571 2459 669 2508 tamen
690 2450 790 2530 inopia
810 2462 943 2510 coactum
960 2451 1089 2512 arbitror
1104 2451 1163 2512 boc
1181 2456 1336 2515 mandasse

169 2523 277 2600 Petro,
302 2526 353 2586 sed
373 2536 405 2584 ut
423 2524 565 2585 miraculo
585 2524 743 2606 probaret,
770 2547 801 2588 se
823 2526 906 2587 latius
927 2529 1086 2604 dominari,
1111 2551 1202 2610 quam
1232 2553 1335 2592 omnes

168 2611 304 2662 terrenos
329 2622 432 2684 reges,
456 2613 490 2660 ut
514 2601 563 2682 qui
589 2601 682 2681 pisces
705 2601 761 2662 sibi
786 2603 909 2664 baberet
933 2604 1114 2666 tributarios.
1153 2609 1259 2686 Atque
1280 2609 1334 2668 boc

141 2703 145 2714 ¹
168 2677 260 2738 semel
279 2689 392 2739 tantum
413 2677 537 2760 legimus
557 2677 663 2738 sactum
685 2699 762 2751 esse,
782 2680 850 2759 quia
869 2701 960 2742 unum
980 2682 1193 2743 documentum
1213 2685 1284 2744 satis
1306 2686 1335 2745 in

168 2761 264 2813 totam
283 2755 370 2816 vitam
390 2753 454 2812 fuit.
492 2755 590 2815 Porro
611 2765 701 2814 stater
719 2758 892 2820 tantundem
910 2757 1027 2822 valebat
1046 2779 1080 2822 ac
1098 2759 1205 2839 siclus,
1225 2781 1334 2847 nempe

169 2842 297 2910 quatuor
315 2829 465 2894 drachmas
484 2830 531 2894 vel
552 2833 610 2896 duo
631 2829 806 2896 didrachma.
1071 2856 1076 2872 ·

325 3368 332 3385 ,
423 3293 666 3390 SECTIO
705 3219 813 3394 xli.
869 3315 1074 3400 (sss-1⁶9.)

220 3505 495 3560 =1ruu
561 3507 633 3563 IN
701 3509 1193 3569 IERUSALEM.

245 3763 350 3845 (155.)
391 3763 562 3832 ΜΑΤΤΗ.
585 3769 669 3835 XlX.
712 3769 741 3836 1.
761 3769 804 3836 Et
825 3769 940 3838 lactum
964 3780 1028 3846 est,
1056 3791 1155 3856 quum
1180 3789 1330 3835 conserm-

161 3880 279 3934 masset
300 3869 389 3934 lesus
414 3867 473 3934 bos
499 3892 682 3950 sermones,
709 3875 855 3958 migravit
883 3897 900 3939 a
929 3871 1093 3950 Galilaea,
1126 3884 1160 3938 et
1180 3877 1274 3938 venit
1296 3877 1331 3936 in

162 3971 246 4036 fines
266 3972 407 4040 Iudaeae
428 3982 515 4039 trans
537 3976 715 4042 Iordanem.
757 3979 786 4042 2.
813 3977 856 4042 Et
881 3987 1036 4064 sequutae
1063 3987 1139 4041 sunt
1168 3997 1243 4042 eum
1265 3987 1331 4041 tur·

162 4071 225 4140 bac
245 4075 374 4156 multae,
396 4086 428 4142 et
449 4083 573 4144 sanavit
594 4100 651 4144 eos
673 4077 728 4146 ibi.

245 4255 385 4329 Mene.
413 4261 493 4328 lxm
521 4261 572 4327 38.
613 4262 797 4351 Respondit
823 4273 927 4330 autem
954 4264 986 4329 ei
1015 4261 1175 4345 loannes,¹
1204 4264 1329 4342 dicens,

160 4356 370 4448 Praeceptor,
396 4364 533 4437 vidimus
559 4366 721 4454 quendam
748 4371 879 4440 nomine
907 4379 965 4436 tuo
993 4370 1114 4436 eiicere
1142 4369 1329 4448 daemonia,

1212 4625 1223 4660 Ι
