2768 4856
194 285 252 357 ru
572 219 938 338 summorum

165 485 167 495 ,
197 428 318 495 diximus
356 437 476 518 strenue
512 423 648 486 Lutetiae
680 445 736 505 pro
772 428 916 520 scritate·
932 423 1155 526 depugnaisetq
1185 429 1329 494 Calvinus

195 503 340 568 Basrleam
358 501 486 582 undeque
507 501 677 577 Genevam,
700 511 855 584 postquam
874 503 962 566 rllrcr
985 524 1018 566 se
1034 517 1231 584 constitisset,
1255 529 1330 589 per-

147 653 150 662 A
197 581 318 642 duxerat
362 590 463 660 aperte
488 589 681 652 testarentur,
712 599 776 640 sese
804 580 937 641 Coenam
993 581 1084 643 omini
1109 593 1167 644 tarn
1191 584 1271 646 iuter
1295 607 1333 646 se

196 585 394 730 discordibus,
419 667 449 715 et
468 654 505 715 ab
527 655 609 718 omni
627 653 823 717 ecclesiastica
842 656 913 716 disci
936 656 996 718 lina
1015 656 1248 730 alienisciribus
1269 661 1337 732 rite,

196 733 347 796 celebrare
371 751 554 824 nonpqsse.
598 730 770 822 Accedebat
789 743 820 792 et
837 732 897 824 aliu
936 734 1059 810 malum,
1089 736 1169 815 quod
1188 736 1332 800 videlicet

195 813 227 871 iu
252 809 424 948 quibusdam
446 807 553 870 rrtrbns
576 805 699 868 ecclesia
724 808 907 883 Genevcnsrs
930 831 948 870 a
972 810 1119 872 Bernensi
1138 813 1333 892 discreparet.

196 890 256 950 Utc
278 895 366 947 antur
394 885 474 947 enim
500 883 692 946 Genevenses
714 905 792 964 pane
817 885 984 962 communi,
1023 898 1054 947 et
1076 887 1253 969 Baptisteria
1277 889 1333 950 illa

80 1021 90 1045 ,
195 983 272 1044 qnae
296 974 405 1024 vocant
429 974 567 1042 tanquam
592 961 629 1022 ad
651 961 694 1020 Br
717 961 794 1020 tismi
816 962 1010 1024 ministerium
1032 965 1128 1036 minus
1153 967 1333 1042 necessaria,

195 1042 325 1120 itemque
345 1039 406 1100 dies
426 1037 518 1100 lestos
538 1047 660 1117 excepto
712 1038 908 1100 eDominico
927 1039 1111 1102 sustulerant.
1141 1041 1270 1116 ¹Quibus
1291 1043 1332 1103 de

195 1115 283 1180 rebus
303 1135 392 1196 quum
410 1115 538 1203 synodus
548 1114 720 1174 Lamannae
739 1113 965 1176 aBernensibus
984 1129 1087 1178 coacta
1104 1117 1146 1180 sic
1163 1117 1333 1196 decidisset,

195 1206 230 1254 nt
251 1215 384 1274 azymum
407 1213 514 1272 panem
533 1191 642 1270 illaque
661 1190 777 1250 restitui
798 1190 938 1252 Genevae
957 1191 1135 1270 postularet,
1167 1193 1331 1276 collegium

195 1281 293 1338 antem
316 1269 517 1330 ministrorum
543 1266 762 1328 Genesensinm
785 1268 917 1348 seprius
937 1269 1031 1330 audiri
1042 1290 1175 1350 ‚aequum
1195 1271 1332 1348 duceret,

194 1367 318 1427 eamque
338 1345 377 1406 ob
398 1365 512 1410 causam
531 1340 622 1404 altera
634 1343 779 1426 Tigurum
797 1345 926 1436 synodus
943 1345 1150 1420 essetindicta,
1166 1344 1210 1408 his
1221 1347 1331 1414 oblatis

195 1423 416 1495 occasionibus,
440 1421 491 1502 qni
509 1432 571 1480 tum
592 1420 709 1481 fuerant
727 1431 819 1483 creata
837 1421 950 1500 syndici
969 1423 1101 1500 (annuns
1117 1423 1165 1492 hic
1185 1435 1229 1487 est
1247 1443 1332 1486 snm-

195 1521 316 1582 nrusque
336 1499 366 1561 in
385 1498 548 1581 Republica
569 1496 737 1558 Generensi
755 1495 959 1578 magistratus)
979 1498 1140 1576 factionum
1161 1519 1194 1559 ac
1214 1499 1331 1562 discor-

195 1578 308 1639 diarum
333 1577 422 1638 duces
442 1573 582 1656 populum
603 1566 782 1649 concirent,
814 1593 909 1654 eoque
929 1595 992 1636 rem
1011 1575 1198 1655 perducunt,
1220 1575 1331 1640 frustra

195 1675 260 1716 sese
297 1652 424 1716 Calvino
461 1671 528 1712 cum
564 1649 693 1726 eiusdem
730 1649 894 1710 sententiae
926 1651 1048 1734 collegis
1079 1653 1117 1713 ad
1146 1652 1330 1714 reddendam

195 1731 326 1792 omniurn
352 1729 497 1790 rationem
517 1725 682 1800 offerente,
712 1736 746 1786 ut
762 1726 874 1786 maiore
894 1739 978 1807 parte
997 1727 1148 1790 meliorem
1168 1743 1342 1808 superante·

194 1818 254 1868 tres
283 1806 331 1866 isti
362 1804 413 1866 fidi
442 1803 502 1864 Dei
530 1802 607 1864 servi
631 1801 708 1862 intra
732 1801 852 1862 biduum
879 1803 1020 1866 excedere
1044 1805 1119 1868 urbe
1138 1803 1331 1882 iuberentur,

195 1885 276 1964 qnod
296 1882 430 1945 Coenam
449 1879 573 1940 Domini
592 1877 742 1940 celebrare
760 1893 950 1942 recusassent.
979 1881 1047 1944 Hoc
1067 1883 1215 1943 decretum
1236 1903 1330 1962 quum

155 1956 159 1980 ⁴
194 1971 273 2022 esset
283 1957 408 2022 Calvino
418 1956 627 2028 renuntiatum,
646 1953 758 2030 „Certe
771 1955 924 2036 (inquit)
939 1958 963 2017 si
974 1957 1140 2020 bominibus
1152 1959 1330 2036 serviissem,

195 2035 296 2128 „mala
320 2035 526 2118 mibilmerces
553 2031 787 2123 persolveretur,
815 2033 867 2168 il‘d
887 2033 964 2096 bene
983 2036 1127 2171 estquod
1147 2035 1329 2149 ‘linfffsvli’

194 2133 272 2250 ’tt
282 2131 442 2250 titt
458 2119 863 2246 titttttttitttll
882 2111 1331 2264 {tittt‘sttt'tt'tslf

194 2212 278 2326 densi
302 2263 444 2326 allatnrai
474 2265 605 2326 Eventus
629 2272 727 2322 tamma
752 2272 856 2322 contra
876 2263 1005 2324 ostendit
1023 2264 1118 2336 divina
1138 2265 1330 2344 providentia

157 2338 159 2349 '
195 2342 227 2404 id
246 2341 370 2414 lactum,
400 2340 507 2422 partim
531 2350 565 2399 nt
588 2336 659 2398 alibi
677 2357 770 2417 opera
787 2337 883 2398 fidelis
901 2339 979 2400 servi
997 2341 1042 2400 sui
1061 2361 1127 2412 usus
1150 2336 1238 2402 variis
1259 2363 1329 2402 eum

194 2419 400 2500 experimentis
424 2418 462 2478 ad
486 2435 533 2476 res
558 2414 685 2476 maiores
709 2413 882 2490 instrueret,
913 2411 1018 2496 partim
1043 2427 1086 2476 ut'
1102 2415 1249 2478 seditiosis
1262 2417 1328 2480 illis

195 2515 249 2556 suo
269 2494 400 2576 ipsorum
420 2495 532 2573 impetu
550 2491 694 2552 subversis
715 2489 868 2554 ecclesiam
881 2486 1087 2564 Genereusem
1105 2514 1123 2553 a
1142 2492 1241 2554 multis
1259 2504 1327 2554 s'nr-

196 2571 280 2632 dibus
300 2581 482 2653 repnrgaret
520 2569 623 2648 Usque
644 2567 719 2628 adeo
740 2587 804 2628 sese
824 2566 970 2630 Dominus
989 2567 1020 2627 in
1041 2570 1152 2642 cunctis
1171 2567 1230 2632 suis
1250 2592 1269 2632 o
1293 2592 1327 2631 e-

195 2647 276 2709 ribus
301 2669 336 2708 ac
360 2645 531 2727 praesertim
555 2645 586 2705 in
609 2643 761 2704 Ecclesiae
785 2663 855 2704 suae
879 2643 1096 2727 gubernatione
1124 2647 1255 2707 admiran
1276 2671 1328 2708 um

196 2725 328 2806 praebet
368 2723 427 2784 Sed
453 2723 524 2782 baec
550 2721 648 2783 omnia
672 2731 775 2810 postea
798 2741 845 2780 res
869 2721 931 2800 ipsa
954 2721 1104 2801 patefecit.
1146 2718 1227 2784 ἷΓιιιιι
1252 2745 1325 2784 sero

195 2821 305 2884 magno
336 2821 401 2860 cnut
430 2799 579 2860 bonorum
609 2817 739 2858 omniurn
765 2795 869 2859 dolore
898 2808 957 2858 tres
983 2794 1028 2857 illi
1058 2799 1157 2860 edicto
1186 2811 1326 2880 parentes

197 2897 287 2956 qnnm
311 2873 456 2958 Tignrum
487 2874 612 2954 primum
642 2872 806 2949 venissent,
844 2871 944 2954 ibique
974 2886 1077 2948 coacta
1104 2875 1326 2936 Helveticarum

191 2951 385 3014 ecclesiarum
404 2952 519 3030 aliquot
537 2949 668 3033 synodo,
687 2961 775 3028 atque
795 2969 830 3010 ex
848 2950 954 3030 synodi
974 2950 1102 3022 decretu·
1115 2972 1169 3032 per
1187 2951 1325 3012 Beruen-

196 3030 271 3090 sium
302 3027 543 3089 intercessionem
572 3027 678 3088 tentati
707 3026 812 3087 frustra
838 3025 961 3087 fuissent
981 3027 1199 3090 Geuevensiunr
1225 3029 1327 3104 animi,

198 3105 338 3168 Calvinus
359 3103 477 3184 quidem
496 3105 592 3195 primo
611 3101 829 3164 seseBasileam
849 3122 882 3162 ac
901 3103 1172 3185 moxbrgeutinam
1188 3105 1327 3166 contulit.
1361 3117 1362 3124 ’

198 3182 265 3243 Illic
289 3181 378 3264 igitur
402 3201 436 3242 ex
461 3179 538 3241 illius
561 3179 641 3241 urbis
665 3179 791 3240 Senatus
814 3179 967 3240 voluntate
986 3199 1004 3242 a
1022 3181 1139 3254 summis
1161 3181 1220 3242 illis
1245 3181 1327 3258 viris,

240 3260 304 3318 ibus
323 3271 373 3318 tan
394 3279 461 3318 uam
481 3257 583 3319 lucidis
604 3254 724 3340 gemmis
744 3255 793 3316 illa
812 3267 875 3316 tum
894 3254 1016 3318 ccclesia
1035 3255 1178 3340 fulgebat,
1196 3257 1327 3334 Bucero,

228 3335 359 3414 spitone,
413 3335 535 3408 edioue,
554 3335 648 3416 Nigro
670 3345 701 3394 et
719 3331 782 3392 aliis
802 3351 906 3399 eorum
925 3332 1048 3415 collegis
1067 3335 1104 3399 ad
1123 3333 1325 3417 theologicam

106 3405 111 3420 “
221 3411 411 3472 rosessionem
437 3411 564 3471 honesto
583 3408 743 3502 proposito
772 3408 921 3489 stipendio
950 3421 1103 3485 evocatus,
1141 3431 1204 3471 non
1233 3409 1325 3471 modo

198 3433 395 3568 ibeologiam
419 3487 478 3547 illic
505 3489 606 3548 docuit
629 3505 820 3568 magnacum
845 3487 1000 3548 doctorum
1020 3487 1150 3547 omniurn
1171 3487 1326 3568 applausu,

198 3565 250 3624 sed
280 3565 368 3624 etiam
398 3584 431 3624 cx
456 3565 580 3624 Senatus
611 3583 757 3624 consensu
781 3561 924 3624 Gallicam
956 3562 1126 3639 ecclesiam,
1165 3563 1326 3626 constituta

198 3641 285 3700 etiam
316 3639 510 3702 ecclesiastica
536 3639 704 3720 disciplina,
742 3639 892 3718 plantavit.
941 3640 992 3700 Sic
1021 3639 1239 3720 exspectatione
1271 3661 1326 3701 sua

199 3717 351 3776 frustratus
371 3717 461 3788 Satan
484 3737 541 3810 pro
561 3715 879 3777 Geneveusi>ecclesia
899 3716 1054 3779 Calvinum
1077 3715 1148 3776 alibi
1169 3727 1325 3796 exceptum

199 3805 230 3854 ct
246 3792 332 3869 oliam
351 3815 419 3853 rnos
435 3793 505 3854 alibi
514 3805 612 3852 natam
624 3791 775 3854 ecclesiam
786 3791 950 3872 conspexit,
968 3793 1062 3854 nibilo
1072 3791 1187 3854 interea
1205 3793 1327 3873 segnius

200 3869 351 3946 laborans,
389 3881 423 3929 ut
453 3869 616 3930 aedilicium
641 3868 818 3934 Genevense
873 3891 970 3930 rorsus
1001 3889 1174 3931 concussum
1206 3866 1328 3948 penitus

197 3957 352 4006 everteret.
396 3947 500 4027 ltaque
523 3965 591 4005 mor
613 3944 726 4024 reperit
748 3943 825 4004 male
851 3891 969 4008 iirimm
994 3944 1169 4022 nonnullos,
1198 3945 1263 4024 qui,
1291 3959 1329 4006 nt

195 4023 314 4102 pictatis
334 4022 433 4084 nescio
454 4021 535 4082 cuius
554 4021 680 4082 obtentu
699 4020 909 4113 iniquissimum
928 4021 1001 4082 illud
1017 4025 1168 4084 decretum
1176 4033 1329 4104 tegerent,

171 4116 304 4178 ‘panem
324 4119 525 4174 communem,
565 4119 625 4177 quo
645 4110 731 4160 antea
750 4121 782 4157 ιιι
803 4097 907 4160 Coena
927 4099 1100 4174 utebantur,
1139 4099 1171 4158 iu
1190 4119 1327 4180 azymum

198 4171 356 4256 censerent
374 4177 506 4238 converti
520 4187 672 4256 oportere,
691 4175 802 4236 scilicet
820 4188 854 4237 nt
873 4177 956 4237 novis
977 4175 1100 4246 dissidiis
1119 4197 1217 4236 ausam
1238 4193 1327 4254 prae-

196 4250 313 4311 berent
351 4253 456 4330 Neque
481 4251 539 4312 boc
566 4251 720 4312 consilinm
740 4253 878 4316 Satanam
902 4251 1070 4328 fefellisset,
1107 4251 1163 4312 nisi
1185 4249 1328 4314 Calvinus

193 4325 293 4391 bonos
313 4325 473 4388 nonnullos
496 4327 550 4388 ista
570 4328 732 4390 mutatione
757 4349 848 4410 usque
873 4329 949 4390 adeo
969 4329 1116 4408 offensos,
1148 4339 1181 4388 nt
1200 4326 1286 4391 etiam
1306 4350 1327 4392 a

163 4445 167 4450 -
196 4403 303 4466 Coena
325 4402 381 4464 sibi
405 4402 609 4467 abstinendum
634 4417 786 4487 putarent,
817 4407 895 4501 serio
920 4406 1099 4486 monuisset,
1127 4425 1168 4466 ne
1187 4400 1230 4476 ob¹
1246 4403 1326 4468 istud
