2778 4838
281 261 470 341 (ua-aas.
507 223 729 341 uscipiatur„
749 223 901 325 mimia
921 261 983 345 u.)
1149 273 1210 336 ,ιιι

47 413 139 476 litatis
160 411 310 474 definitio:
337 413 420 494 quod
436 409 551 474 scilicet
568 433 637 474 vere
657 412 774 475 humilis
793 415 847 489 sit,
906 415 1034 498 ineque
1051 415 1108 478 sibi
1127 417 1211 496 quic-

46 512 137 572 quam
158 500 280 570 arrogat
294 510 394 550 coram
408 489 477 550 Deo
508 509 564 549 nec
584 489 711 552 fastuose
731 491 857 572 despicit
867 435 990 568 lintres,
1008 492 1057 556 vel
1075 493 1211 574 superior

47 567 144 629 videri
165 565 296 642 allectat,
315 567 366 628 sed
387 567 456 628 satis
476 533 576 638 babet,
594 585 626 626 se
645 588 735 626 onum
755 569 869 628 censeri
884 577 918 629 e'x
930 569 1042 646 Christi
1060 567 1211 648 membris,

47 642 121 706 nibil
143 642 224 704 aliud
245 655 351 722 optans
371 663 459 722 quam
478 654 512 702 ut
531 641 625 703 solum
646 656 735 724 caput
754 645 884 706 excellat.

123 727 153 786 5.
193 719 235 780 Et
263 723 315 810 put
342 722 481 795 recepe-tt
509 741 598 780 unum
623 719 720 780 ιιιΙειιι.
778 722 840 782 Iam
867 719 1070 802 metaphorice
1099 741 1209 803 pueros

48 795 182 878 appellat
202 793 347 870 Chnstus,
368 797 418 887 qui
438 796 571 876 deposita
591 795 744 858 altitudine
763 818 794 860 se
814 799 850 858 ad
869 799 1042 862 modestiam
1061 810 1092 859 et
1109 797 1210 860 subie-

48 875 181 933 ctionem
192 885 427 965 composuerant:
447 872 536 954 idque
556 873 767 936 consolationis
785 874 851 936 vice
872 877 999 936 additum
1021 886 1074 952 est,
1093 896 1132 936 ne
1143 895 1211 944 mo,-

48 948 231 1010 lesta'nobis
251 948 354 1010 situel
375 947 481 1010 acerba
500 948 670 1026 submissio,
703 972 759 1030 qua
780 946 813 1010 lit
832 963 945 1015 utnon
965 951 1059 1020 modo,
1075 952 1106 1012 in
1126 972 1211 1012 suum

68 1026 247 1090 atroeinium
268 1045 323 1084 nos
343 1026 467 1105 recipiat
483 1022 626 1101 Christus,
645 1027 697 1087 sed
716 1027 804 1088 etiam
824 1027 992 1090 bominibus
1013 1029 1210 1090 commendet.

8 1141 9 1144 =
46 1047 148 1182 itque
170 1103 227 1162 boc
246 1101 337 1162 modo
358 1101 458 1163 fideles
478 1103 636 1178 docentur,
656 1105 806 1184 quomodo
828 1104 876 1165 alii
895 1105 970 1168 alios
988 1105 1019 1164 in
1040 1103 1136 1184 pretio
1157 1105 1210 1164 lta-

46 1179 121 1240 bcre
143 1179 283 1254 debeant,
303 1178 371 1238 dom
391 1199 422 1240 se
462 1177 505 1238 uis
527 1198 564 1238 ue
583 1179 708 1242 subiicit.
735 1180 897 1255 Quomodo
916 1181 994 1242 enim
1013 1192 1113 1240 mutua
1132 1179 1211 1242 inter

47 1255 157 1316 saeculi
177 1255 254 1315 filios
271 1254 395 1315 amicitia
406 1199 497 1338 vuigo
507 1199 638 1328 lovetur,
658 1256 714 1315 nisi
734 1257 802 1316 dum
822 1255 940 1316 alterins
960 1255 1110 1336 cupiditati
1130 1257 1212 1336 quis,-

48 1353 106 1412 que
127 1331 281 1414 indulget?
320 1333 424 1411 ltaque
451 1333 515 1412 quis
539 1333 582 1393 uis
607 1331 721 1416 gloriae
746 1331 882 1413 cupidior
901 1344 960 1407 est,
998 1331 1054 1391 sibi
1074 1331 1212 1393 audacius

45 1409 87 1470 im
110 1408 206 1468 erium
225 1419 355 1498 usurpat,
374 1419 407 1470 ut
426 1407 456 1468 in
477 1353 601 1468 sublime
617 1407 748 1482 tollatur,
769 1407 890 1472 humiles
903 1428 973 1468 vero
990 1407 1122 1468 ludibrio
1140 1407 1212 1483 sint,

45 1430 107 1545 vel
115 1487 279 1620 contempti
299 1497 427 1545 iaceant:
449 1482 581 1545 Christus
598 1497 707 1559 autem,
727 1505 786 1576 quo
807 1505 839 1546 se
859 1485 983 1566 quisque
1001 1483 1093 1566 magis
1113 1483 1213 1545 exina-

44 1562 126 1636 niet,
155 1562 196 1621 ita
221 1583 285 1642 pus
312 1561 435 1624 honoris
461 1560 504 1620 illi
530 1561 632 1652 haberi
657 1561 811 1642 praecipit.
849 1561 949 1652 litque
974 1559 1052 1651 idem
1072 1559 1129 1651 sibi
1148 1559 1213 1621 vult

47 1638 193 1712 clausula,
219 1659 295 1728 (puae
314 1638 392 1784 apud
411 1637 527 1708 Ιιιιοιιιιι
546 1638 676 1697 additur:
705 1657 804 1717 neque
824 1657 917 1712 eorm,
944 1659 995 1718 qur
1013 1650 1121 1698 mento
1139 1645 1210 1698 sont

45 1713 297 1852 contemptibiles,
317 1715 337 1806 i.
349 1735 385 1776 eo
396 1714 564 1806 pluristieri
575 1714 704 1791 mandat,
723 1715 776 1778 aed
796 1713 848 1794 qui
868 1713 949 1776 omui
969 1711 1211 1795 superbia.vacui

45 1813 79 1851 ιιι
99 1792 163 1852 mlu
175 1813 224 1850 um
243 1791 338 1876 rediga
358 1813 414 1873 pro
435 1789 529 1851 mbrlo
550 1791 668 1851 ducunt.

129 2039 240 2122 (148.)
278 2035 449 2110 Meum
470 2043 587 2109 XVlll.
630 2045 659 2110 s.
689 2043 756 2130 Qui
782 2055 888 2114 autem
910 2041 1088 2112 oilenderit
1111 2061 1212 2108 unum
1312 2039 1315 2050 ’

46 2145 89 2214 de
111 2145 239 2232 pusillis
260 2145 343 2219 istis,
364 2149 421 2231 qui
441 2147 475 2210 iu
497 2165 548 2208 me
570 2145 722 2226 credunt,
749 2148 883 2235 expedit
904 2151 949 2226 ei,
976 2155 1012 2212 ut
1032 2141 1211 2231 suspenda-

46 2261 100 2316 tur
120 2247 209 2316 mola
237 2249 375 2312 asinaria
405 2247 446 2312 nd
469 2244 588 2312 collum
617 2251 701 2326 eius,
736 2269 773 2313 se
794 2250 997 2338 demergatur
1021 2251 1057 2313 in
1078 2246 1213 2332 prolun-

48 2353 124 2419 dum
146 2354 252 2418 maris.
296 2351 324 2416 7.
344 2351 417 2416 Vae
439 2348 561 2416 mundo
584 2345 625 2414 ab
647 2350 870 2437 offendiculis:
888 2371 1026 2434 neeesse
1048 2359 1097 2412 est
1118 2351 1214 2428 enim,

46 2467 83 2522 ut
104 2459 239 2523 veniant
260 2449 476 2519 offendicula:
497 2460 707 2517 veruntamen
728 2474 789 2518 vae
812 2453 945 2531 bomini,
964 2473 1025 2538 per
1045 2471 1141 2536 quem
1164 2449 1214 2516 ol·

44 2558 249 2626 tendiculum
276 2558 374 2622 venit.
426 2555 456 2622 8.
490 2553 621 2641 Quodsi
647 2577 760 2622 manus
787 2565 842 2620 tua
867 2553 922 2621 vel
955 2573 1015 2640 pes
1045 2563 1120 2618 tuus
1155 2551 1215 2618 ob-

44 2662 174 2730 staculo
197 2657 342 2735 esttibi,
376 2655 532 2724 abscinde
560 2679 613 2738 ea,
648 2670 680 2724 et
706 2661 830 2746 proiice
852 2653 978 2726 abste:
1018 2652 1142 2722 bonum
1164 2662 1214 2720 eat

45 2765 109 2830 tibi
129 2762 172 2830 ad
192 2766 289 2829 vitam
311 2761 438 2849 ingredi
459 2760 610 2827 claudum
632 2772 687 2832 aut
707 2757 853 2826 mutilum
872 2749 996 2846 potius,
1016 2780 1113 2846 quam
1132 2757 1213 2822 duaa

44 2887 161 2936 manus
189 2865 243 2931 vel
269 2867 353 2932 duos
378 2864 481 2954 pedes
509 2861 696 2943 habentem,
735 2863 818 2928 mitti
844 2865 879 2933 iu
908 2867 1014 2952 ignem
1036 2871 1212 2926 aeternum.

45 2974 78 3036 9.
103 2970 146 3035 Et
173 2971 201 3035 si
222 2969 336 3038 oculos
364 2981 438 3036 tuus
460 2965 600 3060 ollendit
620 2980 661 3048 te,
683 2987 762 3034 erue
785 2988 857 3034 eum
884 2977 916 3036 et
937 2967 1061 3052 proiice
1084 2962 1212 3030 abste:
1266 3035 1269 3044 y

45 3071 172 3140 bonurn
195 3083 242 3138 est
263 3073 339 3153 tibi,
380 3084 416 3138 ut
439 3072 548 3138 luscus
572 3073 672 3138 intres
698 3074 733 3136 in
760 3073 874 3150 vitam,
916 3071 1024 3157 potius
1051 3088 1146 3154 quam
1174 3075 1211 3132 ut

47 3175 134 3243 duos
163 3173 277 3242 oeulos
304 3175 428 3244 babens
454 3178 587 3273 mittaris
612 3179 647 3241 in
668 3175 848 3260 gebennam
875 3173 966 3258 ignis.
1008 3171 1059 3236 10.
1079 3169 1213 3250 Videte,

46 3300 92 3346 ne
116 3283 328 3348 contemnatis
348 3304 447 3348 unum
469 3283 597 3346 existis
618 3277 758 3366 pusillis:
784 3277 860 3344 dico
884 3277 967 3341 enim
989 3272 1101 3353 uobis,
1120 3271 1213 3363 quod

46 3377 158 3466 angeli
180 3401 293 3446 eorum
314 3385 349 3451 in
369 3385 471 3452 coelis
491 3405 620 3470 semper
638 3382 752 3470 vident
771 3381 891 3470 'taciem
912 3379 1015 3446 Patris
1035 3381 1114 3462 mei,
1154 3377 1213 3466 qui

46 3488 84 3552 iu
106 3481 209 3550 coelis
231 3494 290 3550 est.
388 3533 391 3540 .

132 3665 273 3736 Mane.
293 3669 346 3734 lX.
387 3669 439 3735 42
468 3670 511 3736 Et
533 3671 677 3758 quisquis
700 3665 877 3735 offenderit
897 3687 997 3732 uuum
1019 3687 1058 3732 ex
1076 3660 1214 3751 pusillis,

47 3777 107 3862 qui
128 3774 299 3842 confidunt
320 3776 355 3838 in
376 3795 436 3851 me,
456 3773 572 3840 melius
595 3784 643 3838 est
665 3775 711 3849 ei,
731 3773 758 3840 si
780 3769 996 3880 cipcumdetur
1015 3789 1123 3834 saxum
1145 3787 1214 3832 mo·

48 3879 121 3944 lare
144 3881 267 3944 circum
288 3879 359 3944 eius
381 3875 515 3956 collum,
540 3887 574 3943 et
593 3873 763 3941 obiiciatur
788 3877 822 3938 in
842 3893 939 3938 mare.
980 3871 1032 3936 43.
1053 3869 1143 3936 Etsi
1164 3865 1214 3933 ol-

46 3973 221 4046 {codiculo
244 3979 372 4047 esttibi
393 4001 506 4046 manus
526 3991 596 4058 tua,
637 3987 764 4066 amputa
789 3975 893 4043 illam:
932 3973 1054 4041 bonum
1084 3981 1132 4038 est
1152 3970 1214 4037 tibi

47 4081 198 4182 mutilum
219 4082 261 4148 ad
288 4086 384 4149 vitam
411 4082 552 4170 ingredi,
591 4083 701 4168 potius
729 4103 823 4167 quam
850 4078 930 4145 duas
957 4099 1070 4144 mauras
1092 4074 1214 4141 baben-

46 4197 113 4252 tam
136 4185 228 4252 abire
249 4189 283 4252 in
303 4186 497 4274 gehennam,
528 4187 563 4252 iu
590 4189 695 4272 ignem
723 4180 1033 4268 inexstinguibilem,
1073 4179 1125 4248 at
1145 4177 1214 4246 Ubi

46 4291 169 4358 vermis
188 4287 319 4356 illorum
339 4311 408 4358 non
427 4285 575 4370 moritur,
595 4299 628 4356 et
648 4291 729 4378 iguis
749 4307 818 4354 non
839 4287 1056 4371 exstinguitur.
1097 4284 1149 4349 45.
1171 4283 1213 4348 Et

45 4399 73 4464 si
102 4416 165 4483 pes
192 4403 266 4462 tuus
287 4392 384 4462 luerit
407 4394 468 4464 tibi
495 4391 682 4474 obstaculo,
724 4401 851 4479 amputa
884 4408 978 4537 eum9
990 4387 1135 4513 ⁴'bonum
1166 4394 1215 4450 est
