2814 4846
330 277 333 282 ’
381 283 462 359 (tut
500 280 549 342 De
567 278 770 364 dispensatore
789 279 922 361 callido.)
1032 261 1038 268 ⁸
1188 284 1228 350 l'l

62 431 120 492 illis
140 429 232 506 affixi,
251 431 304 491 sed
323 431 364 493 ita
384 452 440 492 nos
460 432 612 494 constituit
630 454 730 496 earnm
742 435 968 516 dispensatores,
987 449 1027 496 ne
1045 433 1104 494 tols
1121 434 1226 497 vinco
1290 461 1294 471 ¹

62 509 97 570 lis
121 529 178 568 uos
205 507 338 568 constrin
362 521 431 568 ant·
466 511 530 572 Nec
554 529 626 573 vero
646 511 711 571 fieri
730 523 847 592 potest,
874 522 908 571 ut
930 523 1044 572 mentes
1062 511 1177 573 solutae
1196 525 1228 574 et

61 585 175 646 liberae
195 584 227 654 in
248 584 336 645 coelo
378 585 508 660 abitent,
537 586 594 648 nisi
619 585 745 648 alienum
772 589 881 650 ducant
906 588 1044 680 quicquid
1063 587 1095 648 in
1114 588 1227 650 mundo

62 675 115 722 est.
141 661 318 741 spirituales
333 673 430 738 autem
452 663 575 740 divitias,
597 683 672 751 quae
692 665 728 726 ad
748 665 876 726 suturam
893 677 981 727 utam
1001 677 1146 745 spectant,
1165 683 1225 727 uo-

62 739 106 798 bis
125 737 265 830 proprias
285 737 365 813 lacit,
386 739 584 820 quiaaeterna
602 752 647 800 est
665 761 763 801 earum
786 740 896 804 fruitio.
935 742 997 803 Iam
1017 761 1090 801 vero
1110 743 1166 803 alia
1185 744 1226 803 si-

61 815 229 875 militudine
249 813 351 888 utitur,
370 817 546 896 sperandum
566 837 629 877 non
650 837 723 891 esse,
741 830 775 877 ut
794 817 882 879 bonis
901 819 1008 884 nostris
1025 831 1107 880 recte
1118 833 1149 880 et
1157 841 1225 880 mo-

63 893 162 952 derate
183 903 311 964 utamur,
329 893 353 952 si
368 913 524 972 perperam
537 893 583 954 vel
603 894 677 954 mala
698 895 755 954 fide
776 895 807 954 in
827 894 930 955 alienis
949 896 1055 956 versati
1075 890 1225 957 fuerimus.

63 969 171 1030 Solent
191 967 271 1027 enim
292 968 426 1030 homines
446 971 574 1030 securius
586 971 643 1032 suis
655 970 742 1030 rebus
754 971 845 1046 abuti,
865 971 990 1052 plusque
1009 971 1065 1032 sihi
1087 973 1225 1034 licentiae

61 1047 91 1105 in
111 1045 170 1104 illis
189 1044 350 1124 perdendis
371 1046 549 1120 concedunt,
570 1047 719 1125 quianon
738 1058 891 1124 verentur,
913 1069 951 1108 ne
972 1047 1035 1140 quis
1056 1049 1224 1130 exprobret.

61 1123 96 1180 Iu
116 1121 256 1201 deposito
276 1133 372 1182 autem
393 1123 439 1182 vel
459 1123 647 1184 commodato
666 1123 713 1183 vel
732 1137 866 1198 mutuo,·
885 1125 921 1184 de
942 1125 1048 1204 quibus
1067 1147 1135 1186 mor
1154 1128 1224 1187 red-

61 1199 156 1258 denda
184 1197 243 1257 erit
268 1197 360 1274 ratio,
389 1199 536 1260 cautiores
562 1211 630 1260 sunt
655 1221 689 1260 ac
712 1201 805 1282 magis
829 1200 934 1261 timidi.
973 1202 1123 1264 Tenemus
1149 1225 1223 1286 ergo

62 1273 171 1336 Christi
190 1285 333 1349 mentem,
351 1274 445 1334 malos
458 1275 651 1356 spiritualium
674 1277 819 1336 donorum
839 1277 905 1338 sore
926 1279 1072 1353 custodes,
1112 1280 1143 1339 ui
1160 1293 1223 1342 ter-

60 1373 130 1412 rena
151 1351 232 1411 bona
252 1351 327 1410 male
347 1352 561 1427 administrant,
590 1352 696 1413 Postea
708 1352 1013 1427 inseriturseoteotia,
1033 1301 1114 1434 quoh
1133 1374 1223 1417 nemo

80 1429 153 1488 ossit
171 1428 242 1488 Deo
262 1428 370 1488 servire
392 1440 422 1494 et
440 1448 636 1504 mammonae,
657 1450 742 1507 quam
763 1428 906 1488 Matthaei
926 1429 1023 1509 capite
1042 1437 1072 1496 6.
1092 1434 1223 1514 exposui.

95 1505 132 1566 de
154 1503 243 1564 etiam
264 1517 367 1586 petant
386 1505 523 1580 lectores,
544 1506 615 1586 quid
633 1505 780 1656 sppnificet
798 1526 855 1566 vox
874 1505 1069 1566 lllammonae.

134 1589 181 1646 ll.
221 1579 385 1640 Audiebmtt
408 1596 502 1641 murm
525 1580 602 1642 boec.
676 1583 705 1640 ui
725 1593 844 1664 putant,
875 1583 1002 1642 derisum
1022 1581 1111 1643 luisse
1132 1581 1223 1646 Chri·

57 1669 132 1718 stum
144 1679 160 1718 a
173 1657 349 1732 Pharisaeis,
369 1658 436 1738 quid
450 1659 568 1738 plebeio
585 1658 710 1740 rudique
730 1651 867 1719 sermon‘e
886 1669 1043 1719 contentus
1062 1657 1222 1724 verborum

57 1733 200 1813 ampullas
225 1755 288 1795 non
309 1734 447 1809 iactaret,
476 1755 539 1796 uon
563 1736 630 1796 satis
657 1735 826 1815 expendunt
848 1734 948 1795 Lucae
973 1735 1073 1796 rerba.
1111 1737 1224 1799 Fateor

57 1811 189 1892 quidem,
208 1811 342 1891 superbis
356 1811 524 1872 bominibus
537 1823 568 1872 et
581 1811 736 1873 fastidiosis
751 1811 1005 1902 contemptibilem
1016 1811 1111 1874 videri
1121 1815 1222 1875 Evan-

56 1888 127 1970 gelii
148 1889 327 1963 doctrinam,
345 1887 397 1947 sed
409 1887 504 1949 Lucas
520 1889 627 1949 diserte
640 1887 784 1980 exprimit,
805 1887 954 1948 Christum
975 1889 1044 1949 ideo
1064 1890 1121 1958 illis
1141 1892 1221 1952 deri·

56 1965 100 2025 sui
120 1964 229 2040 luisse,
254 1965 322 2044 quia
341 1965 419 2035 arari
440 1978 533 2025 erant.
573 1965 652 2041 Quia
677 1966 769 2046 igitur
788 1964 844 2025 illis
887 1985 1033 2026 ersuasum
1052 1978 1085 2029 et
1103 1967 1221 2047 penitus

55 2043 174 2102 infixum
196 2053 275 2116 erat,
306 2041 411 2101 beatos
430 2061 492 2104 esse
512 2042 632 2116 divites,
659 2038 789 2124 ideoque
807 1985 884 2102 nihii
900 2043 1003 2103 melius
1024 2063 1103 2121 esse,
1133 2065 1221 2136 quam

55 2141 118 2179 rem
137 2139 220 2178 suam
241 2139 349 2198 augere
370 2119 480 2197 quovis'
492 2119 594 2192 modo,
613 2129 644 2178 et
662 2119 808 2188 tenaciter
826 2117 967 2180 incubare
986 2120 1079 2199 partis
1102 2120 1220 2201 opibus,

56 2215 251 2276 quaecunque
273 2195 303 2254 in
324 2194 465 2255 diversam
486 2207 599 2275 partem
621 2215 636 2254 a
654 2195 775 2264 Christo
796 2205 880 2254 erant
900 2195 989 2267 dicta,
1006 2205 1146 2287 tanquam
1166 2197 1220 2257 ab·

55 2274 140 2333 surde
161 2271 310 2353 paradoxa
329 2271 474 2332 reiiciunt.
500 2273 540 2332 Et
550 2281 632 2332 certe
644 2271 773 2350 quisquis
795 2271 831 2332 de
850 2271 1024 2350 spernendis
1045 2273 1151 2334 duritiis
1171 2275 1219 2336 vel

55 2349 86 2408 in
105 2369 162 2430 pau
187 2368 253 2408 eres
273 2349 431 2430 erogandis
452 2348 583 2422 disserit,
613 2348 706 2408 avaris
726 2347 859 2427 desipere
879 2348 1006 2408 videtur.
1030 2348 1154 2410 'Notum
1175 2363 1219 2411 est

56 2425 128 2485 illud
180 2425 279 2499 oratii,
299 2424 430 2515 Populus
450 2446 497 2484 me
517 2423 630 2495 sibilat,
650 2435 680 2483 at
698 2423 770 2482 mihi
791 2422 909 2503 plaudo.
949 2424 1066 2499 Quodsi
1087 2427 1219 2488 omnium

56 2502 165 2562 iudicio
187 2503 317 2577 damnati
336 2500 504 2562 suhitamen
538 2501 647 2574 lacent,
666 2511 778 2580 quanto
788 2497 881 2580 magis
890 2501 983 2562 instar
1002 2499 1119 2562 fabulae
1139 2504 1219 2563 ride-

56 2579 130 2640 bunt
154 2577 240 2638 istam
265 2577 483 2659 philosophiam
510 2523 637 2652 Christi,
677 2595 752 2656 quae
776 2587 889 2636 remota
914 2589 957 2638 est
977 2597 993 2638 a
1012 2577 1060 2638 vul
1084 2578 1219 2640 isensu?
1273 2637 1277 2660 ‚

54 2657 160 2736 Neque
177 2667 279 2714 tamen
299 2654 419 2729 dubito,
446 2655 520 2792 puin
551 2654 640 2716 alium
664 2653 796 2714 colorem
821 2653 1041 2734 praetenuerint
1059 2597 1220 2732 iherisaei,

54 2746 86 2792 ut
104 2733 258 2794 adversam
277 2751 330 2791 suo
350 2731 424 2790 vitio
466 2732 610 2792 octrinam
629 2731 731 2791 iocose
743 2729 906 2790 eluderent.
931 2727 1218 2792 Tenendumtamen

54 2823 112 2884 est,
132 2809 206 2888 quid
226 2828 278 2868 eos
298 2807 459 2888 impulerit:
489 2830 556 2868 nam
577 2820 608 2868 et
628 2807 675 2868 hic
693 2805 816 2866 morbus
834 2825 893 2868 sem
919 2825 952 2867 er
972 2806 1035 2866 lere
1053 2807 1085 2866 in
1105 2807 1221 2868 mundo

53 2897 219 2968 gramatur,
250 2897 283 2944 ut
302 2885 397 2944 maior
416 2899 481 2965 pars
501 2885 653 2946 hominum
672 2905 704 2945 se
723 2882 874 2966 aspernari
893 2827 1000 2964 hhgat,
1020 2884 1100 2974 qnod
1120 2883 1218 2966 pravis

53 2983 157 3024 eorum
177 2961 310 3022 moribus
329 2982 391 3021 non
403 2963 552 3022 convenit.
578 2961 656 3021 lline
675 2973 722 3021 tot
742 2960 870 3040 probris,
884 2959 1095 3022 scommatibus
1106 2973 1137 3021 et
1145 2961 1217 3022 sub-
1235 3006 1241 3024 t

53 3037 280 3100 sannatiomhus
301 3036 461 3098 obnoxium
481 3050 526 3099 est
543 3039 666 3098 verbum
680 3038 753 3098 Dei:
774 3036 841 3128 quia
857 3055 918 3130 pro
938 3037 1077 3097 vitiorum
1096 3059 1227 3100 suorum,

54 3115 230 3177 defensione
251 3114 373 3195 quisque
393 3115 499 3198 litigat,
514 3127 680 3250 putantque
700 3115 802 3175 faceto
821 3135 879 3174 surs
891 3113 987 3190 dictis,
1005 3113 1086 3177 velut
1099 3112 1216 3177 obiecta

53 3191 179 3266 nebula,
200 3203 310 3252 tectum
329 3212 393 3253 esse
411 3211 494 3252 suum
536 3192 667 3252 a'tium.
1271 3211 1274 3220 ·

128 3276 178 3334 15.
221 3265 287 3328 Vos
311 3273 377 3328 estis
399 3273 450 3350 qui
473 3212 644 3351 inmssmis.
683 3265 824 3327 Videmus
850 3262 999 3327 Christum
1026 3265 1145 3328 illorum
1170 3269 1215 3330 la-

51 3345 141 3406 stidio
154 3339 284 3405 'minime
306 3347 427 3419 cedere,
445 3347 507 3406 sed.
519 3355 690 3405 constanter
700 3363 830 3405 asserere
842 3344 994 3404 doctrinae
1005 3364 1074 3406 suae
1085 3345 1215 3406 auctori-

51 3435 143 3482 tatem
162 3434 268 3482 contra
288 3421 426 3482 ludibria:
448 3423 528 3502 quod
540 3423 626 3481 etiam
641 3419 777 3481 omnihus
787 3419 943 3503 Evangelii
962 3421 1101 3481 ministris
1121 3443 1216 3504 agen-

52 3501 122 3558 dum
143 3509 203 3572 est,
222 3511 257 3558 ut
274 3499 370 3579 impiis
390 3497 646 3578 contemptoribus
667 3496 799 3564 terribile
812 3497 1029 3558 Deiiudicium
1049 3509 1215 3578 opponant.

51 3575 165 3636 Focum
186 3595 277 3659 ergo,
305 3597 366 3655 quo
386 3575 537 3654 decipiunt
556 3573 707 3634 bominum
728 3573 847 3648 oculos,
873 3572 904 3631 in
922 3573 982 3633 Dei
1001 3574 1110 3634 iudicio
1131 3575 1214 3654 quic-

51 3673 138 3742 quam
160 3651 219 3711 illis
238 3653 426 3733 profuturum
445 3663 544 3734 negat.
581 3649 733 3712 Nolebant
751 3649 846 3710 videri
865 3651 896 3708 in
916 3651 974 3710 suis
994 3649 1127 3710 ludibriis
1146 3669 1214 3710 era·
1278 3679 1283 3718 3

51 3730 134 3790 ntiae
154 3749 226 3788 suae
245 3728 442 3809 patrocinium
461 3727 621 3808 susscipere:
653 3725 786 3786 Christus
807 3738 903 3788 autem
923 3746 1069 3787 venenum
1094 3725 1151 3786 hoc
1175 3724 1213 3786 ab

44 3806 172 3866 'occulto
193 3803 296 3866 ulcere
315 3823 469 3895 erumpere
482 3803 581 3878 docet,
600 3803 846 3883 quemadmodtun
865 3802 890 3863 si
930 3801 974 3862 uis
995 3801 1086 3861 hodie
1105 3819 1215 3860 cornu-

50 3881 86 3942 tis
106 3882 222 3963 llpisco
245 3881 268 3943 is
288 3881 463 3956 dicat,1deo
483 3892 543 3939 tam
560 3881 685 3940 infestos
705 3901 768 3941 esse
785 3823 970 3960 Ermgeiio,
989 3877 1056 3958 quia
1076 3876 1215 3938 intestina

50 3979 157 4020 eorum
178 3903 254 4018 maia
275 3957 360 4018 nimis
380 3956 488 4021 aeriter
527 3969 688 4040 unguntur.
725 3956 808 4017 Dicit
833 3967 946 4028 autem,
977 3955 1045 4014 satis
1064 3952 1120 4012 illis
1140 3971 1215 4029 esse,

50 4035 73 4095 si
113 4035 184 4096 robi
207 4046 370 4115 appareant
390 3977 573 4107 hominihus,
604 4055 637 4094 ac
663 4033 763 4095 fucosa
787 4031 980 4092 sanctimonia
997 4050 1030 4090 se
1049 4029 1214 4106 venditent,

49 4057 112 4174 sei
111 4113 226 4186 Deum,
246 4111 296 4190 qui
307 4112 440 4173 cordium
461 4111 600 4202 cognitor
620 4122 673 4183 est,
692 4131 754 4170 non
773 4109 867 4172 latere
887 4126 962 4187 quae
983 4127 1082 4168 coram
1101 4104 1214 4198 mundo

49 4189 242 4250 abscondunt
259 4187 338 4248 vitia.
377 4187 440 4249 Ubi
466 4199 553 4248 ettam
578 4187 740 4246 notandum
768 4196 812 4247 est
836 4187 913 4245 inter
932 4183 990 4244 Dei
1011 4193 1042 4242 et
1061 4183 1212 4244 hommum

49 4265 158 4327 iudicia
180 4263 348 4326 discrimen:
370 4264 448 4346 qnia,
468 4283 557 4345 quum
578 4263 704 4324 externis
724 4263 809 4324 larvis
819 4259 961 4343 plaudant
971 4259 1116 4337 homines,
1136 4261 1213 4341 apud

49 4341 108 4404 Dei
128 4340 264 4402 tribunal
285 4340 358 4401 nihil
399 4353 496 4402 raeter
513 4341 659 4401 sincerum
680 4361 733 4400 cor
753 4339 905 4421 probatur.
944 4337 1071 4398 Additur
1090 4337 1213 4420 insignis

47 4419 217 4494 sententia,
246 4364 396 4498 quicquiti)
407 4418 554 4480 excelsum
577 4417 711 4478 homines
735 4417 861 4492 ducunt,
889 4413 1128 4478 Mortuum
1150 4433 1213 4474 esse
