2768 4834
466 231 600 294 omno
619 248 656 296 m
675 245 802 296 moure.
824 269 832 303 v,
1139 245 1200 308 10⁸1

931 341 935 368 Ι

6 419 7 422 =
57 403 147 460 nsque
166 380 370 462 blasphemias
390 384 559 462 prosiliunt:
589 385 645 448 nisi
666 386 855 466 obtemperat
881 387 958 447 votis
977 391 1101 462 nostris,
1130 411 1193 453 non

6 463 8 520 l
56 471 208 537 putamus,
239 459 316 543 satis·
336 479 399 520 csse
423 482 493 543 erga
518 483 573 522 nos
597 461 759 526 liberalem.
803 463 889 522 ltlulti
909 464 946 538 de
966 463 1112 526 inellabili
1131 468 1192 528 eius

6 583 7 602 ,
56 535 249 614 providentia
274 536 448 615 arcanisque
472 538 584 600 iudiciis
610 539 656 604 vel
687 539 789 600 iocose
813 540 959 632 garriunt:
990 559 1078 622 saepe
1104 543 1203 604 etiam.

55 623 279 670 sacrosanctum
311 613 375 676 eius
407 633 515 676 nomen
541 616 578 674 ad
603 636 696 676 crassa
722 616 848 676 ludibria
868 615 1025 698 abripitur:
1044 618 1200 698 'denique

57 709 119 766 pars
138 687 251 748 mundi
271 688 536 752 eiussanctiuten
562 703 702 770 quantum
726 693 756 751 in
781 713 812 753 se
835 692 1050 774 est-prolanat.
1090 693 1193 769 Quar'e

56 787 114 824 non
134 765 249 824 mirum
270 778 332 839 est,
364 765 388 826 si
419 766 514 845 primo
540 767 609 828 loco
634 779 736 850 petere
761 768 910 842 iubemur,
942 781 977 828 ut
998 761 1193 832 reverentiam
1296 791 1301 796 '

56 841 171 916 qualem
193 853 329 900 meretur
348 841 380 900 in
402 844 675 904 mundo-obtineat.
715 846 873 908 Caeterum
889 847 970 910 ,baec
986 869 1048 908 nou
1067 848 1116 910 vul
1138 847 1194 908 aris
1217 862 1224 879 ¹

56 917 191 997 dignatio
214 929 268 988 est,
289 921 371 996 quod
391 918 471 978 Deus
491 921 605 1002 gloriae
625 943 694 980 suae
714 922 838 982 studium
859 923 945 984 uobis
965 945 1100 986 commen
1124 936 1162 983 at.
1244 947 1249 960 ⁸

127 1001 181 1060 10.
226 993 340 1052 Veniat
357 1017 476 1072 ragnum
494 1011 581 1056 trum.
621 997 798 1076 Quanquam
816 997 939 1060 verbum
958 1020 1097 1082 graecum
1114 1000 1193 1062 sim-

6 1113 7 1122 .
56 1069 119 1148 pler
144 1077 211 1142 cst,
250 1091 354 1130 sensus
379 1083 475 1132 tamen
502 1073 633 1134 manebit
658 1074 791 1156 integer,
807 1131 811 1138 .
828 1075 852 1136 si
881 1073 1011 1157 legamus
1035 1077 1203 1158 Adveniet,

72 1147 305 1210 ucmadmodum
327 1159 410 1216 vetus
429 1149 576 1229 interpres
596 1150 731 1210 reddidit.
767 1151 868 1212 Primo
888 1165 984 1212 autern
1004 1153 1132 1218 tenenda
1149 1164 1194 1214 cst

56 1169 193 1282 definitio
215 1223 302 1304 regni
321 1225 391 1284 Dei.
429 1225 569 1301 Regnare
593 1227 672 1286 enim
697 1227 804 1286 dicitur
827 1227 905 1288 inter
925 1229 1072 1305 homiues,
1103 1251 1200 1323 quum

6 1311 7 1326 ¹
58 1321 144 1358 carne
171 1320 226 1359 sua
252 1299 308 1358 sub
334 1299 435 1382 iugum
461 1303 595 1376 redacta,
626 1313 657 1361 et
679 1302 737 1362 suis
763 1303 969 1381 cupiditatibus
995 1307 1093 1367 valere
1112 1306 1205 1367 russis.

58 1375 95 1434 dli
127 1393 160 1436 se
191 1376 345 1456 regendos
372 1377 449 1437 ultro
474 1378 613 1438 addicunt
638 1390 668 1438 et
686 1379 815 1441 tradunt.
852 1377 928 1438 Nam
947 1381 979 1438 in
998 1381 1053 1442 bac
1071 1393 1204 1460 naturaeg

59 1451 254 1530 corruptione
285 1473 390 1512 omnes
421 1455 515 1514 nostri
540 1455 664 1518 allectus
689 1451 814 1518 totidem
838 1467 907 1514 sunt
924 1455 1053 1517 Satanae
1076 1457 1204 1532 milites,·

59 1529 105 1604 φὶ
124 1529 188 1588 Dei
209 1527 338 1588 institiae
359 1529 511 1604 resistunt,
543 1532 633 1591 etita
652 1551 776 1613 regnum
795 1529 857 1590 citas
872 1531 1042 1612 impediunt
1064 1533 1112 1594 vel
1131 1545 1196 1592 tur-

59 1605 137 1663 bant.
179 1604 284 1678 Quare
307 1606 361 1686 bac
382 1607 553 1685 precatione
573 1620 722 1688 optamus,
751 1619 785 1666 ut
803 1607 924 1668 sublatis
943 1609 1080 1670 omuibus
1099 1610 1205 1690 impe-1

60 1680 196 1740 diruentis
216 1681 272 1740 sub
293 1681 451 1762 imperium
469 1706 552 1744 suurn
571 1685 687 1766 redigat
705 1695 828 1744 cunctos
847 1685 1003 1759 mortales,
1028 1693 1139 1766 eosque
1158 1687 1195 1746 ad

59 1757 284 1818 meditationem
303 1758 381 1818 vitae
401 1759 535 1820 coelestis
555 1761 687 1822 adducat.
726 1761 793 1822 iloc
813 1771 912 1822 autem
933 1761 1093 1843 iit'partim
1111 1762 1197 1825 verbi

61 1833 298 1913 praedicatione,
328 1835 435 1915 partim
462 1857 565 1898 arcana
584 1837 693 1896 virtute
714 1837 850 1916 Spiritus.
889 1837 991 1899 Verbo
1011 1859 1069 1900 suo
1084 1838 1196 1931 pober-

60 1931 128 1969 nare
148 1909 213 1970 uult
234 1911 387 1984 beurunes,
414 1912 465 1972 sed
491 1913 557 1991 quia
583 1914 660 1974 nuda
680 1934 753 1990 vox,
779 1913 836 1974 nisi
860 1915 981 1976 accedat
1004 1915 1130 1976 interior
1152 1915 1196 1976 ris

61 1985 206 2065 Spiritus,
235 2007 328 2065 usque
350 1987 380 2046 in
400 1989 490 2048 corda
510 2010 572 2049 non
592 2002 743 2069 penetrat,
773 1990 914 2071 coniungi
933 2003 1090 2072 utrumque
1109 1991 1197 2052 simul

61 2075 193 2142 oportet,
212 2075 247 2130 ut
265 2063 429 2124 stabiliatur
439 2063 500 2124 Dei
515 2085 648 2146 regumn.
687 2067 846 2126 Precamur
865 2077 952 2150 erg'o,
971 2080 1003 2127 ut
1021 2087 1101 2129 suam
1113 2067 1208 2130 Deus

62 2151 240 2218 potestatem
261 2152 375 2200 exserat
393 2152 452 2200 tam
470 2141 575 2202 Verbo
596 2163 682 2221 quam
701 2141 831 2222 Spiritu,
850 2154 884 2201 ut
902 2143 998 2210 soilli
1016 2143 1095 2204 ultro
1115 2155 1196 2205 totus

62 2217 186 2275 mundus
198 2215 344 2276 subiiciat.
383 2217 491 2298 Regno
501 2218 561 2278 Dei
580 2219 742 2298 opponitur
762 2220 858 2280 omnis
877 2227 1025 2290 dratta'et
1043 2220 1196 2282 conimiot

62 2312 158 2370 neque
179 2291 260 2352 enim
281 2293 436 2372 quicquam
456 2294 622 2356 ordinatum
643 2294 736 2354 estin
756 2296 882 2372 mundo,
894 2295 963 2356 misi
982 2317 1071 2374 quum
1090 2296 1196 2357 mode·
1238 2314 1240 2336 t

62 2381 142 2428 ratur
159 2369 169 2426 i
193 2389 224 2430 sc
245 2391 335 2430 marm
353 2391 404 2428 sua
424 2370 547 2430 consilia
568 2383 598 2430 et
617 2371 767 2432 allectus.
790 2371 868 2431 Hinc
884 2371 1061 2453 colligimus,
1079 2372 1195 2432 initium

63 2445 145 2526 regni
166 2389 226 2504 bei
245 2447 277 2504 in
297 2445 385 2508 uobis
404 2446 593 2514 esse'vetcris
614 2446 740 2506 hominis
759 2446 910 2507 interitum
939 2461 969 2506 et
987 2449 1082 2507 nostri
1101 2448 1196 2518 abne·

63 2521 225 2602 gationem,
245 2535 277 2580 ut
297 2542 476 2582 renovemur
494 2523 524 2582 in
545 2523 629 2584 aliam
648 2522 747 2582 vitam.
786 2523 897 2582 Verum
918 2521 977 2582 alio
997 2523 1084 2582 etiam
1104 2521 1211 2582 modo*

64 2609 167 2679 regnat
185 2598 280 2671 Deus,
302 2599 371 2674 mim
392 2599 489 2660 hostes
508 2620 576 2660 suos
598 2598 775 2677 prosternit,
803 2607 917 2658 etcum
938 2597 1046 2657 Satana
1065 2599 1210 2679 ipsorum.
1295 2620 1297 2632 ¹

64 2676 158 2754 capite
183 2673 297 2746 invitos,
320 2675 428 2765 redigit
456 2675 511 2734 sub
537 2685 714 2756 potestatem
738 2695 834 2746 suam,
874 2675 970 2736 donee
998 2673 1071 2733 liant
1093 2694 1199 2734 omnes

64 2751 222 2812 scabellum
243 2753 354 2841 pedum
377 2771 448 2811 erus.
500 2751 602 2826 Quare
626 2771 736 2812 summa
762 2749 846 2810 buius
872 2750 1052 2830 precationis
1076 2761 1135 2824 est,
1164 2759 1198 2808 ut

65 2827 142 2887 licus
166 2827 252 2888 verba
275 2827 323 2890 sui
347 2827 412 2887 tuce
432 2829 573 2888 mdndum
597 2827 733 2900 irradiet,
763 2823 889 2906 Spiritus
913 2827 958 2888 sui
982 2825 1083 2888 afflatu
1107 2826 1199 2887 eorda

67 2904 173 2964 lormet
197 2905 228 2964 in
254 2903 430 2992 obsequium
460 2904 585 2964 iustitiae
613 2923 697 2978 suae,
728 2903 868 2982 quicquid
897 2915 942 2964 est
965 2902 1135 2986 dissipatum
1164 2903 1196 2961 iia
1248 2927 1252 2938 ·

66 2993 139 3040 terra
159 2979 220 3040 suis
240 2979 428 3059 auspic-risio
449 2980 583 3042 ordinem
603 2980 746 3040 restituat.
772 2979 941 3042 'Exordium
960 3001 1032 3040 vero
1051 2977 1210 3063 regnandi

67 3057 133 3116 lacit
150 3077 171 3116 a
187 3055 362 3148 subigendis
387 3056 482 3118 carnis
508 3068 625 3116 nostrae
651 3055 869 3135 cupiditatibus.
918 3057 979 3116 Iam
1002 3077 1092 3132 vero,
1126 3055 1197 3137 quia

64 3153 188 3215 regnum
212 3134 272 3192 Der
302 3154 356 3210 per
387 3133 543 3194 continuos
570 3152 741 3212 progressus
768 3145 893 3214 augetur
918 3155 950 3192 us
972 3153 1010 3192 ue
1034 3133 1071 3192 ad
1094 3131 1198 3192 mundi
1286 3195 1289 3200 ,

68 3210 165 3282 luem,
184 3230 306 3270 neccsse
327 3221 372 3268 est
391 3207 523 3287 quotidie
543 3222 647 3288 optare
667 3209 905 3269 eiusadrentum.
945 3155 1099 3284 Quantum
1118 3209 1198 3270 enim

66 3287 224 3366 iniquitatis
245 3295 395 3366 grassatur
415 3285 444 3344 iu
464 3287 585 3358 mondo,
603 3285 775 3344 tantundem
788 3285 872 3344 abest
891 3307 1016 3368 reguum
1026 3285 1096 3358 Dei,
1115 3285 1198 3366 quod

66 3383 160 3422 secum
191 3361 284 3422 allert
315 3360 432 3440 plenam
460 3361 674 3422 rectitudinem.
712 3359 784 3420 Fiat
804 3361 936 3422 volentes
961 3376 1021 3422 tan.
1066 3360 1198 3422 Tametsi

67 3460 120 3497 ana
139 3451 185 3499 cst
204 3461 239 3498 ac
259 3437 383 3516 simplex
401 3437 461 3496 Dei
479 3437 625 3511 voluntas,
645 3436 726 3517 quod
744 3437 781 3498 ad
801 3437 895 3528 ipsum
914 3449 1043 3518 spectat,
1061 3438 1198 3498 bilariam

67 3527 161 3574 tamen
184 3515 275 3574 nobis
301 3513 332 3572 iu
357 3513 518 3594 Scripturis
543 3514 731 3594 proponitur.
777 3514 897 3574 Ducitur
923 3515 1003 3576 enim
1026 3515 1093 3576 fieri
1116 3513 1199 3606 qnod

66 3590 133 3650 Deo
163 3590 293 3672 placuit,
324 3611 411 3668 quum
437 3610 542 3662 arcana
563 3590 766 3670 providentiae
790 3601 859 3652 suae
879 3592 997 3652 decreta
1022 3595 1201 3672 emequttun,

68 3666 136 3726 licet
154 3666 372 3728 contumaciter
391 3665 422 3724 in
442 3667 590 3726 aduersam
631 3678 724 3756 artepo
744 3666 1030 3732 nitanturbomines.
1068 3666 1130 3726 Sed
1148 3664 1199 3723 laic
1229 3679 1233 3687 “

69 3743 201 3804 iubemur
218 3743 282 3803 alio
303 3743 393 3802 modo
414 3743 541 3821 precari,
558 3755 590 3826 ut
609 3688 660 3803 iat
679 3763 741 3804 ems
754 3743 902 3804 voluntas:
922 3765 1031 3824 nempe
1041 3755 1074 3802 nt
1084 3739 1198 3821 placide
1288 3772 1292 3797 ι

70 3832 97 3878 et
114 3821 225 3902 absque
253 3819 451 3900 repugnantia
477 3818 521 3878 illi
545 3818 754 3900 obtemperent
778 3839 881 3880 omnes
906 3833 1066 3882 creaturae.
1105 3813 1222 3894 Quod=

70 3917 101 3954 ex
119 3895 344 3987 comparatione
364 3894 465 3956 melius
485 3895 589 3973 liquet:
629 3916 696 3955 nam
720 3895 805 3956 sicuti
829 3898 951 3978 angelos
972 3905 1089 3976 praesto
1109 3891 1201 3953 habet

6 4031 7 4054 ,
70 3973 103 4032 ad
121 3994 222 4034 omma
243 3971 383 4051 mandata
407 3971 502 4050 (unde
529 3982 559 4030 et
583 3971 707 4032 ministri
731 3985 875 4034 vocantur
893 3974 924 4032 in
945 3974 1006 4032 eius
1025 3969 1199 4048 obsequium

69 4069 179 4131 semper
192 4045 318 4129 parati),
337 4045 376 4107 ita
396 4047 529 4127 cupimus
549 4069 650 4112 omnes
670 4049 822 4110 bominum
840 4033 1008 4109 volunlates
1024 4045 1149 4106 formari
1168 4047 1200 4105 in

70 4145 130 4186 eum
150 4125 283 4186 iustitiae
303 4123 362 4182 Dei
381 4142 571 4196 consensum,
600 4136 633 4184 ut
651 4135 759 4204 sponte
777 4127 934 4186 flectantur
973 4143 1130 4204 uocunque
1150 4123 1202 4184 ille

71 4202 212 4264 annuerit.
254 4202 311 4260 Est
329 4198 446 4277 quidem
467 4201 524 4260 boc
565 4200 624 4263 ium
643 4213 760 4276 votum,
783 4200 836 4261 ubi
855 4221 910 4262 nos
928 4223 962 4262 su
984 4199 1123 4262 mittimus
1141 4199 1202 4260 Dei

71 4277 208 4354 arbitrio,
239 4276 361 4354 eiusque
381 4276 495 4357 placitis
514 4221 738 4354 subscribimus,
776 4277 828 4338 sed
847 4277 919 4338 baec
939 4275 1071 4357 precatio
1090 4275 1201 4356 aliquid

71 4355 191 4438 amplius
213 4351 365 4430 conduct,
402 4373 509 4434 nempe
534 4364 569 4416 ut
584 4354 667 4417 Deus
692 4353 804 4418 abolita
822 4353 904 4417 omni
927 4355 1078 4418 bominum
1097 4364 1204 4416 coutu-
