2766 4834
200 269 260 336 112
350 259 517 328 steno
538 261 591 329 tv.
616 261 709 324 *lesu
728 271 914 334 asrrrsarus
934 273 1178 324 ur··rssrsrrn.

201 417 307 492 lictus,
332 427 366 478 ut
383 415 527 499 neglectis
545 415 664 490 mediis,
684 385 760 506 quae
779 413 952 488 edmarum
972 425 1055 490 sunt,
1072 435 1105 484 se
1126 415 1220 496 ipsunt
1241 417 1344 496 proii-

202 496 260 556 ciat
285 495 350 556 sine
370 495 542 557 necessitate
566 493 596 552 in
616 495 802 554 rnamtesmrn
822 489 989 566 diserhuen,
1009 503 1039 551 et
1056 492 1139 582 ‚qnasi
1153 504 1232 553 entra
1245 507 1344 554 metas

200 570 333 632 exsultet.
364 571 457 650 Atqui
476 581 509 629 ut
528 567 625 652 frangi
644 589 698 629 nos
718 569 839 628 minime
860 568 1010 643 convenit,
1030 566 1080 626 uhr
1095 577 1191 627 rerum
1204 571 1343 630 omniurn

102 643 111 662 ⁸
198 649 302 738 inopia
323 647 491 728 premimur,
511 645 582 725 quin
603 645 781 726 pendeamus
801 643 888 725 albei
907 643 1024 716 fiducia,
1043 644 1085 704 sic
1106 645 1206 704 cristas
1218 637 1343 728 erigere

198 745 262 786 non
282 723 361 797 licet,
382 734 416 796 pt
434 721 518 782 altius
539 743 625 801 quam
644 722 727 782 Deus
747 721 895 812 permittit
911 741 965 780 nos
986 721 1153 794 efferamus.
1185 723 1342 783 Tenemus

197 821 294 873 nunc,
314 798 399 880 quale
419 799 510 860 fuerit
528 799 654 870 Satanae
674 799 842 861 cousrliuma
870 813 976 878 nempe
996 809 1029 856 ut
1049 797 1199 872 Christus,
1220 801 1343 878 experi-

197 881 330 936 mentum
359 881 494 954 capturus
518 895 587 936 suae
613 874 789 950 divinitatis,
826 873 914 934 stulta
931 877 972 934 'et
995 873 1086 955 impia
1111 875 1277 934 temeritate
1303 876 1341 934 in

197 953 296 1012 Deum
315 952 492 1033 insurgeret.
536 980 540 988 ,

261 1031 302 1092 ’6.
339 1027 466 1103 Angelis
482 1031 543 1088 sru's
560 1023 708 1086 mandabit
725 1025 761 1085 do
778 1039 821 1100 te,
851 1039 878 1086 ut
895 1023 1027 1096 manlius
1044 1041 1094 1093 ete.
1132 1027 1270 1088 Notauda
1292 1041 1342 1090 est

196 1105 270 1166 haec
281 1104 407 1170 Satanae
426 1103 547 1180 malitia,
567 1104 647 1184 quod
659 1101 829 1184 Scriptum
849 1103 1020 1164 testimonio
1040 1103 1181 1184 ahptitur,
1201 1117 1233 1165 ut
1245 1107 1339 1166 vitam

197 1181 320 1243 Christo
340 1180 524 1242 mortiferam
545 1180 658 1254 reddat,
677 1199 844 1316 panemque
864 1186 1018 1240 convertat
1030 1179 1060 1238 in
1072 1201 1226 1240 venenum.
1254 1181 1339 1244 Nam

196 1257 303 1318 eodem
316 1257 463 1348 'quotidie
491 1255 615 1316 artificio
642 1267 684 1314 utr
705 1276 767 1315 non
808 1254 910 1330 esinit,
942 1267 973 1316 et
991 1255 1086 1316 voluit
1106 1257 1163 1316 hoc
1183 1269 1338 1320 certamen

195 1333 346 1394 subirem
365 1353 415 1394 sua
435 1348 562 1414 persona
572 1330 746 1405 FiliusDei,
763 1333 815 1412 qui
834 1351 990 1392 commune
1010 1343 1054 1393 est
1073 1333 1337 1411 piorumomnium

195 1409 361 1491 exemplar,
380 1421 414 1470 ut
430 1409 489 1470 sihi
508 1429 612 1470 ornnes
624 1408 733 1476 ,sedulo
755 1427 858 1470 cavere
879 1407 1003 1484 discant,
1022 1429 1060 1468 ue
1080 1408 1176 1470 fallaci
1196 1410 1337 1491 Scriptu-

194 1506 247 1548 rae
267 1479 571 1567 pr'a'etextu'in'cidant
591 1485 621 1544 in
642 1485 768 1544 Satanae
788 1485 919 1565 laqueos.
959 1485 1022 1546 Nec
1042 1485 1172 1546 dubium
1185 1498 1238 1560 est,
1259 1489 1337 1568 quin

193 1562 342 1624 Dominus
361 1574 474 1622 tantmn
494 1561 639 1622 concedat
657 1561 735 1621 hosti
755 1573 857 1622 nostro
878 1560 1025 1634 licentiae,
1045 1583 1083 1622 ue
1102 1564 1197 1622 securi
1211 1575 1336 1644 torpea-

193 1661 282 1713 mus,
304 1641 354 1700 sed
374 1640 466 1720 magis
484 1638 592 1698 intenti
610 1637 699 1696 simus
718 1638 754 1697 ad
769 1638 1066 1720 agendasexcuhias.
1114 1638 1275 1700 Caeterum
1295 1661 1337 1700 ne

194 1715 393 1796 praeposteris
413 1713 580 1774 hominihus
600 1713 708 1786 similes
728 1712 825 1789 simus,
846 1715 897 1793 qui
911 1715 1094 1794 Scripturam
1115 1716 1197 1795 quasi
1215 1717 1334 1776 flexilo-

194 1813 282 1872 quam
302 1789 466 1864 abiiciunt,
496 1801 655 1926 propterea
683 1790 764 1868 quod
790 1811 854 1850 eam
878 1791 1024 1852 adulterat
1043 1792 1190 1852 diabolus:
1223 1815 1334 1874 nempe

194 1869 297 1930 eadem
324 1887 408 1928 causa
433 1889 449 1927 a
468 1868 495 1928 ci
519 1865 541 1926 is
562 1866 767 1926 abstinendum
787 1879 879 1938 esset,
910 1888 950 1927 ne
974 1867 1124 1930 veneficiis
1145 1881 1221 1944 esset
1239 1868 1334 1930 locus.

193 1941 339 2012 Prosauat
356 1943 481 2006 verbum
501 1942 560 2002 Dei
581 1943 684 2018 Satan,
704 1954 735 2002 et
753 1943 785 2003 in
805 1943 924 2002 exitium
943 1957 1076 2004 nostrum
1097 1957 1236 2024 torquere
1256 1947 1334 2006 niti-

193 2032 256 2081 tur:
281 2020 377 2099 atqui,
404 2041 493 2100 quum
514 2019 652 2080 divinitus
672 2020 839 2080 ordinatum
858 2019 897 2080 sit
915 2020 1002 2081 nohis
1022 2020 1052 2080 iu
1072 2020 1210 2092 salutem,
1230 2043 1268 2082 an
1288 2024 1333 2088 ir-

192 2097 282 2162 ritum
308 2096 364 2158 erit
388 2095 447 2158 Dei
473 2096 645 2170 consilium,
675 2095 731 2154 nisi
755 2106 856 2159 nostra
884 2097 998 2177 ignavia
1023 2097 1155 2158 salutaris
1182 2099 1242 2160 eius
1262 2122 1333 2160 usus

118 2225 121 2232 r
192 2173 281 2234 nobis
300 2171 436 2253 petenti,
453 2175 517 2235 Nec
536 2193 607 2233 vero
628 2173 717 2308 lonqp
738 2171 936 2252 disputatione
958 2173 1028 2234 haec
1047 2195 1093 2234 res
1114 2175 1174 2234 indi
1197 2188 1242 2235 et:
1261 2187 1332 2236 tan-

192 2258 255 2310 turn
274 2261 449 2330 spectemus,
470 2250 539 2330 quid
559 2269 687 2329 praeserr
711 2261 740 2308 at
758 2247 847 2308 nobis
859 2247 992 2310 Christus
1011 2271 1065 2310 suo
1083 2196 1228 2331 exempllo,
1248 2255 1334 2332 quocl

191 2326 285 2390 instar
304 2327 424 2410 regulae
445 2326 531 2388 nohis
551 2327 733 2406 sequendum
754 2338 806 2385 est.
835 2328 883 2386 An
904 2325 1032 2386 Satanae
1053 2327 1132 2387 cedit
1143 2326 1332 2409 Scripturam

121 2431 135 2458 ‚x
191 2403 334 2464 scelerate
359 2403 532 2483 torquenti?
560 2423 598 2462 au
623 2402 803 2482 Sripturam,
835 2423 891 2481 qua
915 2423 945 2463 se
965 2403 1046 2482 prius
1066 2405 1205 2480 armavit,
1233 2409 1332 2466 excuti

190 2479 247 2540 sibi
266 2479 313 2540 vel
334 2479 408 2560 eripi
429 2478 559 2559 patitur?
584 2477 644 2538 imo
664 2477 781 2568 impiam
803 2477 930 2538 Satanae
949 2478 1122 2540 calumniam
1145 2481 1263 2543 obiecta
1283 2485 1331 2542 vi-

191 2557 287 2618 cissim
307 2556 460 2636 Scriptura
481 2555 598 2616 fortiter
617 2555 736 2616 refellrt.
780 2553 911 2616 Proinde
932 2557 1047 2634 quoties
1068 2557 1250 2637 Scripturam
1270 2561 1333 2620 suis

189 2631 312 2694 fallaciis
336 2631 482 2693 obtendet
504 2631 613 2707 Satan,
644 2644 675 2692 et
701 2631 758 2692 hoc
784 2632 889 2693 eodem
909 2643 1061 2712 praetextu
1079 2655 1134 2693 nos
1154 2635 1333 2698 adorientnr

188 2709 272 2790 impii
292 2709 438 2782 homines,
458 2720 490 2768 ut
509 2708 597 2768 fidem
618 2720 747 2768 nostram
769 2707 1007 2783 circumveniant,
1027 2729 1090 2769 non
1109 2709 1226 2773 aliunde
1240 2733 1331 2792 quam

190 2805 226 2847 ex
253 2785 407 2864 Scriptura
435 2785 575 2844 tutandae
603 2784 671 2844 fidei
703 2795 803 2844 nostra
829 2805 908 2844 arma
932 2797 1107 2846 mutuemur.
1167 2789 1331 2850 Caeterum

190 2861 246 2922 etsi
270 2859 426 2942 promissio
451 2859 521 2936 ista,
550 2859 672 2952 Angelis
697 2859 755 2920 suis
781 2860 933 2920 mandabit
953 2861 989 2920 de
1009 2873 1039 2922 te
1061 2875 1134 2937 ete,
1165 2866 1202 2924 ad
1222 2885 1330 2928 omnes

189 2925 292 2998 fideles
317 2935 464 3016 pertinet,
492 2937 658 3016 specialrter
682 2949 781 2996 tamen
805 2937 948 3016 competit
964 2937 1005 3016 ,in
1026 2937 1193 3017 Christum,
1243 2943 1274 3000 ui
1294 2955 1331 3006 ut

189 3025 236 3076 est
258 3013 348 3074 totius
373 3011 524 3072 Ecclesiae
551 3025 654 3094 caput,
685 3014 726 3073 ita
752 3013 815 3072 iure
842 3033 895 3094 suo
917 3027 1032 3093 praeest
1051 3017 1179 3097 angelis,
1207 2963 1329 3098 illisque

188 3089 285 3150 uestri
308 3109 408 3150 curam
435 3088 562 3172 delegat
611 3089 712 3166 Quare
738 3087 769 3147 in
797 3109 834 3149 eo
854 3091 987 3155 nondum
1006 3091 1083 3151 fallit
1102 3092 1211 3167 Satan,
1243 3099 1327 3174 qnod

187 3165 247 3226 hoc
273 3163 444 3226 testimonio
470 3165 580 3246 prohat
603 3164 725 3247 angelos
752 3165 876 3230 Christo,
892 3167 975 3226 datos
997 3188 1058 3228 esse
1078 3169 1242 3244 ministros,
1276 3175 1329 3262 qui

189 3263 256 3305 eum
281 3241 463 3316 custodiant,
493 3255 523 3302 et
546 3243 679 3304 manibus
703 3243 761 3309 suis
788 3254 924 3322 portent,
957 3243 1008 3303 sed
1028 3244 1059 3302 in
1081 3266 1117 3306 eo
1138 3258 1183 3306 est
1200 3247 1330 3324 fallacia,

189 3320 272 3398 quod
291 3317 465 3399 angelorum
485 3321 646 3380 custodiam
667 3320 703 3381 ad
723 3338 828 3399 vagum
849 3331 879 3379 et
899 3320 1085 3382 temerarium
1099 3343 1213 3382 cursum
1225 3326 1328 3400 trabit,

189 3416 264 3476 quae
290 3405 360 3456 tunc
386 3395 502 3454 demum
520 3394 608 3468 ¹Filiis
627 3397 685 3456 Dei
706 3393 902 3476 promittitur,
933 3397 1001 3456 dum
1020 3417 1051 3458 se
1071 3399 1229 3459 continent
1248 3401 1328 3464 iutra

186 3493 255 3551 suos
265 3471 337 3532 fines
349 3482 379 3530 et
391 3469 421 3530 in
432 3471 485 3532 viis
495 3472 553 3532 suis
564 3472 722 3534 ambulant
743 3471 873 3550 Siquam
884 3472 1034 3553 emphasin
1047 3474 1137 3535 hahet
1147 3476 1218 3536 haec
1232 3480 1327 3558 parti-

187 3547 252 3610 cula
264 3547 327 3626 (Ps.
337 3555 386 3622 91,
399 3549 472 3626 th),
491 3547 530 3608 ln
550 3547 680 3609 omuibus
697 3550 751 3608 uiis
768 3551 836 3622 tuis,
856 3551 1031 3609 sententiam
1051 3551 1222 3631 Prophetae
1233 3557 1326 3614 Satan

185 3625 315 3708 maligue
335 3625 498 3705 corrumpit
516 3637 548 3684 et
566 3626 691 3700 mutilat,
710 3623 875 3706 promiscue
889 3638 919 3684 et
931 3625 1052 3686 confuse
1066 3627 1326 3711 earn'detorquens

185 3705 222 3764 ad
249 3723 340 3784 vagos
368 3710 398 3763 et
422 3719 565 3762 erroneos
590 3723 698 3762 cursus.
743 3699 831 3760 lubet
853 3701 935 3762 Deus
962 3723 1017 3762 nos
1044 3704 1193 3764 ambulare
1218 3707 1250 3766 in
1271 3709 1326 3768 viis

185 3779 304 3854 nostris,
324 3799 354 3848 et
369 3791 443 3838 tunc
463 3778 585 3860 angelos
605 3775 780 3859 pronuntiat
799 3778 865 3839 fore
884 3777 972 3839 nohis
993 3782 1143 3842 custodes:
1164 3781 1257 3843 Satan
1270 3805 1326 3844 an-

184 3857 319 3938 gelorum
344 3853 506 3915 custodiam
532 3852 697 3916 obtendens
723 3853 873 3914 Christum
899 3856 1050 3930 hortatur,
1081 3869 1114 3917 ut
1133 3855 1190 3918 sibi
1210 3871 1325 3924 temere

207 3932 348 3992 ericolum
368 3941 509 4006 arcessat,
537 3932 597 3992 acsi
617 3931 744 4002 diceret,
765 3929 798 3990 Si
822 3942 851 3990 te
871 3930 1009 4012 proiicias
1028 3931 1060 3991 in
1080 3947 1205 3994 mortem
1227 3936 1325 3998 invito

183 3955 262 4081 ileo,
282 4006 382 4144 anqeli
401 4006 490 4065 vitam
509 4019 588 4066 tuam
610 4007 781 4070 defendent

259 4090 287 4149 7.
348 4087 471 4160 criptum
489 4097 540 4162 est,
559 4105 619 4144 stou
636 4081 755 4144 mutabis
774 4083 942 4144 Dominum.
981 4086 1008 4144 A
1031 4086 1140 4146 tissime
1159 4089 1325 4167 respondet

184 4157 328 4230 Christus,
347 4180 409 4219 nou
430 4159 515 4220 aliter
532 4161 709 4240 sperandum
729 4181 802 4236 esse,
822 4158 901 4240 quod
923 4161 981 4222 illic
1025 4181 1075 4222 eus
1095 4163 1231 4224 auxilinm
1248 4187 1322 4244 pro-

181 4233 281 4305 mittit,
302 4235 430 4312 quamsi
451 4235 582 4296 modeste
603 4236 647 4296 illi
666 4255 698 4296 se
717 4238 864 4318 regendos
885 4236 985 4298 fideles
998 4240 1198 4300 committant:
1220 4263 1322 4322 neque

182 4309 260 4371 enim
270 4308 329 4368 Dei
348 4310 591 4386 promissionibus
610 4311 698 4374 aliter
716 4335 868 4394 possumus
888 4313 985 4386 inniti,
1005 4335 1093 4394 quam
1112 4317 1137 4376 si
1157 4317 1218 4378 eius
1234 4340 1321 4376 man-

181 4385 255 4446 datis
286 4385 484 4464 obsequimur.
540 4387 638 4452 Porro
670 4411 760 4472 quum
789 4395 920 4455 tentetur
942 4391 1024 4452 Deus
1050 4392 1185 4473 pluribus
1213 4394 1322 4472 modis,
