2764 4846
183 271 227 322 ιι
421 286 427 298 ,
454 313 459 320 .
539 313 543 320 .
597 257 904 324 ARGUMENTUM.

182 411 282 474 Etiam
301 423 332 475 et
342 411 447 475 Amen
485 413 526 473 Et
544 423 625 473 certe
641 409 768 494 gratuita
788 411 933 493 adoptio,
941 429 999 492 qua
1019 372 1072 472 hlii
1086 409 1145 474 Dei
1164 407 1330 488 efficimur,

182 505 259 566 sieut
277 504 316 566 ab
335 515 460 568 aetemo
480 504 576 566 Patris
595 501 785 586 heneplacito
809 515 935 584 manat,
957 505 998 566 ita
1015 504 1050 564 in
1070 523 1107 564 eo
1126 499 1215 601 oqhis
1235 513 1329 583 pate-

183 597 262 660 facta
281 609 336 674 est,
356 601 436 680 quod
449 597 583 662 Christus
603 599 670 678 (qm
681 619 785 660 unicus
802 609 905 658 natura
919 595 1010 658 Filius
1030 597 1090 674 est)
1110 615 1199 658 carne
1218 608 1329 658 nostra

182 690 303 752 indutus
321 711 377 752 nos
395 690 482 750 sihi
471 711 503 752 ιιι
523 689 628 751 fratres
647 691 758 754 ascivit.
797 691 946 772 Expiatio,
966 710 1023 771 qua
1036 689 1174 752 delentur
1188 701 1332 772 peccata,

182 803 222 842 ne
242 781 364 862 amplius
388 779 556 844 maledictio
583 793 615 844 et
637 783 741 845 mortis
769 783 908 845 iudicium
934 781 1022 845 nohis
1040 781 1229 860 incumbant,
1258 804 1328 844 ιιοιι

161 869 171 904 ¹
182 874 254 936 alibi
274 893 361 954 quam
387 873 419 934 in
444 873 587 938 sacrificio
613 877 718 940 mortis
743 875 805 938 eius
831 877 1009 958 quaerenda.
1047 875 1162 938 lustitia
1193 885 1224 942 et
1243 874 1328 936 salus

81 1001 84 1012 ·
182 967 374 1048 perfectaque
406 967 530 1030 solicitas
562 968 594 1028 in
625 968 686 1030 eius
716 969 935 1032 resurrectione
964 969 1085 1032 lundata
1124 979 1201 1050 est,
1234 970 1327 1050 Ergo

181 1059 378 1144 Evangelium
396 1059 539 1122 sollennis
560 1073 604 1123 est
623 1061 822 1146 promulgatio
843 1063 883 1144 de⁴
899 1062 978 1124 Filio
997 1062 1057 1126 Dei
1077 1063 1109 1126 in
1128 1081 1217 1122 carne
1237 1061 1325 1122 exhi-

181 1148 257 1228 hito,
277 1163 311 1213 ut
328 1153 476 1234 perditum
495 1155 636 1214 mundum
655 1154 808 1232 instauret,
828 1177 861 1218 ac
881 1155 1016 1217 homines
1032 1154 1168 1215 restituat
1178 1173 1212 1213 er
1222 1165 1327 1215 morte

180 1245 213 1304 io
232 1245 332 1306 sitam.
368 1245 435 1307 Nec
460 1245 512 1307 ahs
537 1267 570 1307 re
590 1245 687 1309 honus
706 1259 830 1309 vocatur
854 1269 889 1310 sc
908 1247 1002 1309 laetus
1024 1247 1159 1323 ιιιιιιιιιι,
1198 1246 1324 1326 quando

179 1337 213 1398 in
233 1357 271 1398 eo
291 1337 463 1399 continetur
483 1339 616 1420 perlecta
636 1330 777 1402 felicitas:
803 1339 869 1400 finis
887 1341 967 1416 enirn
987 1351 1045 1418 est,
1065 1350 1098 1400 ut
1116 1358 1242 1422 regnum
1258 1339 1324 1399 Dei

179 1432 212 1492 in
232 1429 320 1492 nohis
338 1429 492 1509 inchoans,
511 1429 623 1493 ah'olita
642 1423 737 1494 carnis
757 1425 964 1514 corruptione,
983 1431 1088 1514 spiritu
1107 1443 1267 1494 renovatos
1288 1433 1323 1502 in

181 1524 341 1587 coelestem
361 1521 488 1608 gloriam
508 1526 643 1587 deducat.
677 1526 752 1602 Qun
772 1526 888 1587 ratione
907 1546 996 1608 saepe
1006 1515 1143 1612 Regnum
1164 1521 1322 1586 coelorum

178 1628 379 1698 nuncupatur,
400 1629 430 1679 et
449 1617 623 1679 instauratio
643 1618 750 1679 heatae
768 1619 846 1682 vitae
866 1640 921 1701 per
936 1619 1086 1682 Christum
1106 1617 1203 1696 allata,
1221 1617 1321 1682 inter-

180 1711 250 1774 dum
269 1731 396 1793 regnum
415 1707 489 1773 Dei:
510 1723 557 1787 ut,
577 1729 671 1792 quum*
687 1710 803 1777 Marcus
822 1715 892 1793 (16,
911 1715 975 1792 43.)
994 1705 1070 1772 dicit
1085 1709 1195 1793 iosiph
1214 1731 1321 1792 exspe-

178 1815 273 1866 ctasse
292 1801 505 1887 regnumDei:
525 1803 630 1884 procul
650 1803 743 1865 dubio
762 1804 799 1865 ad
809 1805 934 1867 Messias
953 1805 1110 1867 adventum
1129 1804 1160 1864 id
1178 1803 1320 1866 refertur.

85 1947 90 1970 ,
179 1899 269 1958 Unde
289 1907 420 1972 constat,
448 1895 479 1956 in
497 1897 616 1960 Novum
635 1899 859 1970 Testamentum
878 1897 1000 1979 proprie
1026 1908 1197 1978 competere
1215 1899 1319 1958 Evan-

178 1991 250 2074 gelii
269 2010 392 2067 nomen,
411 2011 468 2052 nec
487 1991 556 2051 satis
569 1992 707 2054 distincte
727 2013 778 2053 eos
799 1989 883 2072 loqui
899 1991 1069 2070 scriptores,
1090 1991 1141 2072 qui
1160 2011 1320 2052 commune

179 2083 303 2145 saeculis
324 2081 461 2146 omnibus
480 2081 616 2162 faciunt,
655 2106 712 2146 nec
736 2084 902 2165 Prophetas
926 2084 1022 2144 minus
1049 2104 1135 2162 quam
1153 2083 1320 2164 Apostolos

178 2176 336 2260 Evangelii
354 2175 509 2260 ministros
525 2198 588 2240 esse
589 2163 734 2262 putant
758 2177 866 2261 Lopge
878 2173 1122 2260 aliterChristus,
1142 2199 1192 2256 qur
1183 2177 1320 2262 Legem

179 2281 211 2332 et
219 2266 401 2352 Prophetas
403 2289 497 2352 usque
516 2271 553 2330 ad
564 2267 709 2334 Ioannem
730 2271 856 2360 viguisse
877 2269 987 2332 docens
1008 2269 1095 2354 (Luc.
1116 2267 1317 2368 16,16.,ιιι)

179 2384 217 2430 eo
237 2375 375 2445 tempore
393 2363 569 2449 pronuntiat
588 2364 786 2446 evangelizari
804 2375 947 2472 pceptunp
966 2383 1035 2437 csse
1045 2364 1105 2426 Dei
1124 2383 1265 2448 regnum,
1285 2377 1319 2426 ct

57 2523 59 2537 ,
176 2457 293 2522 Marem
304 2457 464 2541 Evangelii
483 2457 662 2528 exordium
653 2480 686 2520 m
705 2460 841 2546 loannp
838 2447 1066 2538 praedicatione
1078 2459 1187 2567 statuit,
1206 2471 1240 2522 ut
1258 2482 1317 2523 nu-

176 2573 233 2636 per
251 2551 362 2614 dictum
388 2565 441 2614 est
491 2550 651 2624 Caeterum
677 2572 741 2614 non
765 2559 878 2625 temere
904 2563 1049 2632 quatuor
1055 2533 1207 2650 historiis,
1239 2575 1317 2636 quae

178 2645 329 2730 Christum
351 2646 553 2729 Mediatoris
551 2645 653 2709 officio
681 2645 853 2706 defunctum
879 2665 942 2706 esse
966 2656 1111 2726 narrant,
1139 2617 1316 2723 nominatim

176 2719 245 2802 data
263 2739 321 2824 luit
345 2739 453 2801 haec‘
441 2741 607 2822 inscriptio.
650 2741 726 2802 Nam
752 2760 841 2824 quum
860 2719 976 2800 Christl
999 2730 1150 2831 ιιιιιιιιι,
1182 2761 1262 2826 mors
1284 2754 1318 2816 et

174 2816 354 2898 resurrectio
374 2845 468 2896 totam
490 2835 589 2896 salutis
609 2846 728 2899 nostrae
748 2851 890 2918 summam
909 2831 940 2910 iq
960 2851 992 2894 se
1012 2832 1202 2926 contineant,
1214 2811 1316 2898 sdeo'-

175 2946 235 3008 que
255 2926 379 3035 propria
395 2927 459 2988 siut
475 2927 537 2995 eius
556 2927 688 3004 materia,
707 2925 815 3032 meritq
835 2937 962 3006 apteque
981 2903 1187 3008 Evad'gelistae
1208 2920 1316 2988 dicun-

175 3020 261 3098 tur,
258 3020 322 3102 qui
343 3018 494 3082 Christum
511 3042 531 3082 a
548 3022 652 3083 Patre
657 3022 775 3082 missum
795 3031 864 3080 ante
884 3009 989 3096 oculos
1007 3017 1249 3100 repraesentant,
1280 3034 1317 3084 ut

177 3123 245 3178 eum
265 3113 369 3176 henne
388 3115 466 3176 vitae
485 3127 638 3196 auctorem
648 3125 792 3198 agnoscat
809 3114 883 3187 fides
897 3124 1007 3186 nostra.
1032 3110 1101 3188 Vim
1122 3109 1153 3173 ιι
1171 3111 1315 3176 effectum

176 3209 318 3274 ιιιιιιιιιι
342 3209 405 3272 eius
427 3210 521 3292 magis
546 3208 712 3292 exprimunt
736 3205 785 3268 alii
809 3207 897 3271 Nori
914 3205 1097 3280 Testamenti
1127 3195 1313 3271 lihri.1mo

174 3303 304 3366 Iosmses
324 3300 406 3364 hae
396 3325 428 3362 ιιι
447 3314 533 3384 parte
552 3301 676 3364 multtum
695 3301 799 3366 differt
817 3322 833 3362 a
852 3296 1090 3390 trihusreliquis,
1109 3300 1219 3378 quod'
1209 3323 1249 3386 ιιι,
1262 3323 1314 3364 cs-

172 3395 312 3478 plicanda
333 3395 573 3474 Christi,virtute
593 3395 756 3472 sttructu,
783 3395 834 3478 qai
853 3394 922 3456 iude
941 3383 980 3456 ad
999 3415 1054 3458 nos
1074 3393 1228 3480 provenit,
1247 3397 1314 3460 sere

175 3501 257 3565 totus
268 3487 322 3567 est,
341 3511 431 3571 quum
443 3489 487 3568 illi
505 3489 537 3550 in
557 3507 620 3551 uuo
636 3489 735 3572 capite
746 3489 838 3573 magis
850 3487 995 3564 insistant,
1015 3483 1165 3551 Christum
1176 3502 1313 3553 nostrum

51 3602 55 3613 ’
174 3584 268 3658 iilum
284 3607 346 3648 esse
370 3585 432 3650 Dei
454 3583 484 3660 ,F
487 3583 584 3660 ilium,
623 3584 674 3666 qui
698 3585 857 3668 promissus
887 3592 950 3662 crat
975 3575 1087 3662 inundo
1116 3583 1314 3680 Redemptor.

171 3679 349 3742 Doctrinarn
379 3678 498 3759 quidem
524 3677 705 3742 interserunt
730 3679 767 3745 de
794 3675 905 3744 Christi
929 3672 1049 3755 officio,
1087 3688 1128 3737 ut
1146 3689 1314 3756 teneamus,

171 3773 268 3854 qualis
287 3775 325 3836 sit
344 3772 407 3842 cias
425 3773 535 3856 gratia,
574 3785 606 3842 et
623 3793 763 3856 quorsum
782 3770 870 3834 nobis
892 3771 991 3836 datus:
1031 3771 1190 3870 praecipue
1209 3783 1314 3836 tamen

173 3868 256 3948 quod
275 3866 333 3930 dixi
352 3877 461 3950 agunt,
473 3865 635 3948 impletum
646 3888 716 3930 esse
727 3867 758 3931 in
770 3864 882 3931 Christi
898 3865 966 3930 Iesu
985 3885 1114 3974 persona
1135 3848 1313 3950 quodDeus

172 3960 241 4022 ah
232 3961 318 4022 mitio
338 3959 487 4040 pollicitus
507 3963 612 4024 suerat
644 3961 756 4041 Neque
776 3959 855 4023 enim
879 3959 991 4022 animus
1009 3949 1068 4022 illis
1087 3957 1134 4024 vel
1153 3959 1313 4025 eonsilium

171 4055 239 4129 luit,
257 4055 370 4136 Legem
389 4075 423 4116 ac
443 4054 608 4136 Prophetas
627 4056 742 4136 scriptis
761 4055 821 4116 suis
839 4053 973 4130 abolere,
995 4053 1242 4135 quemadmodum
1263 4055 1311 4116 la-

172 4149 262 4210 natici
281 4149 399 4229 quidam
418 4151 583 4228 somniant,
602 4169 814 4232 supervacuum
833 4171 913 4212 nunc
936 4169 998 4213 esse
1018 4149 1111 4210 Vetus
1131 4149 1310 4213 Testamen-

172 4257 307 4319 tumn
328 4257 462 4330 quo‘pcr
483 4245 632 4312 Christum
652 4258 683 4306 et
701 4245 865 4325 Apostolos
885 4243 1031 4326 patefacta
1051 4241 1139 4303 nohis
1160 4241 1215 4303 suit
1234 4263 1309 4304 coe-

171 4337 252 4408 lestis
270 4342 433 4432 sapientise
454 4341 574 4412 veritas:
614 4341 685 4422 quin
704 4341 803 4422 potins
824 4337 975 4418 Christum
995 4335 1089 4418 digito
1109 4347 1310 4400 monstrantes
