2764 4854
148 287 213 355 'stt
288 284 404 348 SECT.
425 284 488 345 xx.
533 299 666 346 currsrr
687 299 915 348 resurrectio
936 299 979 346 er
1000 299 1177 352 sscnssto.
1378 299 1379 360 l

233 437 338 503 blattb.
358 443 406 504 w.
443 435 587 499 Ducentos
611 459 659 500 eos
683 461 807 500 servare.
847 437 902 500 His
925 437 1023 501 verbis
1050 441 1100 520 (nt
1125 449 1198 500 ante
1223 439 1320 500 admo·
1378 437 1379 480 ³

95 555 98 565 ι
159 517 226 594 nui)
252 517 386 578 Christus
404 514 566 595 Apostolos
590 517 735 576 mittendo
760 517 906 592 ostendit,
936 537 969 576 se
994 516 1051 577 illis
1076 518 1109 576 in
1136 527 1236 576 totum
1261 537 1320 576 non
1378 527 1379 530 ’

159 595 310 676 resignare
333 613 397 652 suas
422 603 535 672 partes,
573 592 656 672 quasi
675 575 825 654 Eccilliae
850 607 919 654 suae
947 591 1089 675 magister
1117 613 1184 653 esse
1204 593 1320 653 desinat

158 671 234 732 Nam
253 668 415 750 Apostolos
436 689 502 728 cum
522 669 576 729 bac
596 689 665 729 exce
690 669 772 729 tione
791 667 927 745 dimittit,
953 689 992 730 ne
1035 668 1137 750 ropria
1160 681 1322 730 commenta

159 745 331 821 obtrudant,
350 745 400 804 sed
422 746 503 824 quod
514 745 576 825 ipse
593 690 752 819 mandavit,
772 745 807 806 de
822 767 910 806 manu
930 691 1136 838 (quodaiunt)
1156 745 1191 805 iu
1210 767 1322 806 manum

181 844 233 884 ure
253 834 283 884 et
301 822 429 884 fideliter
448 822 490 882 dis
513 833 625 882 ensent.
668 823 768 903 Atque
794 823 906 884 utinam
932 845 992 899 rus,
1023 822 1105 903 quod
1126 821 1187 882 sibi
1207 834 1321 902 arrogat

2 905 4 949 t
158 844 201 960 l‘n
225 919 251 976 a,
270 898 338 960 buic
357 919 389 959 re
412 843 667 960 ulaebubiiceret:
687 921 742 958 nos
759 898 836 959 enim
849 897 935 960 facile
955 910 1125 980 pateremur
1145 899 1244 979 ipsum
1265 919 1322 960 esse

3 1007 4 1016 κ
120 985 125 1001 ’
158 921 243 1037 Pelrt
261 975 309 1037 rel
327 919 412 1036 Paull
430 995 640 1050 successorem,
658 975 748 1038 modo
770 995 809 1036 ne
827 976 980 1058 tyrannice
1001 976 1032 1035 in
1053 976 1167 1037 animas
1189 977 1321 1036 domina·

160 1065 252 1114 retur.
292 1049 370 1113 sed·
401 1073 468 1111 uum
492 1052 654 1146 prolligato
675 1049 786 1113 Christi
806 1053 993 1134 magisterio,
1024 1053 1135 1133 putidis
1165 1053 1227 1112 suis
1246 1053 1325 1135 nugis
1378 1081 1379 1110 t

126 1155 133 1178 ι
162 1128 324 1190 Ecclesiam
344 1073 466 1200 inliciat,
484 1128 552 1188 satis
573 1130 641 1190 brnc
661 1139 785 1210 apparet
804 1150 890 1210 quam
909 1129 1002 1212 longe
1021 1129 1325 1212 amuneredposto
1378 1155 1379 1158 ¹

160 1205 220 1266 lico
241 1204 404 1268 desciverit
441 1203 609 1266 Teneamus
628 1205 660 1265 in
680 1226 807 1280 summa,
837 1206 881 1266 his
905 1205 1004 1268 verbis
1030 1206 1156 1287 praefici
1177 1204 1325 1266 Ecclesiae
1378 1257 1379 1280 ,

32 1287 57 1331 ἰ
161 1283 310 1358 doctores,
329 1302 392 1344 uon
412 1282 463 1362 qui
476 1282 632 1362 proferant
646 1282 785 1362 quicquid
804 1283 898 1346 visum
918 1283 1017 1359 luerit,
1036 1283 1089 1343 scd
1109 1281 1149 1342 ab
1172 1303 1230 1343 ore
1249 1283 1328 1342 unius
1378 1335 1379 1356 ,

161 1359 295 1440 magistri
315 1357 371 1444 ipsi
392 1378 512 1442 quoque
554 1359 691 1434 sulcant,
710 1371 744 1418 ut
757 1358 797 1434 ei,
816 1379 879 1419 non
898 1359 965 1434 sibi,
983 1360 1143 1439 acquirant
1162 1359 1327 1440 discipulos
1378 1397 1379 1400 =

161 1433 241 1496 Ecce
260 1456 312 1512 ego
329 1433 481 1497 esttecum.
522 1379 602 1510 duis
628 1435 811 1516 provinciam
831 1434 965 1496 Christus
984 1435 1149 1496 mandabat
1168 1435 1327 1518 Apostolis,

163 1533 250 1592 quam
269 1512 389 1572 minime
410 1511 495 1572 obire
515 1521 654 1592 poterant
672 1510 798 1572 bumana
817 1523 930 1572 tanturn
949 1511 1058 1574 virtute
1079 1512 1170 1588 l'reti,
1197 1511 1327 1572 coelestis

161 1587 207 1650 sui
225 1589 362 1669 praesidii
383 1587 487 1648 liducia
508 1609 560 1650 eos
579 1589 696 1652 animat
739 1589 814 1650 Nam
840 1600 996 1669 antequam
1022 1609 1056 1649 se
1081 1587 1142 1648 illis
1170 1589 1327 1648 allntnrnm

100 1703 104 1712 ·
160 1665 361 1748 promitteret,
377 1663 529 1760 praelatus
550 1677 604 1739 est,
624 1686 655 1726 se
671 1665 785 1748 Regem
806 1685 870 1725 esse
890 1664 967 1726 coeli
988 1678 1018 1726 et
1037 1677 1150 1740 terrae,
1171 1667 1225 1745 qni
1245 1687 1326 1725 mann

159 1761 212 1802 sua
232 1754 263 1802 et
280 1741 406 1822 imperio
426 1742 525 1804 omnia
566 1742 702 1804 ubernet
728 1743 823 1826 Ergo
842 1742 1007 1824 emphatice
1018 1741 1187 1826 legendum
1208 1755 1254 1803 est
1274 1743 1324 1801 boc

160 1838 344 1902 pronomen,
368 1839 434 1894 ego:
454 1817 513 1878 acsi
553 1819 664 1893 ixisset,
688 1817 713 1879 si
732 1818 834 1879 officio
854 1839 907 1879 suo
926 1831 1048 1882 strenue
1069 1819 1199 1902 defungi
1219 1819 1325 1880 vellent

161 1894 311 1974 Apostoli,
331 1914 391 1952 non
413 1894 629 1974 respiciendum
650 1913 713 1955 esse
734 1895 804 1974 qnid
823 1896 877 1974 ipsi
891 1908 1022 1976 possent,
1042 1895 1096 1956 sed
1116 1896 1253 1956 iniuncta
1273 1895 1326 1955 eim

68 2000 78 2025 ι
161 1980 309 2052 potestate
329 1970 483 2030 nitendum
504 1989 577 2044 esse,
595 1969 649 2030 sub
670 1970 751 2030 cuius
771 1971 906 2062 auspiciis
924 1972 1062 2036 militant.
1102 1971 1214 2032 Modus
1235 1985 1325 2032 autern

162 2046 362 2182 praesentiae,
383 2067 469 2126 quam
488 2045 635 2106 Dominus
654 2046 712 2107 suis
731 2048 896 2127 promittit,
917 2048 1112 2130 spiritualiter
1132 2049 1260 2130 intelligi
1278 2049 1327 2108 de-

186 2133 228 2182 et:
250 2121 318 2202 quia
330 2134 363 2182 ut
375 2121 462 2186 nobis
472 2123 635 2196 auxilietur,
655 2143 717 2183 uon
732 2144 807 2205 opus
819 2135 862 2184 est
882 2145 898 2188 e
918 2125 1005 2186 coelo
1027 2125 1217 2198 descendere,
1238 2145 1325 2202 quum

162 2199 184 2260 S
209 2199 290 2260 iritus
310 2199 354 2260 sui
374 2200 482 2281 gratia,
514 2199 596 2281 quasi
617 2211 733 2261 extenta
753 2221 879 2277 manue
899 2202 1002 2276 coelo,
1028 2199 1132 2264 invare
1152 2223 1203 2262 nos
1221 2201 1322 2280 possit.
1378 2225 1379 2284 ,

161 2219 239 2338 Idm
259 2276 310 2355 qui
329 2277 487 2336 secundum
516 2298 624 2358 corpus
643 2277 787 2338 immenso
812 2278 945 2340 locorum
971 2279 1068 2359 spatio
1091 2300 1108 2339 a
1129 2277 1214 2338 nobis
1232 2277 1325 2350 distat,
1378 2307 1379 2348 t

162 2369 227 2414 uon
246 2352 338 2414 modo
359 2373 416 2437 per
434 2363 529 2413 totum
549 2353 689 2414 mnndum
709 2351 731 2412 S
756 2354 837 2414 iritus
856 2355 900 2414 sul
921 2353 1082 2419 efficaciam
1105 2353 1261 2428 diffundit,
1279 2353 1328 2414 sed

162 2429 196 2490 in
214 2428 302 2489 nobis
344 2449 442 2509 uoqne
461 2451 530 2492 rere
551 2429 672 2492 habitat.
741 2430 882 2490 otandum
902 2442 947 2492 est
971 2443 1148 2513 praeterea,
1174 2451 1238 2491 non
1262 2429 1328 2491 solis

161 2505 315 2588 Apostolis
356 2526 394 2566 oc
413 2526 476 2569 esse
495 2505 620 2584 dictum:
652 2506 720 2600 quia
745 2527 808 2568 non
834 2507 865 2566 in
884 2527 973 2569 unam
992 2508 1085 2568 modo
1107 2518 1255 2583 aetatem,
1282 2507 1329 2567 sed

42 2616 46 2624 .
162 2602 257 2662 usque
282 2583 318 2642 ad
343 2582 432 2643 finem
451 2582 554 2644 mundi
572 2582 720 2644 Donamus
746 2583 883 2644 auxilium
901 2602 984 2644 suum
1004 2583 1167 2664 promittit.
1205 2584 1330 2644 Perinde

164 2669 209 2720 est
227 2659 319 2741 igitur
342 2659 402 2720 acsi
425 2659 553 2735 diceret,
580 2671 731 2744 utcunque
751 2659 859 2720 infirmi
883 2660 942 2720 sint
960 2659 1118 2744 Evangelii
1138 2660 1269 2722 ministri
1285 2681 1328 2720 re-

160 2755 285 2817 rumque
305 2735 438 2796 omniun
456 2736 558 2824 inopia
576 2735 730 2811 laborent,
747 2755 778 2796 se
799 2736 917 2800 illorum
937 2737 1003 2798 iore
1045 2737 1214 2810 raesidem,
1240 2749 1273 2798 ut
1289 2737 1329 2798 ri·

161 2823 258 2872 utores
278 2831 359 2872 emer
380 2824 432 2873 aut
449 2832 537 2894 supra
562 2833 664 2874 onmes
689 2813 790 2873 mnndi
814 2813 976 2874 conflictus.
1016 2758 1114 2874 dicuti
1145 2815 1241 2877 hodie
1260 2815 1331 2876 clara

161 2887 343 2972 experientia
359 2832 460 2965 docet,
479 2907 587 2950 arcano
606 2889 697 2950 modo
719 2889 867 2952 Christum
886 2889 1060 2952 mirabiliter
1079 2892 1218 2971 operari,
1238 2903 1271 2952 ut
1288 2892 1330 2950 in-

165 2964 293 3024 numeris
313 2963 472 3030 obstaculis
490 2965 685 3048 Evangelium
705 2965 881 3048 praevaleat
921 2967 993 3042 Quo
1018 2967 1118 3028 minus
1146 2967 1274 3029 ferenda
1291 2977 1331 3026 est

165 3039 236 3100 cleri
255 3040 368 3122 papalis
386 3041 571 3122 improbitas,
590 3043 659 3102 dum
670 3041 830 3126 sacrilegae
847 3062 916 3103 suae
929 3043 1079 3131 tyrannidi
1099 3044 1183 3106 huuc
1204 3045 1328 3107 colorem

164 3115 316 3181 inducunt.
354 3119 475 3205 Negant
492 3117 654 3184 Ecclesiam
674 3138 772 3180 errare
793 3138 897 3202 posse,
925 3141 1000 3204 quae
1020 3141 1038 3182 a
1058 3119 1187 3182 Christo
1208 3122 1326 3208 regitur:

164 3191 338 3331 quasivero
360 3191 509 3270 Christus,
538 3214 601 3255 non
626 3215 709 3256 secus
737 3215 771 3256 ac
791 3195 943 3280 gregarius
963 3197 1109 3278 quispiam
1129 3198 1238 3274 miles,
1274 3197 1331 3257 aliis
1378 3199 1379 3226 ¹

185 3267 286 3331 usibus
306 3271 516 3332 mercenariam
530 3291 651 3352 operam
666 3270 782 3348 locarit,
802 3293 835 3332 ac
847 3292 909 3332 non
929 3275 1028 3356 potius
1048 3274 1262 3335 anctoritatem
1281 3273 1333 3334 sibi

117 3371 121 3392 ·
162 3344 195 3404 in
214 3345 340 3436 solidum
359 3346 501 3423 retinens,
520 3367 552 3409 se
572 3347 725 3410 doctrinae
745 3369 816 3409 suae
833 3347 980 3412 vindicem
1000 3352 1068 3411 sore
1087 3361 1218 3417 testatus
1237 3349 1286 3428 sit,
1303 3363 1332 3410 ut

164 3441 196 3485 so
217 3441 278 3484 euu
295 3421 422 3490 ministri
439 3424 567 3490 victores
586 3424 678 3488 totius
697 3425 799 3492 muudi
818 3424 884 3488 lore
905 3427 1065 3492 confidant.

238 3687 354 3816 ⁴(222.)
394 3733 533 3804 Maste.
553 3737 640 3818 xvt.
681 3734 732 3806 19.
759 3737 871 3824 ltaque
891 3733 1053 3801 Dominus
1074 3696 1229 3824 quidem,
1249 3747 1335 3826 pust·

165 3859 259 3924 quam
281 3837 435 3926 loquutus
455 3839 568 3908 fuisset
587 3842 651 3920 eis,
683 3851 832 3929 receptus
861 3849 909 3906 ost
929 3841 964 3904 in
986 3834 1131 3919 coelum,
1166 3851 1203 3906 et
1224 3863 1336 3908 conse·

161 3939 212 4006 dit
234 3963 253 4006 a
274 3941 414 4009 dexteris
431 3943 507 4012 Dei.
548 3944 599 4010 2⁰.
623 3942 677 4012 llli
704 3967 784 4012 vero
813 3943 932 4030 egressi
958 3939 1237 4028 praedicaverunt
1266 3945 1337 4012 ubi·

133 4066 138 4072 ·
163 4065 245 4134 qne,
266 4043 410 4114 Domino
432 4059 646 4142 cooperante,
663 4059 698 4117 et
718 4065 901 4118 sermonem
923 4043 1141 4114 confirmante
1163 4069 1227 4135 per
1247 4053 1336 4136 signa

163 4145 405 4238 subsequentis.

247 4307 490 4378 tUc.-xx1tc
541 4311 591 4375 50.
624 4308 742 4376 Edrnrit
763 4321 872 4376 autem
899 4331 957 4376 eos
976 4308 1064 4376 toras
1086 4263 1254 4404 usquein
1280 4315 1340 4380 Be·

125 4475 127 4478 .
163 4409 318 4480 tharsiam:
361 4423 393 4477 et
426 4410 562 4492 sublatis
589 4417 623 4481 iu
649 4413 748 4484 altum
780 4409 929 4485 manibus
956 4414 1038 4527 suis,
1080 4411 1257 4484 benedixit
1287 4421 1341 4482 ets
