2764 4854
273 153 384 265 ¹(aaa.
423 184 558 248 cassus
576 158 710 250 moin.
749 188 919 272 noema.)
1002 135 1007 160 ³
1132 195 1191 258 aas

113 341 215 408 bUX.
236 341 348 408 Xlllll.
391 344 442 410 44
462 344 541 410 Erat
565 352 675 410 autem
708 341 778 410 lere
805 344 885 413 bora
909 355 1013 414 serta:
1040 356 1073 412 et
1096 353 1184 414 tene-

43 465 109 509 ›rae
133 443 240 510 iactae
262 455 336 512 sunt
363 467 462 534 super
482 456 580 512 totam
602 455 719 544 terram
741 470 843 538 usque
866 450 909 516 ad
930 450 1040 518 boram
1060 470 1187 516 nonam.

43 549 79 612 5.
108 549 151 614 Et
180 546 377 616 obscuratus
400 561 449 617 est
473 549 538 630 eol,
567 560 599 618 et
617 550 726 618 velum
751 551 862 639 templi
888 556 1020 620 scissum
1049 565 1097 620 est
1122 575 1189 620 me

48 655 128 717 ium.
170 653 221 718 46.
241 653 283 717 Et
309 673 408 740 quum
436 651 611 726 clamasset
626 677 711 722 voce
738 677 850 740 magna
872 657 975 736 lasus,
998 661 1058 735 ait,
1085 657 1188 735 Pater,

43 775 57 819 a
87 775 204 820 manua
238 761 308 820 tuas
341 756 534 823 commendo
564 761 711 844 spiritum
744 781 858 825 meum.
905 760 948 826 Et
976 759 1058 828 baec
1088 781 1186 848 quum

43 859 177 934 ixisset„
191 861 370 945 exspiravit.
411 860 463 926 47.
485 859 597 951 Quum
620 861 754 930 vidisset
782 874 888 930 antem
909 859 1070 932 Centurio
1095 865 1187 952 quod

44 960 163 1038 ccidit,
194 961 387 1051 glorifieavit
419 965 541 1042 Deum,
577 963 703 1045 means,
736 963 837 1032 Certe
872 967 969 1034 bomo
1003 965 1057 1031 bic
1086 969 1186 1034 iustus

45 1075 106 1130 rat.
157 1065 209 1130 48.
230 1065 272 1135 Et
298 1091 410 1134 omnes
441 1061 570 1146 turbae,
598 1089 681 1154 qnae
708 1081 927 1136 convenerant
953 1057 997 1134 aid
1022 1077 1186 1155 spectacu-

43 1191 92 1234 am
115 1166 214 1246 illud,
238 1159 524 1257 ‹qasrm'vidissam
552 1193 636 1258 quae
657 1171 797 1252 liabent,
815 1174 1034 1261 percutientes
1052 1183 1185 1257 pectora

43 1294 84 1336 na
116 1273 371 1344 revertebantur.
413 1277 464 1342 49.
486 1275 620 1341 Stabant
647 1285 751 1342 autem
779 1298 893 1343 omnes
920 1277 990 1342 noti
1017 1278 1087 1341 eius
1111 1296 1186 1360 pro-

45 1375 96 1454 ul,
124 1387 158 1442 et
178 1377 343 1459 mulieres,
372 1402 454 1467 quaa
480 1389 737 1467 anm1aequutae
766 1390 858 1447 erant
879 1377 1186 1463 a1Galilaea,baec

43 1477 186 1546 identes.
775 1479 781 1492 “
989 1471 994 1484 ’

104 1787 208 1848 blatth.
229 1795 275 1855 45.
314 1789 351 1850 Α
367 1803 454 1850 saeta
471 1804 567 1852 autem
584 1787 666 1850 bom.
706 1790 885 1869 Quanquam
903 1791 935 1850 in
956 1790 1067 1859 Christi
1087 1800 1184 1850 morte

43 1864 123 1924 arnis
142 1865 295 1926 infirmitas
305 1865 433 1926 Deitatis
453 1867 578 1948 gloriam
598 1867 642 1928 ad·
654 1866 744 1930 breve
765 1878 878 1948 tempus
897 1867 1026 1946 operuit,
1046 1867 1106 1926 imo
1121 1867 1183 1951 ipse

43 1942 85 2000 tei
106 1941 197 2002 Filius
217 1943 359 2003 deformis
376 1943 466 2003 iacuit
485 1943 538 2003 sub
560 1943 907 2024 probroctcontemptu,
928 1955 959 2004 et
976 1943 1189 2024 (quemadmoa
1217 1957 1219 1965 ’

46 2039 97 2078 ιιιιι
115 2017 223 2080 Paulus
246 2020 392 2100 loquitur)
417 2020 579 2081 exinanitus
602 2020 672 2080 luit:
697 2019 869 2099 quibusdam
892 2033 992 2082 tamen
1018 2019 1096 2080 nous
1115 2039 1182 2078 eum

43 2095 148 2170 arnare,
165 2117 228 2155 non
249 2097 360 2155 destitit
379 2095 514 2156 coelestis
534 2096 635 2169 Pater,
654 2108 742 2174 atque
753 2097 783 2171 iq
800 2097 900 2155 ultima
912 2095 1079 2156 deiectione
1090 2115 1181 2174 qnae-

45 2191 93 2230 am
113 2171 230 2231 suturae
249 2171 363 2252 gloriae
384 2171 534 2250 praeludia
554 2171 654 2242 erexit,
674 2191 749 2248 quae
768 2171 831 2248 pias
843 2171 1103 2230 mentesadversus
1115 2191 1181 2228 cru·
1203 2177 1210 2213 t

44 2248 68 2308 is
94 2246 264 2307 scandalum
290 2246 437 2306 fulcirent
476 2247 521 2304 lta
543 2246 654 2306 Christi
676 2246 809 2304 maiestas
834 2246 903 2306 solis
924 2247 1057 2319 delectu,
1083 2256 1181 2309 terrae

43 2336 122 2396 antu,
142 2326 291 2399 petrarum
311 2322 411 2382 fissura
431 2332 462 2380 et
480 2321 538 2381 veli
559 2321 704 2380 fractione
722 2321 879 2400 magnifice
899 2333 1001 2382 testata
1023 2323 1092 2396 luit,
1111 2341 1180 2400 per-

43 2401 99 2458 ndc
119 2397 177 2458 acsi
198 2398 314 2458 coelum
335 2409 365 2456 et
383 2410 462 2456 terra
482 2397 614 2456 debitum
634 2417 687 2456 suo
707 2395 807 2476 opifici
817 2397 954 2457 etlictori
973 2398 1081 2458 cultum
1091 2418 1181 2531 prae-

43 2486 147 2534 tarent
188 2473 345 2534 Caeterum
371 2473 468 2552 primo
501 2473 568 2534 loco
602 2472 768 2552 quaeritur,
796 2493 936 2552 quorsum
958 2474 1029 2534 solis
1055 2495 1088 2536 ec
1101 2474 1179 2553 ipsis.

43 2554 102 2612 iam
143 2551 203 2611 nod
221 2562 335 2613 veteres
353 2561 462 2631 poetae
482 2551 513 2608 in
532 2548 589 2610 auis
608 2549 770 2630 tragoediis
793 2549 916 2610 subduci
942 2551 1025 2610 terris
1044 2550 1113 2610 solis
1133 2550 1179 2608 lu-

43 2649 95 2688 nen
120 2572 251 2710 lingunt,
274 2625 326 2687 nbi
352 2627 510 2688 nefandum
535 2626 655 2706 aliquod
679 2625 772 2688 scelus
791 2637 937 2706 patratur,
962 2627 1179 2686 adnotandum
1221 2645 1232 2662 ⁸

43 2725 87 2764 rae
108 2705 223 2766 divinae
243 2715 414 2784 portentum
432 2714 560 2782 spectat:
580 2715 670 2782 atque
687 2703 745 2762 hoc
765 2703 883 2784 quidem
903 2703 1074 2784 figmentum
1086 2703 1179 2762 dedu-

45 2793 105 2842 tum
131 2781 187 2842 luit
205 2803 240 2841 ex
259 2781 408 2841 communi
432 2793 553 2840 naturae
576 2801 671 2840 sensu.
710 2779 784 2840 Ideo
810 2779 927 2858 quidam
951 2779 1127 2858 interpretes
1147 2778 1177 2837 in

43 2857 140 2918 {bristi
162 2870 258 2918 morte
283 2857 421 2917 immissas
447 2857 583 2918 divinitus
609 2857 696 2916 luisse
727 2855 863 2916 tenebras
889 2867 995 2936 putant
1012 2856 1043 2914 in
1062 2856 1177 2937 signum

43 2935 239 3009 letestationis,
258 2935 317 2995 acsi
335 2933 419 2994 Deus
439 2931 638 2994 obtenebrato
658 2932 720 2992 sole
740 2933 845 2992 saciem
864 2954 944 2992 suam
956 2955 972 2994 a
984 2932 1094 2993 scelere
1111 2955 1176 2995 om-

43 3012 107 3072 ium
126 3012 278 3072 teterrimo
298 3009 501 3072 absconderet
539 3010 600 3070 Alii
620 3009 682 3069 sole
702 3009 808 3069 visibili
833 3009 974 3070 exstincto
994 3011 1176 3070 demonstra-

43 3110 88 3147 um
108 3087 194 3150 luisse
215 3085 318 3148 dicubt
335 3086 487 3148 interitum
498 3087 576 3147 solis
595 3085 729 3145 iustitiae.
754 3085 814 3146 Alii
829 3086 973 3168 adgeritis
991 3085 1176 3146 excaecatio-

43 3185 112 3238 1em,·
146 3185 200 3224 uae
220 3162 308 3244 paulo
329 3175 397 3244 post
414 3175 536 3244 sequuta
556 3173 609 3238 est,
628 3161 741 3223 referre
759 3162 880 3222 malunt
918 3163 993 3222 Nam
1008 3162 1109 3222 Iudaei
1128 3182 1190 3223 ιιι-ι

43 3253 105 3301 ecto
159 3241 267 3315 bristo,
291 3251 445 3321 postquam
467 3261 483 3300 e
502 3240 600 3300 medio
614 3235 754 3298 'sublatus
780 3251 840 3311 cst,
864 3239 1000 3300 coelestis
1025 3239 1176 3303 doctrinae

43 3337 92 3378 nce
111 3317 215 3397 privati
235 3329 318 3391 sunt,
337 3337 393 3376 nec
414 3317 569 3396 quicquam
588 3315 645 3374 illis
664 3314 809 3394 reliquum
829 3316 884 3375 tuit
902 3328 1020 3395 praeter
1039 3317 1176 3394 despera-

42 3392 115 3454 ionis
139 3393 285 3454 tenebras.
322 3391 392 3472 Ego
416 3413 486 3456 vero
512 3393 609 3472 potius
633 3390 781 3465 existimo,
805 3393 873 3472 quia
897 3414 969 3471 prae
993 3405 1115 3472 stupore
1139 3392 1175 3450 ad
1202 3445 1209 3456 ‚

43 3490 122 3530 ocem
142 3470 305 3532 coecntiret
323 3469 372 3530 ille
392 3467 678 3550 popolus,·tenebris
698 3467 787 3528 luisse
806 3489 894 3548 caper
935 3469 1052 3542 lactum,
1073 3479 1105 3526 ut
1124 3467 1175 3528 ad-

43 3545 228 3606 nirabileDei
247 3547 400 3607 consilium
420 3546 451 3606 in
463 3545 573 3606 Christi
592 3555 688 3604 morte
708 3556 867 3624 reputaret
935 3565 981 3604 am
993 3543 1111 3604 insolita
1125 3564 1175 3602 or-

43 3623 102 3685 linis
121 3633 241 3684 naturae
262 3622 429 3697 conversio,
448 3621 504 3682 nisi
524 3642 642 3702 prorsus
663 3621 880 3696 obduruissent,
898 3621 977 3682 serio
997 3619 1099 3680 debuit
1110 3619 1175 3679 alfi-

43 3719 96 3760 :ere
116 3719 217 3760 eorum
235 3719 346 3773 sensus,
365 3711 398 3758 ut
417 3699 453 3760 ad
475 3699 600 3758 futuram
622 3699 724 3758 mundi
743 3698 966 3760 renovationem
980 3696 1174 3756 attenderent„

45 3788 143 3836 nterea
161 3775 358 3857 spectaculum
378 3775 436 3835 illia
456 3773 614 3836 exhibitum
635 3773 692 3834 luit
710 3773 832 3841 terroris
851 3774 988 3854 plenum,
1007 3784 1041 3831 ut
1060 3772 1096 3832 ad
1116 3771 1174 3832 Dei

43 3852 162 3913 odicium
187 3864 423 3933 expavescerent.
461 3853 503 3912 Et
525 3871 596 3912 sane
621 3849 676 3911 luit
700 3853 757 3917 laoc
782 3849 1012 3928 incomparabile
1036 3848 1096 3908 irae
1116 3848 1175 3908 Dei

43 3930 246 4008 loramentum,
272 3929 352 4010 qnod
371 3949 411 3989 ne
430 3927 584 4020 unigenito
610 3928 729 4008 quidem
747 3927 810 3988 filio
835 3926 983 4007 pepercit,
1008 3945 1065 3984 nec
1091 3924 1177 3984 aliter

43 4006 154 4068 »leuatus
174 4017 218 4066 est
237 4027 324 4088 qnam
342 4005 396 4066 illo
425 4003 599 4084 expiationis
625 4005 732 4084 pretio.
774 4003 866 4077 Quod
885 4001 1125 4064 autemascribis
1146 4015 1176 4064 et

43 4081 234 4158 acerdotibns,
253 4097 283 4144 et
301 4104 347 4143 ma
371 4103 408 4142 na
427 4079 531 4162 populi
551 4092 635 4161 parte
653 4101 756 4142 secure
775 4077 921 4160 neglecta,
939 4089 970 4138 et
982 4077 1083 4140 clausis
1103 4101 1175 4140 oco-

43 4160 64 4219 ἰς
83 4159 234 4240 praeterita
253 4159 341 4221 suits
375 4158 398 4220 ‘s
418 4157 588 4232 exsfinctio,
608 4158 779 4240 prodigiosa
798 4176 902 4216 eorum
920 4156 1048 4216 amentia
1068 4157 1174 4224 borro-

43 4257 90 4296 ·em
109 4235 192 4296 nobis
211 4236 344 4298 incutere
363 4235 466 4297 debet:
484 4255 553 4296 nam
572 4235 665 4304 brutia
685 4232 858 4296 animalibus
872 4231 963 4326 magis
975 4233 1062 4294 luisse
1081 4233 1175 4313 stupi-

43 4313 85 4374 los
102 4333 216 4376 necesse
237 4325 296 4390 est,
316 4313 369 4395 qoi
386 4312 437 4375 tali
457 4323 599 4394 portento
618 4310 656 4374 de
676 4309 810 4374 coelestis
829 4308 930 4372 iudicia
954 4310 1054 4393 rigore
1079 4309 1174 4390 palam
1268 4351 1270 4359 ι
