2768 4834
448 261 582 322 Onamo
604 278 638 324 nr
658 275 786 324 norrea.
1126 269 1184 334 179

49 413 135 472 boare
154 411 300 495 sacrilega
320 414 488 476 temeritate
509 415 581 478 lines
605 437 674 478 suos
699 415 846 478 transilire
865 422 932 477 non*
948 414 1071 476 dubitat.
1111 416 1182 477 Seio

47 489 157 624 (inqprilt
175 489 321 550 Ieremias
333 497 382 566 10,
400 496 474 570 22),
495 493 575 572 quod
594 515 657 554 uon
678 505 724 554 est
742 493 869 554 bominis
888 492 935 554 via
956 493 1029 568 eins,
1048 511 1104 554 nec
1115 493 1183 570 viri,

48 577 76 624 ut
142 566 205 648 'gat
223 586 342 648 gressus
367 587 444 628 suos.
483 569 575 649 Atqui
601 570 647 630 vix
674 571 848 631 centesimus
875 569 998 648 quisque
1024 569 1185 648 reperitur,

48 643 92 721 qui
118 663 183 702 non
211 643 328 734 quidvis
355 643 412 704 sibi
439 645 476 705 de
501 646 622 726 propria
642 647 784 708 industrie
809 658 860 708 ant
878 646 987 706 virtute
1028 645 1183 706 remittere

47 719 162 778 audeat:
196 719 269 780 bruc
293 719 327 779 fit
350 733 383 780 nt
407 721 578 800 posthabito
597 725 666 784 Deo
694 723 807 803 quidvis
833 723 920 784 etiarn
940 666 1101 785 maelliaari
1120 742 1184 783 non

47 795 196 868 dubitent,
222 797 276 886 qui
295 795 351 856 sibi
372 811 512 880 arrogant
531 819 691 934 prosperos
710 822 807 862 rerurn
829 812 960 862 eventus.
998 798 1084 858 llane
1104 799 1183 859 insa-

47 893 106 930 nam
127 873 283 932 audacram
303 885 337 932 ut
356 873 531 936 cohibeatC
554 876 650 950 rietus,
670 877 810 957 quicquid
830 877 867 938 ad
886 876 963 938 ritae
983 885 1102 936 nostrae
1117 897 1181 936 sns-

46 950 244 1008 tentatr'onem
279 949 426 1029 pertinet,
457 971 474 1010 a
503 951 567 1012 sola
597 949 657 1013 Dei
687 953 898 1014 benedictione
932 953 1064 1033 pendere
1096 951 1182 1011 dicits

46 1025 167 1102 perinde
189 1025 269 1084 enim
291 1037 336 1085 est
355 1026 413 1086 acsi
433 1027 563 1102 diceret,
587 1029 675 1090 stulte
694 1051 725 1090 se
745 1030 870 1112 fatigare
890 1030 1041 1104 homines,
1061 1029 1182 1108 qnando

45 1101 218 1180 supervacui
242 1102 303 1161 sint
329 1121 430 1163 ornnes
454 1103 572 1165 labores
597 1115 628 1164 et
646 1105 739 1182 irriti,
771 1106 909 1258 broiectu
938 1116 1059 1168 careant
1078 1125 1182 1166 omues

46 1200 137 1251 curae,
158 1177 219 1238 nisi
240 1189 384 1257 quatenus
404 1179 554 1240 illisDens
571 1181 732 1242 benedicit
804 1183 863 1242 uod
884 1181 988 1242 clarius
1009 1181 1180 1272 exprimitur

46 1257 117 1333 apud
130 1254 261 1329 Maur,
282 1277 372 1334 quum
392 1255 473 1316 addit
483 1255 626 1331 Christus,
647 1259 680 1318 si
701 1279 739 1318 ue
759 1258 790 1318 id
803 1259 921 1378 quidem
934 1258 1014 1337 qnod
1029 1259 1182 1318 minimum
1302 1279 1315 1300 ὴ

47 1343 86 1392 est
104 1330 252 1412 potestis,
284 1331 355 1410 quid
380 1333 417 1394 de
443 1333 568 1396 caeteris
595 1336 663 1394 estis
682 1335 826 1395 sollieiti.=
859 1335 934 1394 Nam
955 1354 989 1392 ex
1008 1333 1064 1392 illis
1083 1332 1183 1394 verbis

46 1409 107 1469 satis
129 1419 267 1481 constat,
292 1429 356 1467 non
375 1409 468 1468 solam
488 1409 680 1471 diffidentiam
700 1410 802 1493 argui,
829 1410 881 1470 sed
899 1408 1082 1489 superbiam,
1100 1408 1183 1490 quod

46 1485 179 1546 homines
198 1505 271 1544 suae
291 1483 441 1546 sollertiae
461 1486 555 1546 multo
576 1487 642 1568 plns
662 1509 748 1567 quarn
770 1487 879 1566 parsit
899 1496 1050 1566 arrogent

114 1568 166 1626 Ἄ).
207 1561 257 1620 Ne
275 1560 460 1622 Srrlmnor‘rem
477 1563 591 1642 quidem
609 1569 642 1624 iu
659 1575 719 1624 tort
734 1565 843 1640 glorie.
884 1561 993 1622 Sensus
1015 1571 1073 1636 est,
1105 1581 1182 1642 qnae

46 1640 72 1698 in
91 1637 195 1698 herbis
216 1649 248 1696 et
266 1636 391 1698 floribus
410 1639 595 1716 relucetDei
613 1641 791 1724 benignitas,
809 1661 947 1721 superare
968 1637 1107 1717 quiequid
1124 1637 1183 1698 suis

47 1717 166 1797 opibus,
192 1716 348 1793 potentia,
373 1715 420 1774 vel
439 1715 499 1776 alio
521 1709 734 1797 quovismodo
755 1718 889 1778 homines
908 1725 1046 1796 possunt:
1072 1727 1106 1774 ut
1122 1725 1183 1776 ata-

46 1805 125 1852 tuant
144 1791 261 1865 fideles,
281 1791 356 1851 nibil
375 1789 431 1852 sibi
452 1793 489 1853 ad
504 1795 666 1874 perfectam
680 1817 716 1864 eo
741 1795 797 1854 ianr
809 1793 923 1866 defore,
944 1791 1073 1872 quamvls
1086 1791 1184 1871 desirqt

47 1869 142 1928 omnia
164 1868 361 1948 adminicula,
389 1870 479 1929 modo
504 1891 563 1930 una
588 1872 617 1931 vi
641 1883 689 1932 eat
707 1817 766 1932 Ilei
787 1870 967 1932 benedictio.
1009 1866 1184 1944 Oeariguae

40 1945 117 2024 fidei
158 1946 231 2004 Non
257 1944 310 2004 abs
334 1966 367 2005 re
387 1944 441 2004 bac
466 1947 503 2006 in'
520 1960 604 2028 parte
619 1893 771 2011 delectum
791 1947 838 2008 vel
859 1945 1090 2008 imbecillitatem
1111 1943 1203 2004 fidei.

47 2023 178 2084 Christus
199 2031 331 2081 accusat:
352 2041 411 2102 quo
432 2023 510 2082 enirn
529 2025 622 2107 magis
642 2024 805 2105 praesentis
824 2024 902 2086 ritae
918 2044 987 2084 eura
1020 2043 1054 2082 ro
1067 2019 1182 2102 ingenii

47 2099 137 2160 nestri
158 2097 291 2158 crassitie
312 2097 466 2174 afficimur,
487 2120 523 2164 eo
544 2122 575 2162 se
594 2102 687 2184 magis
707 2101 810 2182 prodit
826 2043 1104 2172 nostraiafidlelitas,
1119 2097 1182 2188 'nbi

47 2177 140 2236 omnia
162 2195 199 2234 ex
217 2185 292 2234 voto
313 2197 346 2234 sn
390 2185 480 2240 etant.
517 2177 623 2258 Itaque
643 2177 796 2258 permulti,
823 2177 924 2257 quiin
945 2175 1032 2236 rebus
1052 2193 1183 2234 maxrmrs

46 2251 318 2387 ²⁰¹mbifft⁸³¹oeffi
339 2195 396 2312 dle
417 2254 543 2331 praediti
563 2255 717 2329 ridentur,
748 2255 785 2314 ad
809 2254 928 2334 inopiae
949 2250 1111 2332 periculum
1133 2271 1182 2310 ex·

47 2351 168 2408 paveseu
206 2372 214 2386 .

83 2563 168 2644 (60.)
212 2561 386 2626 ΜΑΤἹἯ.
410 2565 465 2628 Vl.
508 2563 560 2628 31.
581 2563 633 2628 Ne
654 2564 723 2627 sitis
744 2562 839 2646 igitur
859 2555 1007 2636 solliciti,
1029 2557 1185 2636 dicentes,
1253 2585 1256 2594 ’

48 2661 134 2748 Quid
161 2649 315 2739 edemus,
358 2673 413 2727 aut
440 2663 519 2750 quid
545 2647 708 2740 bibemus,
751 2671 807 2726 aut
834 2657 952 2747 quibus
980 2661 1185 2747 operiemur?

47 2763 92 2828 32
113 2764 199 2828 Nam
221 2765 331 2828 omnia
352 2765 412 2830 ista
435 2761 560 2832 Gentes
580 2768 766 2852 exquirunt:
794 2765 886 2828 novit
908 2764 992 2826 enirn
1013 2763 1109 2838 Peter
1129 2781 1185 2824 ve-

47 2877 109 2930 ster
135 2863 304 2941 eoelestis,
337 2863 428 2950 quod
454 2888 537 2952 opus
564 2865 710 2932 babeatis
737 2863 787 2929 bis
814 2861 972 2929 omnibus.
1013 2863 1064 2930 33.
1087 2860 1212 2946 'Quin

48 2969 152 3050 potins
164 2967 312 3052 quaerite
335 2967 469 3051 primunr
487 2988 619 3052 regnum
633 2968 709 3042 Dei,
732 2975 764 3030 et
785 2967 934 3030 iustitiam
949 2965 1027 3042 eiua,
1048 2973 1081 3032 et
1101 2963 1183 3027 baec

49 3071 151 3132 omnia
174 3065 373 3133 adlicientur
391 3066 494 3134 vobis.
536 3069 587 3134 34.
614 3067 666 3132 Ne
694 3068 762 3131 sitis
788 3069 884 3152 igitur
904 3063 1035 3132 solliciti
1056 3067 1090 3130 in
1115 3085 1185 3130 cra·

48 3173 179 3234 stinnm:
206 3189 282 3234 nam
305 3171 461 3234 crastinus
483 3143 552 3233 dies
574 3191 682 3234 euram
704 3165 837 3234 babebit
858 3168 908 3232 sui
927 3169 1045 3252 ipsius,
1063 3165 1185 3234 suffieit

49 3291 101 3334 sua
123 3269 191 3334 diei
212 3267 359 3335 afflietio.
1156 3277 1162 3286 '

128 3403 234 3470 LUC.
254 3403 324 3467 Xll.
364 3405 415 3468 29.
435 3403 477 3469 Et
497 3424 555 3468 ros
576 3400 679 3468 nolite
701 3423 873 3490 quaerere,
902 3401 981 3488 quid
1002 3402 1088 3468 esuri
1108 3405 1186 3482 sitis,

51 3516 102 3570 aut
122 3503 203 3592 quid
225 3503 376 3584 bibituri,
396 3514 429 3570 et
449 3502 552 3570 nolite
575 3505 609 3568 in
630 3501 768 3569 sublime
790 3501 870 3568 tolli.
911 3503 963 3570 30.
984 3504 1077 3570 Haec
1099 3507 1186 3568 enim

52 3609 154 3671 omnia
183 3604 312 3671 Gentes
338 3603 449 3670 mnndi
476 3615 642 3692 quaerunt
695 3605 792 3670 Pater
818 3613 924 3670 autem
951 3617 1060 3670 vester
1085 3607 1185 3680 novit,

51 3705 136 3792 qnod
158 3709 228 3779 istis
251 3727 336 3791 opus
361 3704 514 3771 babeatis.
554 3705 606 3770 31.
635 3703 726 3791 Quin
754 3707 862 3790 potius
884 3708 1030 3792 quaerite
1051 3723 1186 3788 regnum

50 3807 125 3887 Dei,
153 3822 186 3873 et
209 3805 419 3872 haecomnia
441 3807 636 3874 adiicientnr
655 3804 759 3871 vobis.
800 3805 852 3870 32.
874 3806 954 3873 ΝοΙί
975 3809 1103 3881 timere,
1128 3823 1187 3888 pu-

49 3905 117 3972 sille
143 3931 238 3994 grex,
281 3909 357 3994 quia
395 3906 621 3994 complacitum
655 3915 704 3970 est
730 3905 817 3971 Patri
848 3917 957 3974 vestro
985 3905 1064 3972 dere
1090 3900 1186 3970 vobis

50 4029 187 4095 regnum.
300 4022 303 4040 ¹

120 4167 207 4230 ldem
235 4163 287 4244 qni
310 4165 469 4243 superioris
494 4163 647 4224 doctrinae
667 4183 774 4244 scopus
794 4173 855 4236 est,
884 4173 916 4222 ut
941 4159 1042 4222 fideles
1062 4138 1186 4254 patelna
1231 4145 1253 4200 ’-

51 4241 103 4304 Ilei
124 4265 196 4306 cura
218 4239 341 4314 confisi,
372 4251 402 4299 et
428 4261 622 4330 quaeeunque
648 4239 704 4300 sibi
729 4239 893 4300 necessaria
911 4258 976 4298 esse
996 4250 1128 4299 sentiunt
1147 4237 1185 4297 ab
1228 4251 1230 4262 '

51 4337 82 4378 eo
101 4330 276 4402 sperantes,
306 4337 485 4397 supervacua
514 4327 659 4390 anxietate
683 4337 715 4376 se
742 4337 804 4376 non
825 4315 1001 4374 excrucient.
1040 4315 1186 4377 Sollicitos

50 4417 103 4458 esse
121 4409 205 4464 vetat
225 4393 273 4460 vel
292 4417 446 4475 gemerem,
476 4393 562 4454 sicuti
587 4391 675 4456 babet
694 4393 802 4455 Lucas:
836 4413 941 4471 nempe
967 4411 1070 4454 eorum
1090 4407 1188 4461 orere,

870 4466 981 4550 aa·
