2766 4840
170 251 229 314 ῃ
544 229 578 289 ’.
622 235 910 300 scor.xrnr.=
1011 316 1016 322 ,

67 461 72 469 .
170 399 302 472 nescitis
329 385 432 475 enim,
458 393 589 484 quarmo
611 389 760 462 domiuus
780 395 897 462 domus
916 403 1072 460 venturas
1093 396 1148 476 sit,
1171 415 1270 474 aero,
1296 412 1334 462 an

169 505 280 578 medio
300 505 416 582 noctis,
437 521 478 568 an
498 503 533 566 iu
554 497 789 586 gallicinium
810 495 967 567 diluculo.
1007 492 1069 564 36(
1086 499 1138 564 Ne
1159 521 1263 586 quum
1284 523 1337 566 re·

169 611 256 678 uerit
279 615 430 693 repente,
460 602 607 670 oliendat
632 623 691 668 vos
718 601 925 672 dormientes.
944 587 1019 678 .37.
1046 599 1231 672 Caeterum-
1255 625 1335 692 quae

170 715 246 782 dico
266 708 371 790 vobis,
391 705 540 774 omnibus
561 703 646 784 dico,
666 702 817 792 Vigilate.
870 769 877 796 Ι

162 949 165 968 ,
254 889 357 962 LUC.
381 891 450 959 xtt.
490 891 540 958 35.
566 889 643 956 Sint·
659 887 761 957 lumbi
781 891 879 958 vestri
900 894 1093 977 praecincti,
1121 902 1155 958 et
1179 891 1334 960 lucernae

172 1019 337 1069 accensae.
383 997 435 1063 36.
467 995 510 1060 Et
529 1015 589 1060 vos
606 991 727 1060 similas
748 977 933 1061 bominibus
953 995 1215 1084 exspectantibus
1235 995 1336 1064 domi-

169 1127 249 1198 num
268 1123 377 1182 suum,
404 1095 537 1187 quando
559 1107 740 1163 revertetur
760 1120 779 1162 a
799 1101 935 1185 nuptiis,
955 1110 1006 1177 ut,
1026 1121 1126 1191 quum
1147 1103 1276 1165 venerit
1300 1121 1337 1162 ac

170 1207 361 1296 pulsaverit,
387 1201 556 1270 confestim
583 1201 730 1288 aperiant
756 1198 795 1268 ei.
843 1203 894 1268 37.
920 1201 1015 1268 Beati
1041 1205 1128 1269 servi
1154 1201 1213 1280 illi,
1241 1223 1337 1289 quos,

171 1333 271 1400 quum
297 1308 424 1375 venerit
451 1305 616 1382 dominos,
642 1305 804 1370 invenerit
826 1303 1003 1392 vigilantes.
1044 1307 1149 1374 Arnen
1175 1305 1250 1372 dico
1276 1327 1336 1370 so-

170 1413 238 1496 bla,
264 1411 354 1502 quod
375 1411 562 1499 praecinget
582 1429 632 1486 se,
660 1417 692 1473 et
711 1407 811 1475 faciet
831 1407 908 1476 illos
928 1406 1149 1488 discumbere,
1176 1420 1208 1475 et
1233 1419 1335 1475 trans-

169 1521 242 1586 iens
262 1512 455 1584 ministrabit
473 1511 548 1578 illis.
598 1509 649 1576 38.
675 1509 764 1578 Etsi
784 1515 911 1579 venerit
930 1513 966 1580 in
985 1512 1131 1580 secunda
1151 1511 1281 1600 vigilia,
1306 1521 1335 1576 et

130 1657 137 1680 x
170 1623 199 1688 si
220 1623 254 1687 in
274 1621 370 1686 tertia
389 1616 499 1704 vigilia
521 1615 656 1694 venerit,
678 1623 776 1702 atque
797 1618 841 1682 ita
862 1617 1031 1695 invenerit,
1051 1613 1139 1682 beati
1154 1627 1232 1683 sunt
1251 1617 1334 1682 servi

29 1769 39 1782 -
169 1723 228 1792 illi.
269 1718 320 1789 39.
348 1717 422 1786 lloc
441 1731 547 1786 antem
569 1720 698 1796 scitote,
725 1720 844 1807 quodsi
863 1722 976 1786 scisset
995 1717 1245 1806 paterfamilias,
1272 1741 1333 1807 qua

170 1828 251 1894 bore
271 1825 326 1892 fur
344 1834 500 1889 venturus
512 1821 647 1898 inisset,
667 1821 830 1908 vigilasset
849 1825 978 1909 utiquc,
1003 1845 1066 1888 nac
1087 1845 1203 1910 passus
1226 1823 1332 1888 luisset

168 1927 300 2018 periodi
325 1926 455 1993 domum
480 1947 580 1992 suem.
627 1925 677 1990 40.
702 1925 745 1992 Et
771 1947 832 1992 vos
858 1927 955 2010 igitur
981 1937 1084 1994 estote
1108 1930 1230 2016 parati:
1255 1931 1332 2014 quia,

169 2023 234 2124 qua
257 2032 338 2098 bora
363 2051 433 2095 nou
459 2031 593 2124 putatis,
617 2026 721 2095 Filius
747 2027 887 2096 bominis
910 2031 1029 2098 veniet.
1068 2032 1122 2098 41.
1148 2033 1207 2098 Ait
1232 2043 1329 2096 aotam

169 2141 202 2204 ei
221 2138 353 2212 Petrus,
376 2132 533 2210 Domine,
560 2131 603 2200 ad
628 2153 690 2200 nos
719 2131 799 2199 dicis
827 2137 918 2200 istam
944 2133 1147 2221 parabolam,
1177 2157 1219 2204 an
1238 2137 1328 2200 etiam

59 2252 67 2268 '
169 2239 212 2307 ad
240 2239 371 2306 omnes?
421 2236 473 2302 42.
506 2235 597 2302 Dixit
621 2247 726 2302 autem
753 2236 929 2316 Dominus,
961 2239 1120 2326 Quisnam
1150 2249 1202 2306 est
1228 2237 1328 2304 fidelis

169 2343 374 2430 dispensator
401 2361 440 2406 ec
466 2338 624 2428 prudens,
656 2361 753 2426 quem
780 2345 952 2409 constituet
978 2342 1129 2410 dominus
1157 2365 1260 2430 snper
1287 2341 1327 2406 la·

168 2445 326 2514 mulitimu
352 2465 460 2524 sunm,
497 2451 533 2510 ut
564 2441 621 2509 det
653 2443 719 2510 illis
750 2447 784 2510 in
813 2453 964 2531 ¹ternpore
989 2443 1181 2514 demensum
1209 2445 1327 2512 cibum?

168 2551 219 2618 43.
244 2549 367 2620 Beatus
388 2543 445 2612 ille
466 2567 594 2624 servus,
615 2567 728 2633 quem,
748 2569 848 2634 quum
868 2550 994 2615 venerit
1016 2548 1181 2626 dominos,
1203 2553 1329 2616 invene·
1373 2617 1374 2620 ,

61 2683 64 2690 ⁴
108 2653 112 2672 '
166 2647 567 2734 altissidorensi.
593 2649 684 2715 Vere
709 2649 913 2731 dicovobia',
939 2649 1226 2738 quodomnibus,
1253 2673 1328 2741 quaa
1373 2651 1374 2654 ’

167 2756 328 2846 possidet,
355 2753 524 2842 praeliciat
548 2750 648 2818 illum.
695 2753 747 2820 45.
772 2753 903 2840 Quodsi
930 2752 1047 2820 dixerit
1070 2775 1186 2821 servus
1218 2757 1327 2824 illcin

169 2861 270 2928 corde
291 2881 367 2938 sno,
393 2856 506 2923 dillert
527 2855 677 2922 dominus
697 2844 788 2923 mens
811 2856 997 2935 adventum,
1027 2867 1060 2924 et
1078 2859 1246 2949 inceperit
1266 2885 1329 2949 per-

167 2977 280 3032 cutere
311 2983 438 3039 senos,
472 2972 506 3027 et
534 2957 685 3038 ancillas,
717 2971 750 3027 et
784 2959 900 3040 edere,
933 2957 1062 3040 bib'ere,
1096 2972 1128 3028 ct
1162 2963 1328 3031 inebriari:

167 3069 219 3162 46.
253 3067 375 3132 Veniet
408 3059 557 3130 dominus
589 3065 676 3128 servi
712 3061 800 3129 illius
833 3065 868 3130 in
903 3061 973 3146 dis,
1010 3086 1076 3151 qno
1115 3085 1185 3133 non
1219 3081 1328 3156 sperat

169 3171 316 3252 elbora,
344 3189 407 3256 qua
428 3169 547 3248 nescit,
573 3174 606 3231 et
633 3164 807 3234 dissecabit
833 3189 921 3246 eum,
947 3177 1137 3254 partemque
1168 3173 1244 3238 eius
1263 3195 1328 3238 curn

167 3273 279 3344 infidis
299 3281 430 3362 ponet*
451 3271 502 3338 at.
523 3266 583 3334 llle
605 3279 710 3336 autem
732 3293 862 3348 sersus,
882 3269 939 3357 qui
960 3274 1113 3355 cognovit
1130 3271 1328 3342 voluntatem

169 3379 292 3448 domini
323 3377 389 3456 sui,
419 3383 453 3440 ct
476 3394 513 3440 se
539 3392 608 3440 non
627 3375 777 3461 paravit,
806 3392 869 3439 nec
899 3372 1187 3442 iecit·secondum
1218 3378 1329 3446 volun·
1370 3425 1371 3444 .

166 3491 264 3552 tatem
298 3481 386 3558 eiua,
420 3472 588 3562 vapulabit
621 3475 724 3564 plagis
756 3474 873 3542 multis.
931 3475 983 3542 43
1019 3475 1088 3564 Qui
1124 3492 1232 3547 autem
1262 3503 1330 3548 non

82 3629 91 3648 .
166 3586 334 3674 cognovit,
365 3589 398 3648 et
434 3579 513 3646 lecit
549 3578 647 3667 dignu
687 3579 806 3670 plagis,
845 3575 1013 3667 vapulabit
1045 3585 1167 3670 paucis.
1224 3583 1328 3649 Porro

167 3689 351 3773 cuicunque
382 3683 516 3750 multum
550 3682 658 3750 datum
692 3694 754 3761 est,
786 3681 919 3778 multum
943 3697 1119 3772 quaeretur
1145 3685 1189 3752 ab
1213 3706 1269 3766 eo,
1296 3697 1331 3752 et
1369 3705 1370 3708 ’

167 3791 221 3856 cui
246 3787 380 3854 multum
409 3786 729 3867 commendaverunt,
755 3783 829 3872 plus
850 3797 963 3873 petent
983 3785 1025 3854 ab
1051 3809 1104 3854 eo.
1147 3791 1200 3857 ts.
1219 3789 1329 3878 ignem

165 3894 243 3959 reni
262 3894 415 3958 missurus
435 3892 470 3956 in
491 3900 626 3969 terram,
652 3888 788 3976 etquid
814 3888 908 3970 volo,
933 3893 962 3956 si
989 3891 1051 3956 iam
1078 3913 1237 3960 acconem
1265 3899 1329 3961 cst?

165 3997 218 4061 5⁰.
237 3994 304 4062 Sed
326 3991 487 4079 baptismo
508 3992 617 4060 babeo
637 3991 813 4080 baptizari,
841 4000 875 4060 et
895 3993 1062 4081 quomodo
1084 3997 1253 4080 coarctor,
1275 3997 1329 4066 do

164 4117 229 4162 nec
248 4098 446 4190 perliciatur.

197 4355 205 4370 ι
242 4279 346 4342 blattis.
356 4289 404 4350 tu
428 4283 465 4346 Si
478 4287 575 4347 scissa
584 4285 814 4370 pertersmu‘la'as.
828 4285 932 4352 „Lucas
944 4289 1021 4352 hunc
1032 4287 1145 4354 Christi
1159 4309 1325 4352 sermonen

167 4353 227 4417 also
246 4355 316 4418 loco
335 4361 441 4426 recitat
458 4381 546 4444 quam
557 4363 731 4428 Matthaeus.
768 4366 875 4449 Neque
893 4366 926 4430 id
943 4367 1063 4431 mirum:
1084 4389 1154 4432 nam
1172 4369 1324 4450 capiteli-
