2814 4846
358 170 359 176 *
458 213 541 293 (tta.
578 209 689 276 unies
707 210 880 293 peccarem)
1104 235 1108 240 -
1185 215 1248 292 ,aa

164 373 213 434 47·
250 363 448 428 mumma·
464 377 583 442 peccata
600 367 671 426 aius.
712 363 842 440 Quidam
866 363 988 428 verbnm
1007 362 1148 426 hortatIvi
1164 365 1247 426 modi
1350 397 1355 419 .

88 465 152 508 estc
194 455 311 504 utantes
331 442 409 503 hunc
427 442 552 503 eliciunt
568 461 698 504 sensum:
719 461 808 521 quum
820 442 892 504 haec
904 441 1010 502 mulier
1019 440 1182 522 insignibus
1196 441 1246 500 ol-

87 523 162 582 ticiis
206 519 291 579 bristi
305 539 406 580 amore
425 531 518 580 totam
537 539 569 579 se
588 519 704 579 fervere
725 519 872 592 ostendat,
889 517 1010 578 minime
1029 538 1154 598 aequum
1174 537 1248 594 esse,

87 599 169 659 utin
190 595 272 656 illam
291 594 425 674 asperior
443 596 480 654 sit
494 605 530 654 et
540 595 642 654 durior
653 593 797 668 Ecclesia,
815 595 868 656 sed
887 593 1049 655 clementer
1069 593 1166 674 potius
1186 605 1248 654 tra-

89 674 228 736 ctandam
249 691 323 740 esse,
344 671 506 750 quamlibet
524 671 653 752 graviter
664 669 840 751 peccaverit.
879 671 940 732 Sed
952 691 1041 750 quum
1052 667 1153 730 httico
1163 689 1248 730 more

87 757 231 830 ἀφέωνται
252 747 381 829 positum
396 748 435 808 sit
468 769 502 806 ro
519 755 658 826 ἀφεῖνται,
676 747 771 807 valeat
780 747 830 806 illa
839 747 976 808 subtilior
987 747 1140 826 expositio,
1161 767 1249 825 quam

88 835 243 886 contextus
264 825 409 907 repudiat.
447 769 522 885 bam
544 820 632 903 paulo
652 836 721 903 post
734 823 866 886 Christus
879 824 957 884 idem
972 823 1082 902 repetit
1093 823 1248 884 mulierem

87 900 265 990 alloquens,
291 897 342 959 ubi
366 921 429 961 non
455 898 612 979 quadraret
629 899 767 960 hortandi
786 901 899 962 modus.
937 901 978 960 Et
996 900 1063 960 huic
1083 900 1247 960 sententiae

87 976 243 1036 subiicitur
265 976 433 1057 oppositum
453 975 633 1050 membrum,
657 977 752 1037 minus
781 977 808 1037 ei
828 976 939 1037 remitti
959 976 1009 1055 qui
1028 975 1123 1035 miuus
1144 975 1247 1112 dilipit.

89 1053 270 1131 Quanquam
282 1053 444 1132 praesentis
463 1052 605 1132 temporis
623 1052 746 1114 verbum
763 1053 854 1113 debet
873 1053 905 1112 in
945 1053 1114 1114 raeteritum
1125 1063 1191 1113 reso
1205 1051 1247 1114 vi:

109 1129 157 1188 uia
170 1132 253 1188 euim
271 1141 332 1190 tam
348 1129 473 1192 sollicite
486 1126 621 1188 omnibus
633 1129 749 1208 pietatis
761 1129 866 1190 officiis
879 1073 967 1190 dctim
992 1130 1001 1188 i
1013 1128 1160 1202 studebat,
1178 1130 1248 1190 hinc

88 1151 226 1270 Christus
248 1203 349 1280 insert,
369 1205 531 1296 quamlibet
547 1203 645 1264 multis
665 1205 792 1286 peccatis
808 1218 949 1285 cooperta
963 1150 1061 1278 licerit,
1080 1205 1249 1267 uberiorem

87 1281 178 1342 tuisse
197 1279 260 1341 Dei
282 1281 531 1358 misericordiam,
576 1301 644 1340 uam
668 1292 701 1341 ut
724 1281 871 1361 peccatrix
895 1281 1018 1360 amplius
1041 1280 1177 1341 habenda
1201 1283 1249 1342 sit.

90 1357 252 1420 Caeterum
272 1358 320 1419 hie
340 1358 459 1418 dilectio
479 1379 541 1418 non
556 1301 668 1417 dicitur
689 1377 751 1418 esse
770 1357 874 1418 veniae
900 1370 1001 1430 causa,
1026 1357 1079 1417 sed
1103 1358 1249 1436 posterius

89 1435 114 1496 si
158 1456 219 1510 nm,
239 1446 273 1494 ut
289 1435 371 1516 prius
392 1435 546 1495 admonui:
566 1434 624 1495 hoc
641 1433 719 1494 euim
734 1431 952 1508 serbasonaut,
973 1433 1035 1508 Qui
1055 1444 1180 1493 cernunt
1189 1446 1251 1494 tam

90 1533 106 1573 e
133 1515 218 1571 risum
238 1510 355 1592 pietatis
375 1511 501 1572 studium
521 1511 553 1570 in
572 1509 705 1585 muliere,
725 1529 879 1592 perversos
894 1509 1087 1583 esseindices,
1106 1508 1161 1568 nisi
1178 1510 1250 1570 inde

90 1587 249 1652 aestiment
267 1588 427 1668 propitium
446 1585 490 1646 illi
510 1587 566 1648 iam
586 1584 674 1646 luisse
693 1586 803 1662 Deum,
826 1597 860 1646 ut
879 1585 983 1646 ordine
1003 1587 1162 1665 praecedat
1181 1607 1250 1669 gra-

87 1665 161 1726 tuita
182 1676 373 1743 peccatorum
392 1664 534 1724 remissio.
572 1665 678 1743 Neque
699 1663 777 1724 enim
802 1662 844 1724 dis
866 1673 930 1722 utat
950 1661 1094 1738 Christus,
1115 1683 1174 1741 quo
1193 1663 1251 1723 sibi

88 1738 188 1822 pretio
209 1740 270 1802 Dei
290 1741 413 1833 gratiam
434 1740 587 1821 acquirant
606 1741 749 1816 homines,
768 1740 821 1800 sed
863 1759 938 1806 eum.
947 1739 1071 1799 miserae
1091 1739 1158 1799 huic
1177 1759 1250 1819 pec-

89 1814 276 1952 cqtriqi'·li·arn
299 1817 447 1900 agnovisse
472 1818 585 1899 arguit,
616 1836 657 1877 ne
688 1815 820 1878 mortalis
852 1816 942 1876 homo
974 1815 1007 1875 in
1037 1837 1102 1878 eam
1131 1815 1170 1877 sit
1194 1817 1250 1878 im-

123 1913 173 1953 aca
198 1915 254 1953 its.

89 1913 109 1974 p
168 1974 218 2036 48.
261 1968 458 2032 Rauennam
486 1967 538 2030 ridi
560 1984 692 2048 peccota.
742 1969 855 2045 Quaeri
883 1980 999 2049 potest,
1030 1991 1168 2050 quorsum
1199 1993 1252 2045 ue,-

88 2047 181 2121 niam,
201 2067 287 2126 quam
309 2047 362 2108 ade
386 2059 413 2106 ta
434 2059 507 2123 erat,
527 2059 557 2106 et
577 2048 656 2108 cuius
677 2047 791 2108 reddita
811 2059 875 2107 erat
895 2047 1015 2123 certior,
1034 2069 1113 2109 nunc
1134 2051 1251 2110 demum

88 2123 135 2184 illi
160 2123 315 2204 promittat
334 2070 476 2184 Christus
517 2123 645 2198 Quidam
673 2124 837 2202 excipiunt,
859 2143 923 2184 non
948 2135 1007 2182 tam
1032 2124 1136 2202 ipsius,
1163 2147 1251 2205 quam

89 2200 218 2260 aliorum
238 2221 322 2259 causa
343 2201 487 2279 prolatam
508 2201 595 2260 luisse
615 2202 691 2260 banc
710 2199 896 2259 sententiam.
933 2201 1001 2291 Ego
1021 2220 1092 2260 vero
1112 2222 1175 2261 non
1196 2203 1250 2263 du-

91 2277 169 2350 bito,
188 2275 262 2355 quin
284 2275 345 2337 eius
364 2276 440 2336 ratio
461 2276 583 2338 maxime
603 2277 701 2336 hahita
722 2275 827 2350 luerit,
852 2287 939 2366 atque
958 2277 989 2335 ad
1009 2295 1043 2334 ex
1061 2294 1092 2336 se
1115 2277 1252 2339 uentibus

91 2351 198 2414 clarius
219 2363 310 2442 patet.
348 2353 412 2413 Nec
424 2354 528 2412 mirum
542 2363 595 2426 est,
617 2351 726 2413 Christi
743 2371 817 2412 voce
838 2351 875 2411 de
891 2365 1013 2432 integro
1033 2299 1156 2428 absdlvi,
1176 2375 1252 2434 quae

92 2430 151 2489 iam
170 2430 262 2509 ipsius
281 2431 403 2511 gratiam
424 2439 601 2512 gustaverat,
620 2428 680 2486 imo
702 2447 776 2508 quae
796 2447 932 2507 persuasa
953 2439 1031 2501 erat,
1058 2429 1176 2489 unicum
1196 2431 1253 2490 sihi

92 2525 157 2566 csse
176 2503 278 2566 salutis
297 2505 416 2587 asylum.
456 2506 507 2566 Sic
527 2504 659 2584 quotidie
696 2503 790 2563 raeire
807 2503 941 2563 fiduciam
957 2521 1075 2563 necesse
1091 2516 1144 2579 est,
1164 2527 1253 2585 quum

93 2604 112 2644 a
129 2582 265 2642 Domino
288 2583 431 2662 petimus,⁸
442 2595 475 2642 ut
494 2593 614 2662 peccata
634 2525 720 2640 nobis
739 2580 884 2640 remittat:
909 2601 947 2640 ne
969 2600 1007 2638 uc
1027 2589 1123 2656 tamen
1145 2581 1252 2642 frustra

92 2659 298 2741 precationem
318 2660 393 2719 hanc
412 2658 493 2720 velut
512 2677 721 2737 supervacuam
742 2655 898 2732 tundimus,
917 2601 969 2716 sed
985 2666 1019 2714 ut
1032 2676 1077 2714 ma
1102 2657 1173 2718 isac
1189 2677 1253 2736 maff

94 2735 139 2818 gis
159 2733 300 2797 cordibus
313 2736 419 2796 nostris
436 2735 666 2798 misericordiam
677 2753 758 2794 suam
776 2732 914 2814 obsignet
934 2731 1068 2792 coelestis
1080 2675 1188 2808 iudex,
1207 2745 1253 2794 at-

95 2833 152 2892 que
173 2811 232 2872 hoc
253 2812 343 2872 modo
368 2832 424 2872 nos
447 2811 628 2890 tranquillet.
668 2810 847 2890 Quanquam
870 2829 942 2892 ergo
969 2822 1143 2890 conceptam
1168 2809 1253 2872 huius

95 2889 225 2970 gratiae,
253 2908 339 2968 quam
360 2888 505 2963 obtinuit,
530 2887 665 2948 fiduciam
685 2885 821 2946 attulerat
840 2886 913 2947 haec
931 2885 1048 2959 mulier,
1072 2907 1134 2947 non
1154 2891 1254 2948 tamen

94 2985 276 3100 supervaqua
296 2964 352 3024 suit
369 2965 442 3026 baec
462 2964 628 3047 promissio,
649 2983 723 3044 quae
742 2963 780 3024 ad
799 2961 868 3024 fidei
887 2963 1140 3025 confirmationem
1159 2963 1264 3046 pluri--
1302 3016 1307 3037 ,

95 3063 175 3102 mum
194 3062 231 3102 va
245 3052 297 3101 uit.

171 3125 222 3185 49.
264 3118 423 3194 Coeperunt
446 3115 540 3179 diem
563 3121 643 3178 iutra
665 3138 705 3180 se.
745 3115 824 3176 Hinc
848 3137 962 3178 rursum
988 3117 1194 3198 perspicimus,
1219 3140 1256 3180 ex

95 3193 267 3277 ignorantia
288 3195 380 3256 officii
401 3195 511 3256 Christi
530 3194 665 3255 homines
690 3213 767 3254 nova
786 3193 842 3254 sibi
862 3193 1041 3254 offendicula
1061 3195 1186 3256 subinde
1206 3199 1254 3278 gi-

95 3291 200 3362 gnere.
239 3271 322 3333 Haec
342 3284 438 3333 autem
457 3271 525 3332 mali
544 3271 626 3330 radix
645 3281 700 3344 est,
724 3269 805 3349 quod
825 3289 914 3330 nemo
933 3291 998 3330 suas
1017 3271 1146 3332 miserias
1167 3295 1254 3335 ercu-

95 3360 150 3422 trt,
174 3367 249 3428 quae
274 3349 380 3428 procul
407 3348 498 3409 dubio
517 3347 648 3439 singulos
668 3347 864 3408 accenderent
883 3347 920 3406 ad
940 3350 1138 3427 quaerendum
1157 3371 1255 3411 reme-

97 3423 189 3486 dium.
228 3425 409 3506 llypocritae
428 3445 510 3502 vero,
530 3445 581 3505 qus
599 3423 657 3484 suis
675 3423 752 3486 vitiis
772 3422 966 3499 indormiunt,
988 3445 1052 3485 non
1071 3426 1177 3486 mirum
1201 3445 1256 3503 est,

95 3499 123 3561 si
145 3500 369 3592 obmurmurent
387 3501 469 3583 quusi
488 3503 525 3564 ad
544 3522 607 3562 rem
626 3521 733 3564 novam
753 3509 784 3561 et
797 3498 956 3578 insolitam,
975 3502 1026 3564 ubi
1038 3501 1172 3564 Christus
1184 3525 1256 3584 pec·
1329 3535 1335 3556 ι

87 3587 163 3638 ‚cala
182 3589 315 3640 remittit.

179 3661 228 3720 5⁰·
272 3653 363 3716 Fides
384 3669 436 3716 tuo
458 3654 569 3715 satim
591 3653 721 3736 refecit.
770 3653 814 3712 Ut
839 3675 971 3716 susurros
996 3653 1061 3715 illos
1088 3667 1256 3734 compescat

99 3731 247 3807 Christum,
267 3742 297 3790 et
314 3732 466 3793 mulierem
482 3730 567 3791 simul
583 3732 750 3804 confirmet,
769 3729 857 3790 fidem
878 3730 939 3791 eius
959 3733 1069 3792 laudat:
1095 3730 1153 3790 acsi
1173 3731 1256 3792 dice-

97 3823 163 3885 ret,
189 3809 349 3890 Utcunque
376 3807 550 3888 obstrepant
573 3808 637 3880 isti,
660 3821 694 3869 tu
720 3807 750 3868 in
772 3827 805 3866 ea
825 3807 883 3866 fide
903 3817 1073 3868 constanter
1092 3806 1256 3887 acquiesce,

99 3907 177 3968 quae
204 3883 259 3944 tihi
285 3898 394 3946 certam
413 3885 535 3946 sulutem
555 3884 659 3944 attulit.
698 3885 816 3944 Interea
836 3882 892 3943 sibi
909 3884 1040 3944 vindicat
1058 3881 1191 3942 Christus
1211 3883 1254 3950 ius

98 3985 119 4026 a
138 3965 227 4023 Patre
249 3961 360 4023 datum:
388 3983 455 4022 nam
476 3961 543 4040 quia
564 3981 654 4040 penes
674 3961 769 4040 ipsum
789 3972 833 4020 est
851 3962 972 4021 sanandi
992 3970 1129 4041 potestas,
1148 3960 1204 4021 rite
1224 3964 1256 4025 in

99 4061 168 4101 eum
189 4037 245 4098 diri
268 4037 326 4098 itur
345 4040 426 4100 tides.
464 4038 563 4116 Atque
583 4038 614 4100 id
632 4039 787 4120 significat,
806 4057 870 4096 non
888 4047 999 4097 temere
1019 4035 1067 4096 vel
1086 4055 1188 4098 errore
1208 4041 1257 4100 in.

100 4119 219 4178 ductam
240 4057 327 4176 titisse
346 4115 514 4188 mulierem,
538 4125 571 4173 ut
590 4114 625 4177 ad
645 4113 824 4188 reveniret,
847 4112 898 4176 sed
919 4116 993 4174 duce
1012 4113 1034 4173 S
1058 4112 1125 4172 iritu
1144 4130 1257 4180 rectam

99 4193 172 4254 fidei
185 4191 261 4254 viam
271 4193 407 4253 tenuisse.
446 4191 534 4250 Unde
555 4190 696 4270 sequitur,
715 4211 777 4250 non
798 4209 884 4280 posse
903 4211 958 4250 nos
978 4190 1009 4250 in
1028 4134 1116 4249 alium
1136 4197 1257 4257 credere

100 4289 192 4349 quam
202 4267 310 4328 Filium
320 4269 389 4345 Dei,
409 4268 480 4348 quin
499 4268 595 4348 ipsum
614 4277 771 4328 statuamus
783 4278 860 4326 vitae
873 4277 904 4325 et
918 4267 1020 4328 mortis
1033 4267 1183 4331 arbitrum.
1223 4273 1256 4332 Si

100 4345 183 4409 enim
203 4343 264 4442 rite
279 4345 311 4406 in
323 4345 472 4408 Christum
492 4345 630 4424 creditur,
649 4344 717 4425 quia
736 4343 918 4409 remittendis
938 4345 1065 4428 peccatis
1084 4365 1149 4410 eun
1170 4367 1255 4430 prae-
