2768 4834
185 213 242 331 ll8
393 255 547 321 secuto
568 259 605 319 V.
643 245 799 320 Muneris
816 257 893 318 Isso
912 241 1114 318 'rmnosntn

185 434 293 496 nempe
317 411 399 494 quod
422 411 545 474 veniens
569 411 754 472 annuntiavit
777 431 879 502 pacem
907 411 965 486 his,
996 409 1046 489 qui
1070 428 1166 490 prope
1185 421 1276 470 mant
1299 422 1338 470 et

187 493 237 576 qui
258 489 388 572 procul),
408 489 515 550 deinde
535 489 602 569 quia
621 488 701 550 solus
712 488 839 569 Spiritus
858 488 904 550 sui
922 488 1040 562 virtute,
1060 485 1201 568 quicquid
1221 485 1336 548 hono-

186 591 251 630 rum
272 568 318 628 hic
360 567 531 640 romittitur,
551 565 642 628 efficit
662 577 692 624 et
710 577 847 645 praestat.
1273 627 1279 635 ι

263 641 309 712 18.
338 588 467 718 Epfrt'tus
485 641 607 702 Dmnini
624 663 712 718 super·
730 661 803 702 mcc
823 641 890 701 Hoc
911 641 978 701 ideo
1000 639 1175 700 dictumest
1193 649 1227 698 ut
1247 639 1334 700 scia-

186 741 267 796 mus,
299 719 447 780 Christum
473 731 532 786 tam
558 720 589 779 in
614 738 645 778 se
671 740 758 798 quam
783 717 814 778 in
839 718 897 778 suis
923 717 1063 778 ministris
1083 735 1144 776 non
1165 716 1339 776 humanum

188 819 244 858 nec
264 797 408 877 privatum
428 795 582 877 negotium
601 815 700 877 agere,
719 796 771 856 sed
792 795 828 856 ad
848 796 1057 856 restituendam
1073 790 1224 854 Ecclesiae
1244 794 1335 852 salu-

186 885 247 934 tem
269 872 404 934 divinitus
425 892 487 932 esse
507 872 637 932 missum:
657 883 781 932 testatur
801 871 890 946 enim,
911 871 981 930 nihil
995 891 1025 930 sc
1039 871 1169 929 humano
1182 869 1336 928 instinctu

187 949 236 1010 vel
255 948 391 1024 consilio,
410 949 461 1008 sed
481 949 681 1030 gubernatore
701 949 760 1008 Dei
780 947 894 1029 Spiritu
916 947 1013 1009 omnia
1034 967 1134 1029 agere,
1155 956 1187 1004 ut
1205 945 1336 1026 piorum

189 1025 261 1086 fides
287 1027 318 1084 in
344 1023 404 1084 Dei
429 1023 602 1084 auctoritate
629 1036 659 1085 et
683 1025 818 1104 potentia
843 1023 964 1084 fundata
987 1023 1032 1086 sit.
1074 1021 1166 1096 Quod
1192 1023 1337 1102 proxime

115 1154 122 1179 ,
188 1102 324 1192 sequitur
342 1101 524 1186 membrum,
553 1099 621 1174 ideo
635 1105 723 1160 unxit
741 1123 800 1178 nte,
831 1101 980 1182 exegetice
1001 1100 1130 1159 additum
1152 1109 1210 1158 est:
1243 1098 1336 1157 multi

189 1197 267 1238 earm
293 1177 367 1238 falso
387 1176 447 1238 nei
468 1175 610 1258 Spiritum
630 1199 661 1238 se
682 1176 792 1238 habere
811 1177 936 1250 iactant,
967 1199 1056 1258 quum
1076 1176 1134 1234 sint
1154 1174 1215 1235 eius
1238 1175 1336 1234 donis

187 1255 280 1317 vacui.
321 1253 454 1314 Christus
474 1266 570 1313 autem
591 1254 627 1315 ab
648 1253 809 1328 unctione,
839 1265 979 1334 tanquam
999 1253 1035 1312 ab
1058 1251 1187 1324 effectu,
1216 1250 1336 1330 probat

187 1351 219 1392 se
244 1329 302 1392 Dei
327 1329 440 1411 Spiritu
465 1349 528 1390 csse
553 1329 728 1414 praeditum.
772 1329 899 1390 Subiicit
924 1329 1046 1402 deinde,
1075 1329 1107 1388 in
1128 1349 1215 1408 quem
1237 1327 1336 1387 finem

226 1407 290 1467 atiis
318 1407 339 1467 S
364 1406 446 1468 iritus
471 1419 591 1467 ornatus
618 1405 722 1470 fuerit:
752 1427 860 1488 nempe
880 1418 913 1465 ut
934 1405 1111 1486 pauperibus
1132 1404 1334 1486 evangelizet.

219 1485 276 1544 nde
297 1429 480 1567 colligimus,
510 1484 618 1574 quicnn
643 1505 679 1545 ue
699 1485 736 1544 ad
755 1483 983 1564 praedicandum
1005 1481 1198 1564 Evangefium
1219 1501 1236 1539 a
1257 1481 1333 1540 Deo

187 1559 361 1634 mittuntur,
381 1560 551 1620 tr'ecessartis
572 1561 636 1621 dots
658 1583 690 1620 us
711 1562 790 1640 prius
810 1560 934 1633 instrui,
953 1570 987 1618 ut
1005 1571 1088 1618 tanto
1109 1559 1224 1617 muneri
1244 1557 1335 1617 sufli-

187 1635 276 1696 ciant.
317 1637 419 1712 Quare
438 1636 526 1716 plane
546 1636 662 1698 ridiculi
682 1649 760 1711 sunt,
781 1637 831 1716 qui
852 1637 968 1696 divinae
987 1633 1151 1696 vocationis
1193 1646 1334 1694 raetestu

188 1725 339 1794 pastorum
371 1713 468 1774 locum
502 1725 661 1803 usurpant,
701 1735 790 1794 quum
822 1713 858 1772 ad
890 1733 993 1772 munus
1019 1655 1243 1790 exsequentium
1262 1711 1336 1790 plus

189 1807 277 1880 quam
296 1789 356 1849 sint
374 1789 478 1870 inepti,
497 1786 582 1848 sicuti
600 1789 631 1848 in
644 1789 759 1872 Papatu
779 1789 896 1850 cornuti
912 1789 1062 1868 Episcopi,
1084 1809 1171 1866 quum
1192 1787 1335 1846 rudiores

118 1873 122 1881 “
187 1877 247 1926 arnt
266 1865 447 1946 quibuslibet
466 1865 563 1938 asinis,
582 1885 613 1928 se
632 1878 734 1929 tamen
755 1865 864 1930 Christi
884 1865 1007 1924 vicarios
1022 1877 1058 1924 et
1076 1864 1156 1923 solos
1176 1863 1334 1923 Ecclesiae

189 1937 338 2023 legitimos
359 1941 507 2022 praesules
527 1943 718 2022 superciliose
739 1963 802 2003 esse
823 1942 981 2002 clamitant
1010 1941 1192 2002 Nominatim
1205 1960 1335 2020 quoque

187 2019 294 2078 dieitur
312 2039 425 2100 ungere
446 2017 593 2078 Dominus
612 2039 711 2080 servos
731 2041 810 2092 suos,
830 2020 897 2098 quia
918 2039 985 2078 vera
1007 2031 1037 2078 et
1057 2017 1158 2077 efficax
1171 2015 1333 2096 Evangelii

186 2095 367 2176 praedicatio
385 2099 451 2153 'uon
471 2093 502 2153 in
522 2107 644 2155 ventosa
666 2094 848 2175 eloquentia,
868 2095 919 2154 sed
940 2095 1061 2154 coelesti
1073 2093 1201 2173 Spiritus
1217 2093 1333 2153 virtute

186 2169 242 2232 sita
263 2183 317 2250 est,
337 2171 584 2251 quemadmodum
604 2171 675 2232 dicit
694 2173 801 2232 Paulus
822 2173 861 2252 (l.
874 2171 945 2232 Cor.
965 2179 995 2246 2,
1010 2179 1036 2236 1.
1050 2173 1103 2246 4.).
1123 2167 1334 2246 ,Propasta

187 2245 220 2307 Si
265 2247 344 2308 ificat
362 2248 530 2328 Propheta,
557 2247 648 2338 qualis
668 2247 706 2308 sit
725 2249 839 2308 futurus
858 2247 1010 2308 Ecclesiae
1030 2257 1120 2306 status
1140 2258 1208 2306 ante
1229 2247 1334 2306 Evan-

187 2267 262 2460 gelii
279 2336 421 2400 exortum,
441 2335 472 2384 et
492 2323 582 2404 qualis
603 2323 640 2384 sit
659 2337 738 2386 extra
751 2323 901 2385 Christum
921 2337 1020 2385 nostra
1042 2323 1172 2383 omnium
1184 2323 1333 2384 conditio.

215 2421 338 2482 auperes
359 2421 448 2482 ergo,
469 2411 500 2460 et
519 2402 679 2478 contritos,
700 2413 730 2462 et
749 2402 896 2484 captivos,
916 2414 947 2462 et
966 2421 1088 2474 coecos,
1109 2411 1140 2460 et
1159 2400 1333 2460 confractos

188 2488 291 2554 vocat,
320 2477 426 2557 quibus
445 2477 528 2538 Deus
547 2477 791 2542 instaurationem
812 2477 968 2563 promittit.
1007 2477 1071 2536 Etsi
1091 2489 1188 2536 autem
1207 2487 1255 2535 tot
1274 2477 1333 2534 mi-

143 2631 145 2638 l
186 2554 269 2617 seriis
295 2569 469 2634 oppressum
493 2563 556 2614 e'rat
575 2554 680 2635 populi
699 2577 735 2616 eo
773 2579 823 2630 us,
850 2567 884 2614 ut
902 2552 1023 2636 singulis
1043 2553 1181 2614 membris
1201 2552 1232 2611 hi
1251 2553 1334 2613 tituli

188 2643 401 2714 congruerent,
442 2631 488 2691 uia
508 2643 607 2690 tamen
627 2631 712 2692 multi
731 2577 786 2692 sihi
806 2632 837 2691 in
858 2652 908 2692 sua
929 2632 979 2689 ino
1003 2631 1040 2704 ia,
1061 2629 1217 2703 coecitate,
1237 2631 1332 2688 servi-

188 2717 269 2784 tute,
294 2709 396 2767 morte
421 2651 550 2786 denique
577 2706 805 2768 blandiebantur
823 2709 871 2768 vel
890 2651 1001 2788 stupidi
1020 2718 1121 2778 erant,
1152 2706 1223 2766 ideo
1242 2708 1332 2796 pauci

167 2783 322 2844 attane
343 2782 466 2864 gratiam
485 2779 684 2864 recipiendam
706 2785 807 2845 idonei
828 2783 956 2844 fuerunt
996 2785 1040 2844 Ac
1060 2783 1187 2873 primum
1209 2783 1331 2874 quadem

188 2859 259 2934 bitte
279 2859 431 2936 docemur,
451 2880 591 2938 quorsum
610 2881 623 2920 s
647 2872 725 2921 eetet
740 2860 896 2943 Evangelii
917 2860 1109 2938 praedicatio,
1131 2869 1161 2920 et
1180 2861 1253 2938 quid
1272 2879 1332 2922 no-

189 2934 235 2996 bis
261 2933 382 2994 afferat:
414 2955 521 3026 nempe
548 2881 646 3015 quodp,
681 2959 769 3016 quum
797 2938 878 2997 omni
905 2937 1049 2996 malorum
1074 2955 1186 3018 genere
1211 2938 1333 3016 penitus

190 3010 291 3072 obruti
310 3031 422 3088 sumus,
452 3010 513 3072 illac
532 3011 614 3073 Deus
633 3014 745 3074 vivifiea
764 3035 815 3074 sua
835 3013 900 3074 luce
920 3013 1008 3072 nobis
1029 3012 1169 3094 affulget,
1185 3024 1236 3073 «ut
1256 3013 1330 3072 edu-

190 3097 254 3148 ctos
284 3107 319 3145 ex
348 3087 495 3166 profunda
525 3089 627 3150 mortis
658 3091 764 3182 abysso
789 3091 820 3148 in
846 3090 963 3169 plenam
991 3089 1161 3148 felicitatem
1186 3091 1331 3149 restituat.

188 3164 260 3228 Non
279 3163 327 3223 vul
351 3163 407 3224 aris
428 3177 508 3226 certe
527 3165 600 3226 baec
620 3178 665 3226 est
679 3166 835 3249 Evangelii
855 3165 1081 3238 commendatio,
1123 3165 1183 3225 uod
1203 3177 1263 3226 tam
1283 3167 1330 3224 in-

189 3183 421 3322 comparahilem
445 3241 514 3301 inde
539 3243 666 3303 fructum
691 3243 865 3326 colligimus.
909 3242 1051 3301 Secundo
1075 3185 1218 3316 videmus,
1240 3263 1332 3322 quos-

189 3337 257 3378 nam
283 3317 319 3376 ad
343 3338 374 3378 se
401 3315 534 3380 Christus
558 3319 677 3392 inritet,
709 3341 743 3380 ac
768 3317 939 3380 commissae
960 3317 1016 3379 sibi
1037 3317 1148 3400 gratiae
1169 3318 1331 3399 participes

189 3392 292 3454 saciat:
317 3415 384 3454 nem
408 3415 424 3453 e
445 3394 495 3474 qui
514 3395 609 3456 modis
631 3395 766 3455 omnibus
786 3395 884 3456 miseri
903 3406 986 3468 suot,
1006 3407 1037 3455 et
1057 3395 1137 3453 omni
1157 3417 1169 3454 s
1194 3402 1217 3454 e'
1231 3397 1331 3456 salutis

190 3466 330 3530 destituti.
400 3471 436 3531 ed
463 3471 589 3532 vicissim
608 3492 780 3547 monemur,
809 3492 871 3532 non
892 3470 979 3531 aliter
998 3469 1059 3530 istis
1082 3471 1155 3532 Chri
1186 3471 1330 3532 'benefi-

189 3546 240 3608 ciis
262 3567 349 3628 posse
370 3545 518 3624 nosfrui,
549 3546 605 3607 nisi
625 3547 768 3608 humiliati
787 3547 865 3608 serio
886 3547 1031 3609 malorum
1050 3557 1221 3608 nostrorum
1243 3570 1330 3608 sensu

189 3623 271 3688 illum
298 3624 487 3684 liberatorem
511 3635 651 3704 tanquam
676 3622 802 3685 famelici
833 3627 1020 3708 appetimus:
1060 3643 1129 3682 naru
1181 3625 1330 3704 uicunque

189 3699 328 3782 superbia
347 3711 478 3784 turgent,
497 3719 553 3761 nec
573 3701 625 3761 sub
647 3700 815 3780 captivitate
835 3723 885 3760 sua
906 3711 1044 3784 gemunt,
1076 3720 1131 3760 nec
1151 3645 1207 3760 silvi
1228 3703 1258 3761 iu
1278 3723 1330 3762 sua
1373 3755 1379 3766 .

189 3777 333 3848 coecitate
354 3776 520 3858 displicent,
539 3777 632 3836 surdis
653 3777 771 3838 auribus
791 3789 987 3838 contemnunt
1007 3778 1064 3836 hoc
1084 3777 1264 3838 vaticinium.

265 3861 312 3920 19.
348 3853 388 3912 Ut
400 3851 569 3928 praedicem
578 3875 687 3913 annom
698 3853 829 3915 Dontfnt'.
857 3855 956 3915 Multis
968 3853 1086 3914 videtur
1099 3871 1162 3924 esso
1175 3854 1278 3914 allusio
1292 3855 1330 3916 ad

188 3929 364 4005 Inhilaeum,
385 3950 510 4009 quorum
530 3931 705 3990 sententiam
725 3951 787 3992 non
807 3931 942 4014 repndio.
973 3931 1085 3990 Notare
1108 3943 1205 3990 tamen
1220 3952 1329 4010 operae

190 4006 317 4096 pretium
342 4019 401 4080 est,
433 4005 613 4086 Prophetam
639 4007 705 4068 data
732 4027 823 4088 opera
851 4027 1006 4068 occurrere
1027 4007 1222 4080 dubitationi,
1274 4029 1328 4068 uae

190 4081 323 4142 infirmos
343 4084 455 4142 animos
475 4081 594 4142 turbare
616 4095 646 4143 et
666 4096 825 4147 concutere
847 4094 979 4168 poterat,
1004 4103 1093 4162 quum
1113 4095 1171 4144 nm
1193 4083 1242 4143 diu
1292 4105 1327 4144 o-

190 4155 286 4217 minus
306 4159 478 4236 promissam
498 4157 620 4221 salutem
641 4159 782 4220 differens
803 4162 812 4220 i
836 4181 883 4220 sos
904 4171 1021 4220 teneret
1039 4180 1205 4240 suspensos.
1244 4163 1327 4251 Ergo

191 4233 403 4311 redemptionis
435 4243 551 4315 tempus
581 4237 612 4294 in
642 4235 700 4296 Dei
730 4181 854 4298 consilio
880 4237 926 4298 vel
953 4235 1140 4316 heneplacito
1168 4237 1329 4312 constiturt,

192 4305 278 4367 sicuti
299 4327 362 4386 cap.
382 4317 437 4384 49,
455 4316 498 4382 8.,
523 4311 674 4393 Tempore
695 4313 872 4394 beneplaciti
894 4312 1023 4372 exaudivi
1045 4324 1090 4386 te,
1111 4313 1140 4370 iu
1162 4313 1209 4373 die
1229 4314 1328 4374 salutis

194 4382 345 4446 atrxiliatus
365 4404 427 4446 sum
446 4387 511 4447 tibi.
551 4387 720 4451 Paulns'ad
740 4389 838 4450 Galat.
859 4395 892 4464 d,
916 4395 943 4454 l·
963 4400 1052 4452 vocat
1069 4390 1212 4470 temporis
1231 4390 1326 4472 pleni-
