2756 4838
348 184 428 260 (tte.
468 157 516 242 lle
536 191 660 264 argento
680 183 770 245 servis
790 183 935 260 credito.)¹
1160 190 1216 252 191

69 333 142 408 Quid
160 352 230 415 ergo
249 333 306 393 sibi
324 333 395 409 vult,
415 336 496 415 quod
515 333 723 416 paterfamilias
743 334 848 394 dieitur
865 335 910 394 sin
953 332 987 396 lis
1004 335 1070 416 plus
1089 337 1135 397 uel
1154 339 1210 398 mi·
1281 341 1284 352 ⁴

68 432 115 468 uus
138 411 330 485 committere,
348 411 509 470 secundum
529 412 668 490 cuiusque
689 409 893 473 facultatcml‘
930 431 1015 502 empe
1036 411 1104 491 quia
1123 412 1215 489 Deus,

67 497 146 563 prout
164 507 307 566 quemque
328 487 481 577 disposuit,
501 499 531 548 et
550 487 730 548 naturalibus
741 487 857 548 ornavit
870 487 965 562 donis,
984 501 1024 548 rta
1044 487 1131 547 etiam
1153 490 1209 550 boc

67 561 106 620 rel
125 561 194 621 illud
212 563 350 644 iniungit,
370 585 401 621 m
421 561 509 624 rebus
529 565 650 645 agendis
674 576 800 638 exercet,
819 565 956 644 provebit
975 567 1011 625 ad
1032 564 1125 624 varias
1145 564 1213 624 fun-

67 637 177 715 ctiones,
196 640 346 698 materiam
367 639 517 719 praeclare
529 639 635 722 agendi
648 662 681 698 su
705 640 826 720 peditat,
847 641 1033 720 occasionem'
1044 640 1131 702 etiam
1142 663 1214 722 pro-

65 714 147 846 ponit.
185 714 401 775 Ridiculivero
421 727 489 776 sunt
508 716 656 807 Papistae,
676 663 743 778 dum
756 716 824 777 binc
837 717 982 798 colligunt
998 717 1120 802 singulis
1140 738 1213 778 con-

77 789 126 848 erri
144 790 200 850 Dei
221 792 299 851 dona
318 793 479 852 secundum
499 794 596 854 merite
616 793 661 852 sui
679 795 810 853 modum.
848 793 923 854 Nam
944 795 997 855 etsi
1017 806 1098 856 vetus
1119 795 1213 854 inter·

65 887 123 943 pres
143 887 250 927 nomen
269 871 380 928 vinum
399 868 513 947 posuit,
533 890 595 930 non
615 869 774 943 intellexit,
794 882 884 950 prout
902 872 1097 952 se‘gesserint
1116 871 1213 931 bomi-

65 961 109 1000 ues
129 941 299 1022 laudemque
312 945 433 1027 ,virtutis
454 946 554 1027 adepti
574 946 641 1018 sint,
662 946 799 1006 divinitus
819 947 929 1020 ornari,
948 948 1000 1007 sed
1010 959 1121 1008 tannim
1161 969 1212 1008 ua-

65 1028 139 1078 tenus
158 1018 282 1094 idoneos
295 1021 500 1100 paterfamilias
520 1022 665 1084 iudicavit.
694 1022 808 1082 Scimus
828 1035 936 1097 autem,
956 1025 1130 1094 neminema
1175 1044 1212 1084 eo

66 1093 193 1155 idoneum
219 1098 343 1176 reperiri
369 1097 465 1158 donec
489 1098 602 1159 fecerit.
640 1099 681 1158 Et
706 1120 843 1179 graecum
867 1119 977 1160 nomen
997 1100 1131 1176 δύναμις,
1151 1121 1213 1183 quq

63 1191 120 1232 usus
140 1184 183 1232 est
203 1172 347 1245 Christus,
367 1174 447 1238 orni
467 1174 656 1256 ambiguitate
674 1187 766 1235 caret.

126 1253 171 1314 20·
213 1249 273 1333 (tut
290 1253 358 1329 quia
380 1273 414 1310 ue
432 1251 548 1312 talentu.
586 1249 734 1311 Dicuntur
757 1253 921 1333 negotiari,
947 1254 996 1332 qui
1024 1251 1136 1310 utiliter
1155 1253 1210 1312 im-

62 1323 184 1400 pendunt
203 1326 342 1405 quicquid
360 1273 443 1387 bens
464 1329 540 1407 apud
561 1326 641 1407 ipsos
661 1328 805 1406 deposuit.
836 1328 957 1397 Piorum
978 1329 1056 1390 enim
1076 1328 1134 1387 vita
1154 1349 1208 1388 ne-

60 1400 206 1487 gotiationi
228 1415 295 1482 apte
306 1403 470 1478 confertur,
490 1403 558 1483 quia
573 1404 653 1463 ultro
666 1403 799 1482 citroque
811 1406 848 1465 ad
860 1403 1017 1465 fovendam
1035 1404 1209 1464 societatem

58 1486 128 1534 mter
145 1499 174 1538 se
195 1479 371 1539 contrahere
393 1479 517 1540 debent:
538 1480 679 1540 industria
697 1491 804 1554 autem,
825 1501 881 1560 qua
895 1483 1018 1560 quisque
1030 1501 1133 1539 munus
1152 1480 1209 1542 sibi

58 1553 214 1614 mandatum
236 1556 413 1634 exsequitur,
434 1557 442 1615 i
465 1577 553 1635 saque
573 1557 700 1627 vocatio,
721 1556 842 1616 facultas
862 1557 939 1616 bene
953 1556 1069 1640 agendi,
1090 1569 1120 1616 et
1139 1557 1209 1617 reli·
1263 1601 1266 1611 .

59 1647 107 1703 qua
127 1631 202 1690 dona
223 1631 254 1690 in
275 1631 419 1692 mercibus
440 1578 475 1692 de
499 1643 627 1708 utantur,
648 1632 715 1716 quia
735 1632 869 1694 adhunc
881 1656 965 1693 usum
986 1645 1016 1694 et
1035 1633 1123 1692 linem
1141 1654 1209 1712 spe-

58 1715 138 1778 ctant,
157 1719 189 1766 ut
208 1719 308 1768 mutua
328 1709 365 1768 sit
385 1709 466 1769 inter
475 1653 609 1769 domines
626 1710 863 1770 communicatio.
893 1710 1016 1769 Fructus
1037 1719 1143 1784 autem,
1157 1732 1209 1770 eu-

59 1778 95 1838 ius
114 1783 245 1842 meminit
264 1784 407 1860 Christus,
429 1785 589 1846 communis
610 1797 655 1845 est
673 1785 797 1862 utilitas,
822 1807 898 1867 quae
918 1785 977 1846 Dei
997 1785 1121 1868 gloriam
1141 1785 1213 1845 ittu-

59 1866 131 1916 strat.
167 1861 345 1940 Quanquam
366 1862 443 1922 enim
464 1861 547 1922 Deus
568 1883 660 1942 opera
679 1874 778 1922 nostra
798 1884 861 1926 non
881 1863 999 1933 ditatur,
1020 1883 1075 1921 nec
1095 1863 1209 1938 crescit,

57 1943 85 1989 ut
102 1945 196 1995 tamen
219 1936 343 2016 quisque
364 1938 502 2000 fratribus
522 1940 579 1998 suis
599 1939 722 1998 maxime
742 1941 873 2019 prodest,
893 1961 926 2000 ac
937 1939 1048 1998 utiliter
1056 1939 1087 1996 in
1104 1960 1206 1999 eorum

57 2008 169 2070 salntem
190 2014 402 2090 accommodat,
444 2036 498 2076 uae
518 2035 534 2074 a
553 2014 621 2074 Deo
643 2016 756 2105 accepit
775 2018 868 2090 dona,
893 2016 935 2074 ita
955 2014 1062 2074 dicitur
1082 2015 1207 2076 fructum

57 2085 97 2143 vel
115 2086 226 2148 lucrum
246 2089 301 2170 ipsi
321 2090 389 2149 Deo
410 2038 527 2150 adferre.
557 2091 647 2151 Tanti
668 2112 745 2150 enim
762 2092 914 2152 bominum
932 2091 1055 2152 salutem
1075 2092 1207 2157 aestimat

55 2161 179 2225 eoelestis
199 2164 302 2240 Pater,
332 2179 364 2224 ut
385 2166 523 2246 quicquid
542 2165 573 2224 in
594 2187 658 2225 eam
679 2168 832 2227 confertur
851 2168 882 2225 in
902 2188 966 2226 suas
986 2167 1115 2227 rationes
1134 2167 1207 2226 velit

53 2237 158 2298 referri.
198 2241 295 2300 Porro
316 2261 353 2300 ne
374 2241 531 2322 fatigemur
549 2241 662 2301 benea
704 2243 775 2318 ndo,
795 2243 968 2323 pronuntiat
979 2236 1123 2316 Christus,
1143 2263 1207 2309 non

53 2311 158 2374 irritum
178 2315 245 2375 fore
265 2337 367 2375 eorum
387 2315 531 2392 laborem,
552 2317 601 2396 qui
620 2337 651 2377 se
665 2261 799 2378 bdeliter
816 2319 848 2377 in
867 2339 917 2377 sua
944 2317 1102 2377 vocatione
1121 2338 1204 2378 exer·

52 2391 168 2450 cuerint.
208 2391 297 2470 Apud
317 2391 430 2451 Lucem
450 2393 522 2452 dicit
541 2392 660 2472 praefici
682 2393 812 2483 quinque
836 2391 975 2466 urbibus,
1000 2393 1050 2472 qui
1074 2393 1144 2471 quin
1168 2414 1204 2453 ue

52 2466 137 2525 minas
157 2466 283 2525 lucratus
303 2467 354 2526 sit:
376 2467 482 2547 quibus
502 2466 599 2529 verbis
623 2469 759 2548 exprimit
777 2469 867 2548 longe
887 2468 971 2527 aliam
983 2468 1069 2550 regni
1080 2469 1124 2527 sui
1137 2416 1205 2549 glo·

51 2541 116 2602 riam
137 2542 204 2602 fore
225 2543 328 2602 ultimo
348 2544 490 2618 adventu,
521 2564 606 2634 quam
626 2566 705 2604 nunc
725 2557 872 2625 appareat.
921 2545 1007 2604 Nunc
1034 2543 1112 2603 enim
1137 2557 1205 2603 tan·
1237 2605 1239 2609 ,

52 2637 131 2694 quam
152 2617 281 2678 absentis
302 2621 421 2702 negotia
442 2619 591 2681 laboriose
612 2643 757 2680 curamus:
777 2635 848 2682 tunc
859 2639 930 2680 vero
941 2641 986 2678 am
1010 2619 1036 2678 la
1057 2631 1087 2679 et
1104 2621 1204 2679 multi-

50 2693 110 2770 plex
129 2697 277 2754 bonorum
299 2697 384 2776 copia
405 2697 433 2756 ei
453 2697 489 2756 ad
508 2719 624 2758 manum
644 2709 791 2778 suppetet,
812 2717 867 2775 qna
879 2643 1033 2778 magnifice
1048 2717 1103 2755 nos
1118 2716 1205 2755 exor-

50 2782 103 2828 net.
139 2771 314 2851 Simplicior
334 2785 377 2832 est
397 2773 539 2851 loquendi
560 2773 653 2833 forma
674 2775 752 2854 apud
763 2773 953 2846 blattbaeum,
973 2773 1059 2832 Imm
1077 2776 1109 2830 ia
1124 2793 1202 2848 guu-

50 2844 123 2905 dium
141 2849 266 2908 Domina·
283 2851 343 2909 tui:
363 2871 419 2929 qua
440 2850 463 2910 si
487 2850 585 2910 nificat
609 2849 709 2910 fideles
734 2870 844 2924 servos,
866 2871 989 2928 quorum
1015 2848 1111 2909 officia
1131 2869 1203 2928 pro-

50 2919 165 2999 bauerit,
185 2925 291 2985 beatae
312 2926 443 2986 omnium
464 2871 612 2988 bonorum
632 2926 800 2987 affluentiae
825 2947 922 2987 secum
947 2926 1013 2986 fore
1039 2936 1201 3005 consertes.

51 2996 103 3058 Sed
123 3002 282 3080 quaeritur,
302 3003 372 3081 quid
391 3003 448 3064 sibi
468 3004 538 3064 velit
556 3003 636 3082 quod
656 3003 788 3079 additur,
812 3003 939 3082 Aufer-tr
955 2999 1022 3064 duic
1039 3005 1157 3077 aunum,
1176 3017 1204 3064 rt

50 3071 109 3134 date
134 3078 220 3139 elteri
242 3083 293 3158 qui
316 3077 411 3140 decem
435 3077 534 3141 babet:
570 3101 637 3138 nam
662 3091 733 3140 tunc
761 3078 885 3140 cessabit
909 3081 1003 3140 omnis
1029 3079 1203 3160 negotiandi

49 3153 126 3212 ratio.
158 3155 349 3234 Respondeo,
370 3157 511 3217 memoria
525 3156 686 3216 tenendum
707 3177 780 3229 esse,
800 3157 880 3237 quod
892 3156 970 3235 prius
986 3155 1135 3230 admonui,
1154 3177 1203 3216 er-

49 3247 107 3288 rare
127 3251 178 3291 ens
200 3231 251 3311 qui
270 3234 441 3312 scrupulose
462 3233 583 3316 singulis
604 3232 754 3312 particulis
773 3233 919 3292 insistunt.
964 3232 1129 3292 Germanus
1150 3253 1202 3292 au-

49 3311 101 3364 tem
120 3329 219 3368 seusus
241 3319 298 3368 est:
321 3309 434 3369 etiamsi
455 3331 532 3369 nunc
553 3307 651 3391 ignavi
679 3321 709 3368 et
733 3308 850 3368 inutiles
870 3308 948 3368 servi
968 3309 1095 3389 Spiritus
1116 3308 1201 3369 donis

48 3377 173 3444 instructi
192 3385 262 3458 sint,
282 3385 399 3445 tandem
421 3385 557 3445 omnibus
577 3386 717 3444 nudatum
732 3385 779 3458 iri,
798 3396 944 3445 uteorum
958 3384 1201 3465 inopiaprobro·

48 3475 131 3535 saque
151 3471 265 3551 egestas
286 3461 316 3519 in
337 3461 462 3542 gloriam
481 3462 630 3521 bonorum
650 3463 744 3522 cedat.
776 3463 838 3522 Hos
858 3473 955 3521 autem
975 3462 1098 3543 ignavos
1111 3459 1200 3519 Chri-

47 3543 100 3592 stus
120 3537 190 3596 dicut
208 3537 256 3596 vel
276 3535 418 3596 talentum
443 3538 490 3598 vel
514 3537 621 3596 minam
647 3537 700 3598 sub
725 3550 833 3598 terram
853 3536 1010 3610 defodere,
1039 3537 1105 3616 qnia
1132 3536 1200 3595 dum

48 3609 104 3668 otio
125 3625 154 3671 et
173 3612 287 3691 deliciis
308 3613 367 3672 suis
387 3614 555 3688 consulunt,
575 3612 648 3673 nibil
668 3614 766 3674 subire
786 3612 897 3674 volunt.
909 3612 1076 3673 molestiae:
1098 3631 1200 3702 quem-

47 3685 194 3750 admodum
222 3688 353 3750 videmus
400 3689 558 3764 ermultos,
578 3690 646 3750 dum
666 3691 722 3749 sibi
746 3691 802 3750 suis
826 3710 863 3749 ue
884 3689 1046 3749 commodis
1065 3686 1200 3766 privatim

46 3761 146 3824 addicti
165 3777 250 3839 sunt,
279 3711 486 3846 subterfugere
507 3765 605 3826 omnia
631 3767 756 3826 caritatis
777 3712 884 3840 olbcia,
904 3785 960 3825 nec
979 3764 1070 3824 ullum
1092 3761 1200 3822 babere

47 3843 200 3901 communis
221 3841 431 3902 aedificationis
442 3855 617 3922 respectum.
649 3843 749 3917 Quum
762 3844 868 3904 dicitnr
880 3839 1097 3930 paterfamilias,
1113 3851 1200 3974 post-

45 3931 124 3988 quarn
147 3938 280 3980 reversus
308 3929 366 3992 est,
390 3940 508 3980 vocasse
533 3939 633 3978 servos
664 3921 700 3980 ad
724 3921 882 3980 rationem:
915 3927 1000 3977 srcntr
1025 3915 1093 3974 lunc
1136 3935 1200 3975 onrs

45 3993 234 4074 concipienda
255 4008 299 4054 est
318 3995 462 4066 alacritas,
483 3995 549 4074 quia
569 4015 600 4054 se
620 3994 791 4078 intelligunt
810 4014 931 4076 operam
948 3990 1068 4051 minime
1088 3991 1201 4068 ludere,

44 4075 80 4124 tta
99 4063 211 4131 rursum
232 4071 322 4153 pigris
343 4083 374 4132 et
394 4071 545 4133 desidiosis
565 4092 627 4131 non
647 4071 719 4133 levis
745 4071 877 4132 inlicitur
897 4083 1002 4128 terror.
1048 4068 1200 4129 Discamns

46 4159 74 4228 ‘F
96 4166 123 4218 o,
132 4159 290 4238 antequam
305 4148 439 4210 adueniat
449 4145 606 4222 Dominus,
627 4159 657 4208 et
673 4148 814 4210 calculum
832 4144 988 4207 nobiscum
1003 4157 1105 4226 ponat,
1124 4166 1202 4225 quo·

44 4163 110 4280 ndle
130 4244 185 4284 nos
204 4247 214 4282 ι
237 4245 285 4284 sos
305 4237 412 4304 sponte
431 4243 548 4306 urgere.
821 4281 832 4296 ,

79 4295 86 4316 '
112 4305 158 4362 tt.
199 4245 344 4362 dmum
369 4317 411 4376 te,
445 4297 524 4382 'quod
549 4297 633 4364 domo
658 4299 749 4362 durus
772 4303 840 4362 sis·
874 4299 957 4361 llaec
982 4298 1102 4362 durities
1127 4298 1202 4359 nibil
