2764 4854
295 198 375 292 (2'12
416 209 549 276 Christus
568 174 701 276 inorilur.
740 214 911 294 Portenta.)
1130 223 1189 286 ³73
1243 167 1247 174 ·

39 362 129 422 itam.
171 363 310 500 ffulsquis
330 385 403 449 ergo
423 386 492 428 vcra
513 366 570 430 lide
590 367 704 429 animae
723 385 792 431 suae
807 370 967 431 custodiam
980 367 1099 430 Christo
1118 350 1183 432 mb-

36 438 105 499 iens
127 449 172 500 tra
196 452 241 516 et,
265 463 327 504 non
353 442 525 504 extrahetur
541 444 573 502 iu
593 441 715 525 longum
735 458 864 526 tempus,
890 458 922 505 ut
940 467 1094 526 suspensus
1120 445 1183 505 lau-

37 527 135 576 ueat:
156 517 207 577 sed
228 519 288 582 eius
308 531 379 580 voto
400 519 511 592 eadem,
532 541 589 599 qua
609 541 679 603 erga
689 521 834 584 latronem
846 545 912 583 usus
925 535 979 594 est,
999 521 1183 603 benignitate

37 592 166 653 {hristus
186 607 330 656 occurret.
369 597 473 676 Itaque
501 597 624 664 facessat
643 599 775 678 putidum
796 598 867 659 illud
886 597 1081 680 sophistarum
1100 618 1182 658 com-

37 680 160 730 tentum
180 671 216 731 de
236 693 352 752 poenae
371 674 551 746 retentione,
570 693 659 764 quum
681 675 765 756 culpa
777 676 946 737 remittitur:
967 675 1033 756 qnia
1054 675 1183 736 videmus

36 759 48 806 t
72 744 225 823 Christus,
243 770 331 829 ¹quem
344 771 359 810 a
373 761 455 810 reatu
475 747 611 823 absolvit,
630 750 714 810 simul
734 773 750 812 a
770 772 867 832 poena
887 751 1002 813 liberet
1040 752 1104 811 Nec
1125 750 1181 810 ob-

37 833 76 882 'at
99 823 184 901 qnod
204 821 278 885 latro
300 847 438 905 poenam,
458 826 505 887 cui
524 827 654 886 addictus
675 840 747 902 erat,
767 827 956 888 nihilominus
973 829 1009 888 ad
1022 839 1181 888 extremum

37 918 116 978 sque
137 900 275 962 sustinet:
296 903 363 981 qnia
383 902 430 962 hic
449 902 529 964 nulla
548 905 749 984 compensatio
769 905 856 966 nobis
875 904 1013 986 lingenda
1032 916 1085 978 est,
1104 925 1188 996 guae,

37 977 51 1036 l
73 974 256 1055 placandum
267 977 325 1038 Dei
345 979 483 1039 iudicium
503 979 611 1057 piaculi
628 981 691 1041 vice
711 981 749 1040 sit
759 982 1019 1060 (quemadmodum
1031 981 1184 1060 sophistae

37 1052 184 1128 elirant),
203 1055 254 1114 sed
274 1055 378 1134 poeuis
398 1055 601 1136 corporalibus
620 1056 673 1117 sim
698 1057 792 1118 liciter
811 1058 922 1119 electos
946 1080 1015 1118 snos
1033 1055 1179 1119 Dominus

37 1130 51 1188 d
75 1127 296 1208 displicentiam
318 1143 348 1191 et
367 1131 465 1191 odium
487 1131 600 1211 peccati
620 1079 724 1194 erudit
762 1134 865 1214 Itaque
887 1132 1178 1195 Christuslatronem

37 1218 147 1264 aterna
166 1204 318 1286 disciplina
339 1207 375 1268 ad
394 1209 439 1268 sui
457 1207 685 1290 abnegationem
705 1212 859 1272 adductum
881 1211 961 1290 quasi
984 1209 1098 1290 gremio
1124 1230 1177 1269 suo

37 1281 149 1361 rripit,
173 1301 234 1342 uon
255 1285 291 1343 ad
316 1284 415 1366 ignem
435 1285 640 1368 purgatorium
667 1286 793 1370 ablegat.
831 1288 1000 1348 Notandum
1027 1297 1178 1367 praetcrea

37 1369 70 1434 st,
93 1357 204 1438 quibus
223 1358 353 1430 clavibus
373 1359 481 1420 latroni
501 1372 601 1441 aperta
621 1363 711 1422 suerit
728 1363 814 1447 regni
835 1363 986 1424 coelorum
1003 1363 1102 1423 ianua:
1124 1369 1194 1421 ue-t

37 1456 75 1494 ne
104 1434 187 1494 enim
212 1434 259 1498 hic
283 1437 329 1498 vel
355 1437 466 1516 papalis
489 1437 652 1512 consessio,
677 1438 724 1499 vel
749 1439 961 1500 satisfactiones
981 1438 1176 1500 iurationem

37 1511 155 1584 euiuut,
174 1511 225 1572 sed
245 1513 428 1592 poenitentia
448 1525 480 1574 et
498 1513 555 1573 fide
575 1527 732 1577 contentus
753 1529 797 1576 est
809 1514 952 1589 Christus,
972 1526 1004 1575 ut
1022 1514 1060 1574 ad
1078 1535 1109 1574 se
1125 1535 1176 1574 ve-

37 1589 154 1648 ientem
174 1586 252 1649 ultro
274 1589 405 1681 excipiat.
442 1591 541 1668 Atque
561 1590 630 1650 hinc
650 1591 752 1652 melius
772 1591 877 1652 iterum
889 1591 1079 1652 confirmatur
1096 1590 1177 1670 quod

37 1685 119 1744 uper
139 1664 234 1746 attigi,
253 1664 278 1726 si
292 1687 356 1745 quas
376 1677 515 1748 gravetur
524 1664 646 1727 latronis
658 1668 787 1750 vestigiis
798 1669 931 1728 insistere
945 1679 974 1727 et
985 1678 1176 1748 praeeuntem

37 1739 121 1831 equi,
146 1740 176 1798 di
219 1763 268 1800 um
293 1763 355 1803 esse
381 1753 503 1802 aeterno
529 1742 632 1803 exitio:
664 1744 730 1824 quia
756 1745 847 1826 impio
873 1744 949 1806 iastu
967 1765 998 1806 se
1018 1745 1113 1822 ipsum
1138 1741 1175 1802 ab

37 1819 100 1876 istu
123 1836 177 1877 coe
191 1838 275 1878 orum
294 1830 382 1880 arcet
421 1820 461 1878 Et
480 1831 560 1879 certe
579 1818 663 1880 sicuti
682 1821 712 1880 in
733 1819 853 1880 latronis
873 1841 998 1901 persona
1019 1838 1174 1885 commuue

38 1893 205 1953 htinendae
224 1894 327 1954 veniae
347 1895 452 1977 pignus
472 1895 559 1956 nohis
580 1896 715 1957 omnihus
737 1895 870 1958 Christus
891 1897 981 1972 dedit,
1001 1897 1042 1958 sic
1061 1915 1175 1954 rursum

37 1981 104 2029 into
132 1968 268 2032 miserum
294 1971 375 2032 illurn
401 1972 518 2032 honore
544 1972 679 2053 dignatus
700 1985 759 2047 est,
777 1973 911 2034 utnomni
935 1995 991 2053 pro
1013 1973 1056 2044 ria
1081 1971 1176 2052 gloria
1232 2015 1237 2030 ,

37 2046 97 2106 ruti
119 2066 182 2105 nou
201 2047 258 2128 nisi
276 2047 307 2107 iu
327 2070 386 2109 una
404 2048 463 2108 Dei
482 2049 680 2110 misericordia
705 2050 875 2131 gloriemur.
915 1995 1031 2124 Quodsi
1055 2069 1125 2108 vere
1145 2059 1176 2107 et

37 2122 96 2182 erio
118 2143 157 2196 se
171 2123 293 2202 quisque
313 2137 446 2186 nostrum
466 2125 608 2198 excutiat,
632 2127 739 2186 merito
765 2143 820 2186 uos
865 2125 1012 2186 udesaciet
1034 2125 1175 2183 immensa

37 2198 167 2259 :elerum
185 2211 354 2259 nostrorum
374 2199 538 2280 congeries,
557 2211 589 2258 ut
608 2201 757 2259 hominem
776 2221 833 2279 per
853 2213 934 2274 itum,
955 2199 1004 2278 qui
1014 2219 1094 2258 mera
1106 2218 1174 2280 gra-

37 2297 53 2334 a
76 2274 204 2335 salutem
223 2274 276 2333 ade
298 2285 344 2333 tus
364 2286 422 2348 cst,
442 2275 546 2334 ducem
567 2286 597 2334 et
615 2275 838 2356 antesignanum
859 2275 967 2335 hahere
988 2274 1106 2334 minime
1126 2274 1174 2364 pi-

37 2362 107 2412 eat..
137 2349 234 2408 Porro
253 2296 339 2410 siiuti
358 2350 416 2410 iam
435 2360 506 2410 tunc
524 2350 650 2411 fructum
670 2371 753 2410 suum
772 2351 896 2440 protulit
908 2373 985 2418 mors
997 2349 1118 2425 Christi,
1131 2360 1172 2409 ata

37 2429 87 2487 inc
109 2424 284 2506 colligimus,
303 2425 423 2498 animas,
442 2423 494 2486 ubi
513 2446 530 2485 a
549 2425 726 2516 corporibus
744 2438 924 2508 migrarunt,
941 2427 1110 2506 superstites
1128 2425 1175 2486 vi-

37 2522 102 2564 ere:
124 2500 233 2581 alioqui
253 2499 361 2561 lusoria
381 2512 457 2561 esset
475 2499 630 2581 promissio
652 2500 773 2576 Christi,
793 2524 879 2581 qoam
889 2503 976 2562 ctiam
986 2503 1173 2562 iureiurando

37 2579 184 2640 onfirmat.
222 2578 271 2638 De
290 2577 358 2637 loco
382 2589 479 2638 tamen
505 2578 630 2658 paradisi
655 2578 770 2638 curiose
791 2590 821 2640 et
840 2590 942 2672 argute
968 2578 1172 2658 disputandum

37 2677 79 2716 on
103 2665 162 2715 est:
182 2653 269 2714 nobis
287 2653 422 2728 sufficiat,
442 2654 609 2735 quicunque
628 2654 685 2715 lide
705 2653 785 2714 insiti
804 2669 913 2716 suntin
925 2655 1036 2718 Christi
1055 2675 1173 2733 corpus,

37 2753 79 2793 sse
102 2731 165 2791 eius
184 2729 260 2791 vitae
280 2729 447 2822 participes,
467 2741 554 2812 atque
575 2731 612 2791 ita
655 2742 702 2790 ost
719 2743 845 2792 mortem
866 2730 949 2793 beata
964 2743 994 2792 et
1011 2730 1085 2792 laeta
1106 2731 1171 2809 qui-

37 2819 64 2868 te
85 2807 156 2878 irui,
174 2808 271 2868 donec
290 2807 321 2867 in
341 2807 466 2868 solrdum
487 2751 727 2887 patefiatilbristi
741 2805 867 2870 adventu
886 2808 1017 2888 perfecta
1037 2805 1172 2868 coelestis

37 2885 95 2946 itae
117 2883 221 2966 gloria.
260 2885 360 2944 Unum
386 2883 480 2944 adhue
499 2884 645 2944 residuum
666 2895 725 2959 est,
751 2884 831 2974 quod
851 2885 958 2945 latroni
982 2883 1174 2964 promittitur,

37 2983 80 3021 ou
102 2961 200 3022 levare
220 2971 389 3042 praesentes
409 2959 470 3022 eius
489 2959 629 3038 miserias,
647 2981 703 3020 nec
724 2981 789 3040 quac
813 2983 877 3020 uam
889 2982 922 3021 ex
933 2959 1081 3040 corporali
1097 2980 1172 3039 poe-

36 3037 222 3098 amiuuere.
263 3036 334 3112 Quo
364 3056 535 3112 monemur,
558 3059 621 3096 nou
646 2983 853 3098 aestimandam
878 3057 939 3097 esse
964 3036 1023 3098 Dei
1047 3037 1172 3118 gratiam
1240 3041 1248 3054 “

37 3115 116 3174 arnis
140 3135 243 3174 sensu:
267 3133 354 3193 saepe
382 3112 461 3172 euim
483 3113 611 3189 accidet,
631 3125 664 3172 ut
681 3113 842 3174 miserrime
867 3113 959 3195 afiligi
985 3115 1061 3174 sinat
1079 3112 1172 3189 Deus,

38 3190 125 3250 uibus
145 3202 242 3250 tamen
262 3189 407 3270 propitius
427 3200 479 3249 est
518 3193 600 3270 Ergo
620 3191 645 3250 si
664 3190 830 3250 secundum
844 3209 951 3270 corpus
974 3191 1081 3250 misere
1106 3200 1171 3250 tor-

37 3287 153 3342 oemur,
172 3267 333 3328 cauendum
353 3276 397 3326 est
415 3287 453 3326 ne
473 3279 588 3348 gustum
606 3265 723 3328 divinae
744 3265 883 3328 bonitatis
901 3265 989 3328 nobis
998 3267 1106 3326 adimat
1117 3266 1172 3326 do-

37 3343 88 3404 )ris
109 3342 267 3404 acerbitas:
310 3342 361 3401 uin
402 3342 478 3402 otius
498 3341 573 3403 mala
593 3343 691 3404 omnia
704 3354 862 3423 temperet,
880 3364 914 3403 ac
927 3343 1017 3404 leniat
1028 3340 1100 3404 haec
1112 3363 1171 3402 nna

37 3419 203 3496 onsolatio,
228 3364 349 3480 similae
373 3363 475 3478 datore
500 3441 553 3479 suo
579 3439 634 3479 nos
659 3419 825 3498 complexus
845 3429 889 3482 cst
905 3420 1005 3494 Deus,
1030 3417 1170 3498 quicquid

37 3496 160 3556 talorum
179 3496 375 3576 perpetimur,
398 3495 486 3555 uobis
505 3496 674 3557 adiumento
700 3515 761 3554 esse
781 3497 812 3555 in
831 3496 963 3558 salutem.
1001 3497 1047 3555 lta
1068 3494 1120 3554 het
1138 3505 1171 3552 ut

37 3592 77 3630 ou
97 3572 189 3634 modo
209 3571 245 3632 ah
266 3570 403 3633 omuibus
422 3572 545 3634 miseriis
564 3573 636 3632 fides
655 3581 755 3630 nostra
775 3572 876 3634 victrix
896 3583 1042 3654 emergat,
1068 3570 1119 3631 scd
1139 3567 1169 3628 in

37 3649 111 3710 tedia
132 3669 294 3731 poenarum
314 3641 471 3710 tolerantia
490 3649 618 3712 suaviter
637 3648 777 3727 quiescat.

99 3931 204 4012 (212.)
250 3926 421 3997 Matuta.
449 3931 582 3998 xxvtt.
628 3931 678 3997 to.
699 3929 728 3996 A
750 3939 837 3996 sexta
875 3937 979 3993 autem
1012 3927 1091 3992 hora
1126 3935 1172 3990 te-

40 4031 139 4098 ehrae
165 4033 270 4102 iactae
295 4045 369 4102 sunt
395 4055 494 4118 super
521 4039 701 4102 universam
731 4045 846 4100 terram
867 4049 976 4116 usque
998 4029 1039 4095 ad
1061 4029 1175 4114 boram¹

37 4155 143 4200 onam.
208 4137 260 4204 46.
290 4139 331 4204 Et
362 4139 446 4202 eirca
477 4135 589 4204 horam
622 4157 740 4206 nouam
776 4134 926 4199 clamavit
964 4135 1054 4199 lesus
1091 4154 1173 4198 voce

37 4255 138 4318 aagua,
159 4237 279 4320 dicens,
299 4241 361 4321 Eli,
379 4239 439 4319 Eli,
460 4239 543 4306 lama
564 4239 795 4310 sabachthani?
816 4235 947 4310 houset,
968 4235 1060 4300 Deos
1074 4254 1174 4316 meus,

37 4337 112 4406 leus
132 4363 230 4420 meus,
252 4367 309 4412 cur
330 4345 503 4412 deseruisti
521 4343 595 4410 mc?
622 4340 836 4430 47..Quidam
859 4350 966 4414 autom
985 4337 1054 4408 illio
1072 4349 1174 4404 astan-
