2766 4834
824 211 831 234 Ι

402 259 471 336 (11.
496 253 680 340 Genealogia
702 259 838 339 Christi.)
888 316 890 322 ,
1149 271 1190 332 43
1275 312 1279 329 ,

66 415 107 498 pei
124 411 181 476 luit
202 402 414 490 zorobabel,
435 415 491 500 qni
514 411 573 480 luit
593 411 759 497 salathiel,
781 420 836 506 qul
859 417 921 484 luit
941 418 1031 498 Neri,
1050 417 1099 486 28.
1120 421 1189 508 Qui

24 596 25 607 ἵ
61 515 107 578 luit
124 512 271 592 Melchi,
309 517 366 602 qui
388 514 451 580 tuit
471 515 575 594 Aodi,
601 519 657 604 qui
682 517 742 584 tuit
764 517 900 598 Cosam,
921 509 977 608 qui
1003 521 1063 585 luit
1083 520 1191 588 Elma-

26 621 27 624 ’
58 613 124 690 lam,
153 617 213 700 qni
241 615 311 680 luit
332 611 403 694 Er,
426 617 478 680 29.
501 615 570 701 Qui
591 619 651 684 luit
675 619 764 698 lose,
797 623 853 706 qui
874 621 935 686 fuit
955 621 1102 699 Elieaer,
1134 625 1192 708 qui

55 715 99 780 hit
117 715 233 791 lorirn,
263 719 325 802 qui
348 715 410 780 luit
432 717 583 796 Matthat,
619 722 675 806 qui
697 719 756 784 luit
779 721 874 800 Levi,
899 725 950 788 30.
971 723 1039 808 Qui
1061 722 1122 788 tuit
1143 723 1192 788 si-

55 837 139 892 neon,
159 819 221 901 qui
246 805 316 881 fuit
338 816 428 896 luda,
449 820 504 904 qui
526 818 585 882 init
605 819 809 908 loseph,rqui
831 821 892 888 fuit
910 825 1030 899 lunam,
1053 827 1108 911 qui
1131 823 1193 890 luit

53 914 186 992 thaam,
209 919 269 986 31.
298 917 366 1004 Qui
389 919 449 984 luit
472 917 597 998 Melea,
618 925 673 1006 qui
696 922 757 987 tuit
777 923 925 1002 Maiuan,
947 929 1003 1010 qui
1025 925 1085 1018 luit
1106 927 1197 992 Mat-r

52 1016 133 1092 tutha,
165 1019 228 1104 qni
261 1017 327 1083 tuit
346 1017 494 1095 Nathan,
524 1023 580 1105 qui
609 1021 668 1086 luit
689 1023 819 1100 David,
844 1026 896 1089 32.
925 1023 992 1111 Qui
1016 1026 1075 1092 luit
1095 1027 1192 1106 lesse,
1262 1043 1263 1048 ’

52 1121 92 1203 qni
116 1116 176 1184 luit
205 1117 336 1197 Obed,
379 1125 436 1206 qui
464 1120 522 1184 luit
547 1122 650 1198 Boas,
690 1125 748 1210 qu'i
777 1122 838 1188 fuit
866 1125 1014 1206 Salmon,
1048 1132 1105 1216 qui
1130 1129 1192 1195 tuit

12 1199 13 1221 ¹
52 1217 199 1298 haesson,
244 1221 304 1286 33.
333 1218 400 1304 Qui
425 1217 485 1284 luit
506 1221 703 1301 aminadab,
737 1227 793 1309 qui
820 1223 881 1290 luit
901 1229 1012 1304 Aram,
1046 1233 1101 1314 qui
1130 1229 1192 1296 luit

51 1316 165 1398 larem,
192 1325 259 1408 qui
285 1319 347 1385 luit
368 1320 505 1397 Pheres,
522 1311 593 1408 ,qui
616 1323 676 1388 fuit
697 1323 813 1400 Iudae,
838 1325 889 1391 34.
912 1327 980 1410 Qui
1003 1328 1063 1392 luit
1083 1329 1191 1408 laceb,

52 1421 318 1503 primitiam,
352 1423 408 1506 qui
431 1421 493 1486 tuit
512 1421 681 1501 Abrahae,
713 1426 769 1512 qui
792 1424 852 1489 fuit
875 1425 1018 1504 Tharne,
1054 1431 1193 1515 qui'luit

52 1519 184 1600 h'achor,
204 1525 268 1588 35.
293 1521 364 1606 Qui
387 1522 447 1587 luit
468 1521 579 1610 Sarug,
601 1527 658 1611 qui
680 1521 740 1590 luit
762 1527 883 1611 Ragau,
904 1527 960 1613 qui
983 1527 1043 1594 luit
1064 1529 1192 1615 Phaleg,

53 1623 95 1704 pai
113 1621 174 1688 luit
197 1622 332 1701 Heher,
353 1627 410 1710 qni
432 1623 493 1688 tuit
514 1624 625 1706 Salac,
645 1627 697 1692 36.
722 1624 789 1712 Qui
811 1627 872 1692 tuit
893 1625 1030 1707 Cainan,
1054 1631 1110 1716 qui
1131 1631 1193 1698 tuit

54 1722 228 1806 aphnau,
267 1727 325 1810 qui
352 1725 413 1788 luit
435 1723 525 1803 Sem,
557 1731 613 1812 qui
641 1728 700 1792 luit
726 1729 836 1806 Noae,
871 1731 927 1815 qui
960 1729 1020 1794 tuit
1041 1731 1192 1814 Lamech,

53 1821 92 1886 tt.
110 1823 178 1910 Qui
201 1825 268 1891 luit
287 1824 504 1902 hlethusal'ae,
526 1829 581 1914 qui
604 1827 663 1893 luit
683 1829 830 1912 Honoch,
852 1831 908 1916 qui
931 1829 991 1895 luit
1010 1819 1114 1912 laced,
1135 1837 1195 1922 qui

54 1920 102 1986 hit
127 1924 445 2010 hlahalaleel‚,qui
473 1925 534 1991 luit
555 1923 698 2028 Cainau,
740 1931 792 2009 38.
814 1929 881 2015 Qui
909 1931 969 1998 luit
996 1933 1101 2014 Eoos,
1135 1939 1194 2024 qui

56 2021 105 2088 tuit
122 2025 223 2104 Seth,
248 2029 306 2113 qui
330 2027 393 2091 fuit
414 2025 528 2105 Adam,
550 2031 605 2113 qui
627 2028 688 2094 luit
708 2029 783 2101 Dei.

119 2174 281 2250 Quoniam
302 2173 406 2234 dehis
428 2175 540 2236 duabus
554 2179 752 2270 genealogiis,
771 2199 846 2260 quae
867 2181 1047 2244 aMatthaeo
1069 2183 1192 2260 et.Luca

56 2247 207 2332 decriptae
228 2261 319 2324 sunt,
349 2271 414 2311 non
435 2267 577 2314 convenit
596 2256 676 2316 inter
695 2277 812 2332 omnes,
842 2257 939 2338 primo
958 2261 1118 2322 videndum
1138 2273 1193 2338 est,

59 2326 232 2388 leducautne
253 2327 346 2388 ambo
360 2326 471 2389 Christi
491 2332 701 2412 genealogiam
716 2334 863 2412 aloseph,
883 2356 920 2394 an
940 2356 1013 2396 uero
1027 2337 1193 2398 Matthaeus

58 2413 167 2480 hatum,
186 2407 289 2465 Lucas
308 2425 383 2465 vero
405 2427 421 2465 a
441 2407 543 2466 illaria.
584 2409 724 2482 Quihoc
743 2411 889 2488 posterius
908 2413 1055 2487 sentiunt,
1075 2415 1191 2494 specio-

60 2500 109 2540 rrrn
127 2483 244 2544 habent
259 2481 443 2543 'discriminis
463 2497 645 2563 praetextum
665 2485 696 2543 in
717 2485 835 2545 diversis
855 2486 1041 2561 nominibus,
1061 2501 1092 2546 et
1111 2501 1208 2550 certe·

51 2556 137 2634 prima
155 2559 263 2640 specie
284 2558 360 2618 nihil
380 2560 476 2620 miuus
495 2561 623 2635 videtur,
666 2581 732 2619 uam
754 2561 880 2642 genealo
904 2562 1008 2620 ianua
1030 2565 1132 2622 eadem
1155 2584 1193 2625 ue
1307 2630 1313 2642 ,

49 2637 173 2713 amari,
198 2657 293 2715 quum
318 2647 478 2726 tantopere
502 2639 597 2696 Lucas
617 2581 804 2697 allatthaco
832 2582 959 2696 sitierat.
996 2639 1110 2698 Nama
1160 2661 1193 2700 a·

61 2709 227 2793 vilemque
249 2714 287 2773 ad
309 2711 470 2788 Salathrel,
501 2725 533 2773 et
557 2735 656 2774 rursus
676 2735 693 2772 a
714 2711 878 2773 Sernhahel
904 2735 996 2792 usque
1017 2713 1053 2774 ad
1074 2715 1195 2796 Ioseph,

59 2785 118 2848 elios
136 2811 263 2870 prorsus
283 2789 428 2850 nominat.
466 2789 585 2851 Deinde
605 2791 788 2863 obtendunt,
821 2790 977 2850 absurdum
1000 2790 1088 2850 luisse
1107 2791 1138 2850 in
1159 2809 1193 2853 re

60 2881 109 2922 non
127 2867 295 2927 necessaria
315 2877 430 2926 tanturn
450 2885 564 2946 ponere
585 2867 705 2941 laboris,
726 2879 773 2928 ut,
795 2867 1000 2948 euusIoseph,
1021 2867 1071 2948 qui
1091 2879 1191 2930 tamen
1315 2903 1319 2910 ,

61 2953 130 3018 pater
150 2941 269 3002 Christi
286 2964 350 3002 non
372 2953 459 3015 erat,
484 2943 528 3004 bis
547 2946 730 3004 recitaretur.
771 2887 940 3020 {norsum
964 2944 994 3002 iu
1018 2945 1117 3021 uiunt,
1137 2947 1194 3012 ista

61 3020 208 3095 repetitio,
228 3022 309 3080 nude
329 3017 404 3078 nihil
424 3021 584 3098 probatur,
605 3022 685 3101 quod
704 3019 789 3081 valde
810 3021 847 3082 ad
867 3019 936 3081 fidei
956 2965 1194 3090 aetificatiouem

62 3096 217 3169 pertineat?
255 3098 333 3156 Nam
353 3096 461 3156 sihoc·
476 3108 590 3157 tautum
612 3097 1054 3179 cognoscitur,10sephuuum
1075 3120 1138 3161 esse
1159 3126 1195 3170 ex

94 3173 179 3242 steria
200 3185 231 3232 ct
249 3173 362 3233 familia
377 3171 511 3246 Davidis,
533 3172 643 3234 Christi
664 3195 757 3256 genus
777 3173 890 3234 interea
910 3173 1044 3234 mauebit
1060 3175 1197 3250 dubium.

61 3190 132 3382 ligo
291 3249 407 3386 tta
436 3251 1195 3402 cauatatutatutacitauit,u

91 3348 126 3387 nc
144 3347 210 3386 rem
231 3349 331 3386 sucum
409 3373 417 3388 .
490 3349 507 3384 u

63 3404 244 3478 recensuerit,
263 3405 305 3464 ita
325 3415 473 3478 excusant,
493 3404 601 3464 factum
620 3403 735 3464 scilicet
753 3403 841 3463 luisse
854 3349 1012 3464 miiltoium
1026 3425 1122 3486 causa,
1139 3352 1196 3490 ‘qpui
1226 3399 1232 3406 ¹

64 3495 120 3538 mm
149 3478 263 3540 Christi
296 3500 359 3542 esse
393 3489 505 3560 patrem
537 3482 632 3540 adhuc
660 3481 868 3571 opinabantur.
917 3481 1009 3562 Atqui
1038 3483 1195 3550 ridiculum
1302 3471 1308 3492 ’

63 3551 170 3631 luisset,
191 3557 245 3618 ista
266 3555 454 3636 indulgentia
474 3555 578 3616 fovere
597 3577 797 3638 perniciosum
818 3575 966 3618 errorem:
992 3569 1023 3618 et
1042 3574 1195 3626 contextim

61 3631 147 3710 palam
172 3646 330 3716 repugnat.
371 3633 446 3692 Nam
466 3633 585 3694 simulac
609 3645 730 3692 ventum
757 3647 802 3695 est
825 3635 862 3693 ad
881 3634 1076 3729 genealogiae
1096 3637 1197 3716 finam,

64 3711 332 3784 docetltlatthacus,
351 3729 414 3768 nou
436 3730 469 3769 ex
488 3709 725 3791 semineloseph,
744 3711 795 3770 sed
816 3731 920 3771 arcana
939 3710 1066 3791 Spiritus
1085 3715 1195 3776 virtute

63 3782 205 3847 Christum
235 3789 266 3848 in
297 3799 387 3846 utero
411 3787 535 3870 virginis
567 3787 655 3846 luisse
686 3799 873 3866 conceptum.
923 3787 1025 3862 Quare
1056 3789 1081 3847 si
1107 3801 1198 3854 staret

63 3881 158 3922 eornm
177 3865 266 3938 ratio,
284 3862 428 3924 stultitiae
445 3864 492 3923 vel
512 3863 725 3944 incogitantiae
744 3874 845 3954 posset
864 3865 948 3945 argui
968 3865 1143 3942 Matthaeus,
1163 3880 1197 3928 ut

65 3939 109 4016 qni
127 3941 234 4001 frustra
253 3942 372 4013 recitet,
391 3943 469 4000 unde
490 3940 638 4022 originem
659 3941 773 4020 duxerat
792 3941 935 4020 Ioseph„
950 3940 1043 4019 Atqui
1063 3945 1196 4010 nondum

64 4015 151 4076 solnm
170 4029 217 4078 est
235 4038 341 4078 eorum
363 4015 509 4090 obiectio,
542 4017 621 4097 quod
641 4018 801 4099 progenies
822 4017 931 4096 loseph
953 4017 1027 4078 nihil
1048 4019 1085 4078 ad
1106 4018 1196 4084 Chri,

65 4105 133 4152 stem
151 4095 309 4175 pertineat.
330 4094 359 4152 T
360 4093 416 4152 rita
430 4105 460 4153 et
470 4093 562 4176 vulgo
573 4105 645 4164 nota
658 4095 812 4185 responsio
833 4105 886 4168 est,
906 4092 937 4152 in
950 4110 1076 4174 persona
1087 4097 1197 4180 Ioseph
1279 4139 1281 4147 ι

68 4172 272 4251 comprehendi
291 4170 382 4230 ctiam
403 4170 513 4242 Mariae
534 4190 730 4260 genus,qu1a
751 4171 797 4230 lex
817 4168 939 4230 iubebat
957 4191 1198 4256 unumquemque

70 4263 99 4304 er
119 4268 168 4308 sua
195 4248 277 4308 tribu
303 4267 425 4308 uxorem
452 4248 568 4307 ducere.
607 4248 765 4328 Excipiunt
790 4247 833 4307 illi
854 4257 974 4320 conha,
1005 4246 1101 4330 legem
1121 4252 1221 4316 hanc.

72 4325 197 4386 omnibus
218 4325 282 4385 lere
303 4323 427 4384 saeculis
445 4324 611 4406 neglectam
631 4317 730 4399 luisse,
749 4323 801 4384 scd
822 4335 1004 4404 argumenta,
1024 4325 1129 4403 quibus
1150 4329 1198 4389 ni-

72 4408 171 4481 tentur,
191 4399 303 4464 invola
322 4411 401 4462 sant.
441 4399 544 4462 Citant
563 4401 728 4482 exemplum
744 4400 830 4476 illud,
850 4400 929 4479 quod
948 4401 1086 4464 undecim
1104 4403 1198 4467 tribas
