2778 4838
141 215 182 278 ὥ
370 205 487 272 sect.
507 207 588 272 xtV.
628 219 806 272 miracuta
826 223 868 268 nr
890 221 1094 270 seruosne..

99 343 104 354 Δ
143 383 219 446 ergo
237 371 387 424 testantur
401 363 463 424 Eva
507 361 624 438 ethere,
656 362 767 443 ubique
785 381 913 454 sparsam
940 361 1031 424 luisse
1057 361 1096 422 de
1114 360 1169 424 illo
1190 360 1313 439 tamam,

144 450 179 500 ut
195 441 226 498 in
247 437 342 500 aulam
360 459 453 520 usque
504 439 602 500 erodis
620 449 829 521 penetraverat.
1061 515 1068 530 ⁶
1104 504 1108 520 ¹
1386 479 1387 492 .

219 523 249 582 2.
286 516 378 576 Dtoeu
392 516 526 598 famulis
548 519 617 576 mais.
656 517 700 576 Ex
718 515 817 578 Lucae
841 516 939 577 verbis
966 514 1135 606 colligatur,
1155 535 1230 606 ⁸non
1259 535 1313 577 re-

143 593 222 656 nisse
243 593 302 684 hoq
320 592 450 684 ultro-in
470 605 599 654 mentem
616 593 742 668 Herodi,
761 593 972 686 sed-iniectam
993 592 1036 651 illi
1054 613 1260 684 snspreponern
1278 613 1312 652 ex

112 807 120 818 ,
142 669 592 828 tttttt¹¹ttttthtt¹t⁰tta
607 669 773 837 lindisi
790 667 1313 838 tthdthfflnttadtttdtt

143 834 176 881 ut
195 821 259 880 fieri
278 819 363 884 solet.
408 821 559 883 Haerebat
582 843 688 904 passim
713 844 744 881 rn
764 823 915 884 hominurn
935 821 1085 883 mentibus
1111 823 1185 882 haec
1204 841 1313 913 super3¹

32 929 36 937 ,
143 898 235 972 stitio,
255 899 352 958 redire
371 911 506 990 mortuos
523 898 553 989 in
573 899 663 959 vitam
682 899 736 958 sub
753 899 809 992 alia
820 919 958 980 persona,
974 897 1309 1036 quemadmodumalrbs

143 973 253 1034 dictum
273 985 325 1036 est.
351 976 437 1035 Nunc
450 987 600 1066 arripiunt·
613 975 693 1066 quod
714 997 878 1055 proxumum
899 988 967 1052 est,
1004 975 1126 1036 erodere
1147 971 1310 1036 crudelrter

117 1111 123 1119 ,
142 1051 278 1110 necando
297 1062 428 1111 sanctum
448 1053 543 1111 virum
562 1073 682 1114 mrnrme
701 1054 839 1132 adeptum
860 1073 923 1114 esse
948 1053 1029 1134 quod
1053 1051 1210 1132 sperabat,
1241 1051 1309 1131 quia

141 1131 269 1206 repente
291 1127 412 1188 mirifica
433 1129 491 1189 llei
515 1130 622 1196 virtute
647 1149 663 1188 a
683 1140 779 1190 morte
806 1129 1011 1205 resurrexerit,
1041 1129 1139 1195 acrior
1163 1127 1308 1189 scelerum

144 1204 206 1264 eius
227 1204 318 1264 hostis
337 1204 451 1266 futurus
471 1225 505 1266 ac
524 1206 638 1268 vindex.
676 1205 778 1266 Docet
796 1217 894 1266 tamen
915 1207 1030 1268 Marcus
1051 1216 1083 1266 et
1100 1205 1202 1278 Lucas,
1224 1205 1307 1266 varie

143 1278 284 1359 loquutus
303 1281 392 1342 fnisse
412 1282 697 1362 hominem-nempe
719 1283 800 1360 qnod
818 1283 865 1344 alii
885 1283 1029 1420 putabant
1049 1282 1144 1341 Ellam
1162 1299 1237 1355 esse,
1256 1281 1310 1341 alii

143 1377 234 1416 unum
257 1379 342 1437 quern
366 1358 421 1418 iam
442 1379 477 1418 ex
488 1359 657 1440 Prophetis,
678 1359 725 1420 vel
745 1359 795 1439 qni
807 1359 889 1441 Prop
912 1371 972 1421 etas
984 1359 1114 1440 Spiritus
1134 1357 1308 1418 excellentia

141 1451 176 1494 ae
198 1446 290 1493 naret.
360 1457 396 1495 ur
420 1437 456 1496 de
477 1435 541 1496 Elia
568 1436 667 1515 potius
713 1456 779 1496 uam
807 1435 843 1496 de
870 1437 928 1498 alio
955 1437 1059 1516 quovis
1079 1435 1218 1515 suspicati
1236 1434 1308 1507 sint,

140 1455 212 1570 alibi
245 1511 374 1572 diximus.
420 1511 501 1586 Quia
548 1531 582 1572 er
606 1457 779 1572 Malacbiam
810 1513 986 1592 promiserat
1010 1512 1110 1586 Deus,
1148 1523 1307 1572 venturum

141 1585 250 1663 Eliam,
270 1581 320 1667 qai
340 1587 506 1668 dissipatam
517 1589 679 1649 Ecclesiam
699 1587 867 1680 colligeret,
886 1589 1056 1651 vaticinium
1075 1607 1235 1669 perperam
1245 1599 1307 1648 tra-

140 1675 244 1722 xerant
263 1663 300 1724 ad
321 1664 446 1724 hominis
465 1684 635 1745 personam,
655 1685 744 1744 quum
763 1666 889 1746 srmplex'
905 1665 1087 1748 comparatio
1098 1676 1176 1725 esset
1185 1664 1217 1724 in
1229 1663 1308 1723 bunc

134 1751 271 1798 sensum:
309 1741 357 1800 Ne
376 1739 518 1802 obscurus
537 1742 575 1800 sit
595 1740 719 1802 Messiae
739 1741 901 1818 adventus,
938 1754 969 1804 et
988 1763 1026 1802 ne
1046 1740 1190 1822 populum
1210 1739 1307 1824 fngiat

140 1812 353 1949 redemptionis
362 1815 468 1898 gratia,
487 1817 647 1896 praecedet
657 1815 737 1877 Elias
754 1817 885 1897 quidem,
904 1819 997 1899 qualis
1011 1817 1061 1878 ille
1074 1818 1139 1908 fuit·
1149 1817 1235 1908 olim,
1255 1816 1306 1908 qni

139 1909 187 1948 res
207 1911 244 1950 eo
258 1890 351 1970 lapsas
372 1904 403 1952 et
423 1911 556 1954 eversum
576 1893 635 1951 Dei
656 1893 765 1956 eultnm
786 1895 921 1955 restitnit
933 1895 1138 1956 ‘Praecedetr
1175 1905 1223 1954 tur
1242 1913 1304 1954 srn-

138 1965 235 2048 gulari
255 1965 381 2046 Spiritus
400 1968 525 2044 uirtute,
546 1981 580 2028 ut
597 1985 735 2052 magnum
756 1969 838 2032 illum
859 1970 937 2032 diem
957 1971 1091 2032 illustret.
1131 1913 1251 2044 fidaei,
1270 1981 1304 2029 ut

140 2041 227 2101 crassi
253 2055 338 2102 erant
361 2043 440 2105 inter
461 2056 556 2118 retes,
594 2046 651 2106 hoc
679 2047 715 2108 ad
740 2047 823 2106 illum
843 2048 939 2108 Eliam
959 2047 1123 2108 Thesbiten
1147 2058 1307 2122 maerent,

53 2135 56 2142 ¹
140 2118 222 2198 quasi
242 2116 432 2180 iuncturuso
468 2121 515 2182 cio
526 2121 694 2201 Prophetae
716 2124 815 2183 denuo
837 2123 926 2185 foret.
955 2122 1108 2186 'Divinant
1127 2135 1226 2184 tamen
1243 2121 1306 2196 alii,

139 2195 188 2255 vel
208 2215 298 2255 unum
317 2197 444 2277 aliquem
464 2199 654 2260 resurrexisse
675 2220 708 2259 ea
728 2199 876 2262 veteribus
897 2201 1071 2282 Prophetis,
1096 2200 1144 2262 vel
1164 2221 1211 2260 ma
1256 2219 1305 2260 um

139 2291 203 2332 ease
223 2271 350 2351 aliquem
369 2274 482 2349 virum,
506 2275 557 2359 qui
577 2276 613 2337 ad
633 2275 753 2337 illorum
773 2278 981 2358 praestantiam
1001 2277 1165 2338 accederet.
1231 2297 1305 2338 orso

137 2348 325 2425 mirum'est,
355 2372 444 2431 quum
464 2351 494 2410 in
516 2351 644 2414 diversas
663 2353 823 2413 sententias
843 2354 990 2430 serantur,
1010 2353 1083 2415 nulli
1102 2367 1201 2414 tamen
1222 2353 1303 2436 quod

138 2445 239 2484 verum
260 2428 372 2486 eratin
392 2440 522 2488 mentem
542 2429 655 2504 venire,
697 2430 848 2490 raesertim
869 2452 958 2522 quum
980 2431 1042 2512 ipsa
1061 2431 1206 2510 temporis
1226 2429 1304 2490 ratio

76 2507 79 2528 “
138 2521 190 2564 eos
210 2503 247 2562 ad
268 2501 417 2564 Christum
438 2503 589 2589 dirigeret.
623 2451 853 2586 Retlemptorem
875 2508 933 2570 allis
953 2507 1233 2588 promiseratllens,
1253 2507 1304 2586 qni

137 2577 250 2638 miseris
271 2599 305 2638 ac
324 2581 447 2659 perditis
467 2601 555 2673 opem
577 2581 676 2642 terret.
715 2583 853 2643 Extrema
872 2585 1042 2659 necessitas,
1069 2584 1099 2643 in
1112 2591 1207 2662 'quam
1228 2603 1303 2644 con-

137 2653 206 2714 iecti
227 2667 321 2729 erant,
341 2669 411 2716 tune
430 2677 553 2718 marnme
572 2659 726 2740 flagitabat
737 2659 796 2718 Dei
816 2660 961 2722 auxilium.
1000 2662 1093 2720 Adest
1106 2659 1305 2741 Redemptor,

137 2742 200 2790 turn
220 2731 385 2808 celebratus
399 2735 520 2794 loannis
537 2735 715 2825 praeconio,
733 2748 796 2794 tum
816 2735 878 2816 ipse
899 2739 935 2796 de
948 2737 1050 2797 officio
1061 2757 1115 2798 suo
1128 2737 1303 2798 testificans:

137 2828 173 2866 co
217 2820 286 2867 ntur
306 2809 435 2870 divinum
455 2809 565 2890 aliquul
586 2811 616 2870 in
637 2813 702 2891 ipso
722 2832 898 2892 agnoscere,
916 2813 953 2873 ad
972 2834 1022 2874 sua
1043 2825 1142 2872 tamen
1160 2811 1304 2896 figmenta

136 2829 247 2962 dela'lrsi
276 2884 307 2942 in
339 2884 447 2944 alienas
472 2907 613 2965 personas
639 2907 705 2945 eum
731 2899 935 2950 transmutant.
974 2889 1019 2950 lta
1046 2889 1159 2950 scilicet
1176 2891 1303 2952 mundns

121 2979 226 3040 prava
247 2958 460 3094 ingratitudine
481 2963 595 3023 oblatas
614 2963 741 3023 sibillei
761 2967 870 3046 gratias
891 2966 1076 3048 exstinguere
1095 2966 1181 3027 solet.
1209 2969 1303 3042 Quod

133 3037 174 3094 nd
194 3035 276 3094 Hero
299 3055 345 3096 em
359 3036 451 3116 ipsum
464 3040 604 3117 pertinet,
623 3039 709 3100 sicuti
728 3041 819 3121 paulo
839 3054 908 3104 ante
927 3043 1022 3125 attigi,
1042 3044 1106 3124 ipse
1126 3043 1303 3124 opinionem

135 3109 173 3170 de
193 3111 308 3171 Ioanne
328 3113 467 3173 suscitato
490 3134 551 3173 non
571 3115 651 3176 ultro
671 3118 826 3198 concepit,
845 3121 897 3179 sed
918 3119 1164 3200 quemadmodum
1185 3121 1302 3200 trepide

135 3187 274 3248 vacillant
292 3187 385 3248 malae
405 3192 614 3269 conscientiae,
633 3205 665 3252 et
683 3194 719 3254 ad
740 3193 902 3276 quamlibet
917 3217 1017 3256 auram
1025 3196 1199 3269 flectuntur,
1219 3198 1301 3276 quod

133 3263 297 3340 metuebat,
317 3263 403 3326 laeile
423 3268 563 3348 concipit.
583 3269 715 3332 EtDeus
733 3272 831 3334 coecis
842 3272 901 3332 istis
913 3271 1076 3334 terroribus
1090 3292 1139 3333 sae
1162 3273 1300 3354 eimpios

134 3339 277 3430 exagitato:
297 3341 349 3418 ita,
370 3344 553 3422 quantumvis
573 3347 640 3406 data
660 3367 753 3438 opera
768 3369 799 3407 se
812 3347 972 3425 obdurent,
992 3369 1047 3410 nee
1060 3293 1300 3411 aliundevexen-
1350 3361 1355 3368 '

89 3433 94 3441 ·
133 3425 199 3491 tur,
240 3427 348 3485 uretem
369 3437 430 3480 non
451 3420 612 3502 impetrant
630 3424 667 3484 ah
689 3423 830 3484 intestino
850 3426 1000 3502 carnifice,
1020 3425 1091 3506 quin
1113 3426 1229 3486 duriter
1248 3447 1301 3488 eos

133 3439 275 3574 flagellet.
313 3492 386 3555 Ideo
411 3498 529 3559 munuca
549 3515 640 3576 mint
663 3504 696 3560 iss
712 3501 774 3562 illo.
813 3502 920 3562 Mirum
941 3513 1000 3577 est,
1030 3521 1087 3582 qua
1107 3503 1224 3564 ratione
1242 3503 1296 3562 du-

133 3571 173 3629 cti
193 3571 251 3630 hoc
271 3570 433 3633 intulerint.
478 3575 606 3637 loannes
630 3588 696 3638 toto
722 3577 951 3658 praedicationis
976 3597 1045 3639 suae
1071 3599 1159 3639 cursu
1183 3577 1296 3638 nullum

131 3644 247 3728 signnm
268 3647 409 3710 ediderat.
449 3649 564 3713 Colore
584 3673 658 3734 ergo
674 3675 774 3714 carere
786 3653 915 3730 videtur,
936 3657 1017 3735 quod
1037 3655 1187 3716 hominem
1205 3655 1298 3714 mira-

132 3723 205 3782 culis
228 3724 375 3807 insignem
399 3726 532 3790 videntes
552 3729 696 3790 loannem
721 3751 784 3792 esse
804 3730 952 3792 divinant:
986 3729 1038 3794 sed
1058 3731 1197 3794 miracula
1218 3753 1299 3792 nunc

131 3801 256 3878 primunr
277 3801 325 3862 edi
344 3813 459 3882 pmtant,
499 3805 584 3865 uibus
598 3807 744 3886 probetur
756 3807 818 3867 eius
830 3809 1018 3884 resurreetio,
1037 3820 1068 3868 et
1109 3829 1164 3870 uae
1183 3819 1298 3869 testen-

130 3885 193 3952 tur,
223 3877 313 3938 luisse
337 3892 469 3941 sanetum
521 3883 548 3940 ei
571 3883 752 3962 Prophetam
771 3884 861 3975 impie
886 3885 1016 3944 occisum
1036 3884 1073 3945 ab
1125 3887 1237 3960 crode,
1268 3897 1298 3945 et

6 4009 11 4018 ,
123 3971 210 4013 ‘nunc
229 3955 348 4032 prodire
369 3957 450 4036 quasi
468 3971 702 4033 sacrosanctum,
736 3981 776 4020 ne
797 3983 861 4041 quas
880 3980 925 4020 am
950 3960 1004 4022 lius
1022 3960 1134 4025 violare
1155 3982 1223 4024 eum
1244 3982 1296 4024 au·

128 4023 205 4088 dest.
225 4030 376 4094 *Virtutes
401 4051 474 4114 ergo
499 4038 532 4093 ἕω
556 4057 590 4096 eo
613 4057 714 4113 ogere,
746 4038 804 4098 hoe
830 4048 915 4097 este
951 4057 1033 4098 caees
1058 4031 1122 4099 bsse
1142 4049 1298 4117 putarunt,

128 4113 163 4236 rqt¹
178 4104 272 4165 maior
285 4107 328 4166 illi
344 4107 413 4170 inde
426 4109 585 4174 arrctoritas
601 4115 765 4190 accederet,
786 4114 941 4196 palamque
958 4115 1052 4190 beret,
1072 4113 1239 4176 Dominum
1254 4114 1297 4174 illi

128 4199 143 4238 a
167 4199 238 4240 esse.
