<?xml version="1.0" encoding="UTF-8"?>
<!DOCTYPE html PUBLIC "-//W3C//DTD XHTML 1.0 Transitional//EN"
    "http://www.w3.org/TR/xhtml1/DTD/xhtml1-transitional.dtd">
<html xmlns="http://www.w3.org/1999/xhtml" xml:lang="en" lang="en">
 <head>
  <title>
</title>
<meta http-equiv="Content-Type" content="text/html;charset=utf-8" />
  <meta name='ocr-system' content='tesseract 3.04.00' />
  <meta name='ocr-capabilities' content='ocr_page ocr_carea ocr_par ocr_line ocrx_word'/>
</head>
<body>
  <div class='ocr_page' id='page_1' title='image "./innovumtestamen00calvgoog_0772.png"; bbox 0 0 2764 4854; ppageno 0'>
   <div class='ocr_carea' id='block_1_1' title="bbox 278 218 1237 334">
    <p class='ocr_par' dir='ltr' id='par_1_1' title="bbox 278 218 1237 334">
     <span class='ocr_line' id='line_1_1' title="bbox 278 218 1237 334; baseline 0.002 -20"><span class='ocrx_word' id='word_1_1' title='bbox 278 251 360 327; x_wconf 80' lang='grc' dir='ltr'>(ιιι.</span> <span class='ocrx_word' id='word_1_2' title='bbox 389 247 510 312; x_wconf 60' lang='grc' dir='ltr'>ειιιιιι</span> <span class='ocrx_word' id='word_1_3' title='bbox 538 250 704 330; x_wconf 77' lang='lat' dir='ltr'>sepulcrum</span> <span class='ocrx_word' id='word_1_4' title='bbox 732 250 929 334; x_wconf 67' lang='lat' dir='ltr'><strong>obsignatur.)</strong></span> <span class='ocrx_word' id='word_1_5' title='bbox 1128 259 1187 322; x_wconf 82' lang='lat' dir='ltr'>aas</span> <span class='ocrx_word' id='word_1_6' title='bbox 1233 218 1237 226; x_wconf 60' lang='grc'><strong>“</strong></span> 
     </span>
    </p>
   </div>
   <div class='ocr_carea' id='block_1_2' title="bbox 37 399 1318 2398">
    <p class='ocr_par' dir='ltr' id='par_1_2' title="bbox 37 399 1255 942">
     <span class='ocr_line' id='line_1_2' title="bbox 37 399 1183 486; baseline 0.009 -28"><span class='ocrx_word' id='word_1_7' title='bbox 37 399 114 459; x_wconf 83' lang='lat' dir='ltr'>nisan</span> <span class='ocrx_word' id='word_1_8' title='bbox 133 411 209 460; x_wconf 87' lang='lat' dir='ltr'>esset</span> <span class='ocrx_word' id='word_1_9' title='bbox 227 400 422 462; x_wconf 85' lang='lat' dir='ltr'>resurrectio?</span> <span class='ocrx_word' id='word_1_10' title='bbox 441 429 444 439; x_wconf 66' lang='grc'><strong>’</strong></span> <span class='ocrx_word' id='word_1_11' title='bbox 461 403 582 477; x_wconf 84' lang='lat' dir='ltr'>Verum,</span> <span class='ocrx_word' id='word_1_12' title='bbox 600 414 690 464; x_wconf 89' lang='lat' dir='ltr'>utcun</span> <span class='ocrx_word' id='word_1_13' title='bbox 713 425 750 464; x_wconf 88' lang='lat' dir='ltr'>ue</span> <span class='ocrx_word' id='word_1_14' title='bbox 761 403 856 464; x_wconf 87' lang='lat' dir='ltr'>maio&#39;r</span> <span class='ocrx_word' id='word_1_15' title='bbox 875 425 941 486; x_wconf 87' lang='lat' dir='ltr'>pars</span> <span class='ocrx_word' id='word_1_16' title='bbox 959 403 1043 486; x_wconf 80' lang='lat' dir='ltr'>scopi</span> <span class='ocrx_word' id='word_1_17' title='bbox 1061 403 1106 466; x_wconf 84' lang='lat' dir='ltr'>sui</span> <span class='ocrx_word' id='word_1_18' title='bbox 1125 406 1183 468; x_wconf 89' lang='lat' dir='ltr'>oh-</span> 
     </span>
     <span class='ocr_line' id='line_1_3' title="bbox 41 475 1255 561; baseline 0.008 -27"><span class='ocrx_word' id='word_1_19' title='bbox 41 475 79 534; x_wconf 88' lang='lat' dir='ltr'>ita</span> <span class='ocrx_word' id='word_1_20' title='bbox 99 475 156 536; x_wconf 91' lang='lat' dir='ltr'>huc</span> <span class='ocrx_word' id='word_1_21' title='bbox 175 486 206 544; x_wconf 89' lang='lat' dir='ltr'>et</span> <span class='ocrx_word' id='word_1_22' title='bbox 224 476 294 538; x_wconf 90' lang='lat' dir='ltr'>illuc</span> <span class='ocrx_word' id='word_1_23' title='bbox 314 478 444 554; x_wconf 85' lang='lat' dir='ltr'>diffluat,</span> <span class='ocrx_word' id='word_1_24' title='bbox 469 478 686 540; x_wconf 80' lang='lat' dir='ltr'>meminerimus</span> <span class='ocrx_word' id='word_1_25' title='bbox 726 501 782 541; x_wconf 85' lang='lat' dir='ltr'>auc</span> <span class='ocrx_word' id='word_1_26' title='bbox 801 501 863 540; x_wconf 88' lang='lat' dir='ltr'>esse</span> <span class='ocrx_word' id='word_1_27' title='bbox 882 479 1034 561; x_wconf 84' lang='lat' dir='ltr'>propriam</span> <span class='ocrx_word' id='word_1_28' title='bbox 1053 479 1182 544; x_wconf 89' lang='lat' dir='ltr'>fidelium</span> <span class='ocrx_word' id='word_1_29' title='bbox 1253 498 1255 510; x_wconf 91' lang='lat'>&#39;</span> 
     </span>
     <span class='ocr_line' id='line_1_4' title="bbox 37 553 1181 638; baseline 0.009 -28"><span class='ocrx_word' id='word_1_30' title='bbox 37 553 180 626; x_wconf 70' lang='lat' dir='ltr'>uirtutem,</span> <span class='ocrx_word' id='word_1_31' title='bbox 212 573 287 632; x_wconf 85' lang='lat' dir='ltr'>quae</span> <span class='ocrx_word' id='word_1_32' title='bbox 310 575 422 614; x_wconf 83' lang='lat' dir='ltr'>srxrsum</span> <span class='ocrx_word' id='word_1_33' title='bbox 447 567 515 614; x_wconf 90' lang='lat' dir='ltr'>sunt</span> <span class='ocrx_word' id='word_1_34' title='bbox 540 561 697 636; x_wconf 76' lang='lat' dir='ltr'>quaerere:</span> <span class='ocrx_word' id='word_1_35' title='bbox 726 577 761 618; x_wconf 90' lang='lat' dir='ltr'>ac</span> <span class='ocrx_word' id='word_1_36' title='bbox 785 558 954 638; x_wconf 88' lang='lat' dir='ltr'>praesertim</span> <span class='ocrx_word' id='word_1_37' title='bbox 980 577 1014 616; x_wconf 85' lang='lat' dir='ltr'>er</span> <span class='ocrx_word' id='word_1_38' title='bbox 1037 573 1109 636; x_wconf 65' lang='lat' dir='ltr'>quo*</span> <span class='ocrx_word' id='word_1_39' title='bbox 1121 558 1181 620; x_wconf 88' lang='lat' dir='ltr'>Dei</span> 
     </span>
     <span class='ocr_line' id='line_1_5' title="bbox 37 627 1219 714; baseline 0.008 -27"><span class='ocrx_word' id='word_1_40' title='bbox 37 632 121 710; x_wconf 65' lang='lat' dir='ltr'>gratia</span> <span class='ocrx_word' id='word_1_41' title='bbox 140 627 234 689; x_wconf 84' lang='lat' dir='ltr'>illuxit</span> <span class='ocrx_word' id='word_1_42' title='bbox 252 651 307 710; x_wconf 91' lang='lat' dir='ltr'>per</span> <span class='ocrx_word' id='word_1_43' title='bbox 326 632 519 714; x_wconf 81' lang='lat' dir='ltr'>Evangelium</span> <span class='ocrx_word' id='word_1_44' title='bbox 539 633 674 692; x_wconf 90' lang='lat' dir='ltr'>erudiens</span> <span class='ocrx_word' id='word_1_45' title='bbox 695 655 765 708; x_wconf 91' lang='lat' dir='ltr'>nos,</span> <span class='ocrx_word' id='word_1_46' title='bbox 790 644 837 708; x_wconf 93' lang='lat' dir='ltr'>ut,</span> <span class='ocrx_word' id='word_1_47' title='bbox 861 634 1006 714; x_wconf 81' lang='lat' dir='ltr'>abnegata</span> <span class='ocrx_word' id='word_1_48' title='bbox 1030 634 1181 714; x_wconf 80' lang='lat' dir='ltr'>impietate</span> <span class='ocrx_word' id='word_1_49' title='bbox 1205 681 1219 696; x_wconf 40' lang='lat' dir='ltr'>a</span> 
     </span>
     <span class='ocr_line' id='line_1_6' title="bbox 37 705 1182 796; baseline 0.008 -33"><span class='ocrx_word' id='word_1_50' title='bbox 37 717 59 764; x_wconf 69' lang='lat' dir='ltr'>st</span> <span class='ocrx_word' id='word_1_51' title='bbox 77 705 229 796; x_wconf 71' lang='lat' dir='ltr'>mundanis</span> <span class='ocrx_word' id='word_1_52' title='bbox 249 707 510 789; x_wconf 81' lang='lat' dir='ltr'>concupiscentiis,</span> <span class='ocrx_word' id='word_1_53' title='bbox 532 707 650 783; x_wconf 81' lang='lat' dir='ltr'>sobrie,</span> <span class='ocrx_word' id='word_1_54' title='bbox 674 709 749 770; x_wconf 87' lang='lat' dir='ltr'>iuste</span> <span class='ocrx_word' id='word_1_55' title='bbox 774 721 805 769; x_wconf 90' lang='lat' dir='ltr'>et</span> <span class='ocrx_word' id='word_1_56' title='bbox 829 711 878 789; x_wconf 87' lang='lat' dir='ltr'>pie</span> <span class='ocrx_word' id='word_1_57' title='bbox 897 709 1025 770; x_wconf 83' lang='lat' dir='ltr'>vivamus</span> <span class='ocrx_word' id='word_1_58' title='bbox 1044 710 1075 768; x_wconf 91' lang='lat' dir='ltr'>in</span> <span class='ocrx_word' id='word_1_59' title='bbox 1094 730 1182 790; x_wconf 89' lang='lat' dir='ltr'>prae-</span> 
     </span>
     <span class='ocr_line' id='line_1_7' title="bbox 37 784 1183 868; baseline 0.009 -29"><span class='ocrx_word' id='word_1_60' title='bbox 37 793 104 840; x_wconf 69' lang='lat' dir='ltr'>tenta</span> <span class='ocrx_word' id='word_1_61' title='bbox 123 784 251 858; x_wconf 86' lang='lat' dir='ltr'>saeculo,</span> <span class='ocrx_word' id='word_1_62' title='bbox 272 797 470 864; x_wconf 79' lang='lat' dir='ltr'>exspectantes</span> <span class='ocrx_word' id='word_1_63' title='bbox 487 787 601 846; x_wconf 80' lang='lat' dir='ltr'>beatam</span> <span class='ocrx_word' id='word_1_64' title='bbox 613 806 695 864; x_wconf 88' lang='lat' dir='ltr'>spem</span> <span class='ocrx_word' id='word_1_65' title='bbox 708 797 738 844; x_wconf 89' lang='lat' dir='ltr'>et</span> <span class='ocrx_word' id='word_1_66' title='bbox 756 785 980 848; x_wconf 83' lang='lat' dir='ltr'>illustrationem</span> <span class='ocrx_word' id='word_1_67' title='bbox 993 785 1107 868; x_wconf 76' lang='lat' dir='ltr'>gloriae</span> <span class='ocrx_word' id='word_1_68' title='bbox 1118 809 1183 850; x_wconf 85' lang='lat' dir='ltr'>ma-</span> 
     </span>
     <span class='ocr_line' id='line_1_8' title="bbox 37 857 783 942; baseline 0.009 -26"><span class='ocrx_word' id='word_1_69' title='bbox 37 857 79 937; x_wconf 66' lang='lat' dir='ltr'>gni</span> <span class='ocrx_word' id='word_1_70' title='bbox 97 858 166 918; x_wconf 88' lang='lat' dir='ltr'>Dei.</span> <span class='ocrx_word' id='word_1_71' title='bbox 203 863 260 941; x_wconf 88' lang='lat' dir='ltr'>Ep.</span> <span class='ocrx_word' id='word_1_72' title='bbox 281 861 317 920; x_wconf 90' lang='lat' dir='ltr'>ad</span> <span class='ocrx_word' id='word_1_73' title='bbox 336 861 448 935; x_wconf 87' lang='lat' dir='ltr'>Titum,</span> <span class='ocrx_word' id='word_1_74' title='bbox 468 882 531 942; x_wconf 88' lang='lat' dir='ltr'>cap.</span> <span class='ocrx_word' id='word_1_75' title='bbox 551 869 585 937; x_wconf 78' lang='grc'>2,</span> <span class='ocrx_word' id='word_1_76' title='bbox 604 867 651 926; x_wconf 86' lang='lat'>11.</span> <span class='ocrx_word' id='word_1_77' title='bbox 670 867 716 927; x_wconf 71' lang='lat'>12</span> <span class='ocrx_word' id='word_1_78' title='bbox 737 868 783 926; x_wconf 83' lang='lat'>13.</span> 
     </span>
    </p>

    <p class='ocr_par' dir='ltr' id='par_1_3' title="bbox 37 936 1240 1850">
     <span class='ocr_line' id='line_1_9' title="bbox 101 936 1180 1020; baseline 0.008 -25"><span class='ocrx_word' id='word_1_79' title='bbox 101 941 149 1000; x_wconf 83' lang='grc'>59.</span> <span class='ocrx_word' id='word_1_80' title='bbox 186 936 230 996; x_wconf 81' lang='lat' dir='ltr'>Et</span> <span class='ocrx_word' id='word_1_81' title='bbox 252 960 339 1018; x_wconf 68' lang='lat' dir='ltr'>pum</span> <span class='ocrx_word' id='word_1_82' title='bbox 362 942 514 1012; x_wconf 63' lang='lat' dir='ltr'>accepisset</span> <span class='ocrx_word' id='word_1_83' title='bbox 535 959 651 1014; x_wconf 74' lang='lat' dir='ltr'>empus.</span> <span class='ocrx_word' id='word_1_84' title='bbox 688 938 811 1000; x_wconf 85' lang='lat' dir='ltr'>Brevius</span> <span class='ocrx_word' id='word_1_85' title='bbox 835 939 1015 1020; x_wconf 89' lang='lat' dir='ltr'>sepulturam</span> <span class='ocrx_word' id='word_1_86' title='bbox 1059 943 1180 1006; x_wconf 81' lang='lat' dir='ltr'>erstrin-</span> 
     </span>
     <span class='ocr_line' id='line_1_10' title="bbox 37 961 1182 1098; baseline 0.008 -26"><span class='ocrx_word' id='word_1_87' title='bbox 37 1021 101 1092; x_wconf 78' lang='lat' dir='ltr'>pmt</span> <span class='ocrx_word' id='word_1_88' title='bbox 117 1022 178 1074; x_wconf 89' lang='lat' dir='ltr'>tres</span> <span class='ocrx_word' id='word_1_89' title='bbox 189 1015 409 1096; x_wconf 81' lang='lat' dir='ltr'>Euangelistae:</span> <span class='ocrx_word' id='word_1_90' title='bbox 428 1015 555 1095; x_wconf 87' lang='lat' dir='ltr'>ideoque</span> <span class='ocrx_word' id='word_1_91' title='bbox 574 1015 612 1074; x_wconf 93' lang='lat' dir='ltr'>de</span> <span class='ocrx_word' id='word_1_92' title='bbox 632 1015 795 1076; x_wconf 77' lang='lat' dir='ltr'>aromaticis</span> <span class='ocrx_word' id='word_1_93' title='bbox 814 1017 971 1098; x_wconf 86' lang='lat' dir='ltr'>unguentis</span> <span class='ocrx_word' id='word_1_94' title='bbox 990 961 1085 1078; x_wconf 85' lang='lat' dir='ltr'>nullus</span> <span class='ocrx_word' id='word_1_95' title='bbox 1104 1042 1120 1081; x_wconf 86' lang='lat' dir='ltr'>a</span> <span class='ocrx_word' id='word_1_96' title='bbox 1143 1022 1182 1081; x_wconf 89' lang='lat' dir='ltr'>ud</span> 
     </span>
     <span class='ocr_line' id='line_1_11' title="bbox 37 1043 1182 1170; baseline 0.01 -24"><span class='ocrx_word' id='word_1_97' title='bbox 37 1107 78 1148; x_wconf 69' lang='lat' dir='ltr'>sos</span> <span class='ocrx_word' id='word_1_98' title='bbox 97 1109 211 1165; x_wconf 90' lang='lat' dir='ltr'>sermo,</span> <span class='ocrx_word' id='word_1_99' title='bbox 229 1111 304 1170; x_wconf 87' lang='lat' dir='ltr'>quae</span> <span class='ocrx_word' id='word_1_100' title='bbox 323 1091 402 1154; x_wconf 90' lang='lat' dir='ltr'>solus</span> <span class='ocrx_word' id='word_1_101' title='bbox 422 1094 550 1153; x_wconf 89' lang='lat' dir='ltr'>Ioannes</span> <span class='ocrx_word' id='word_1_102' title='bbox 569 1089 715 1152; x_wconf 86' lang='lat' dir='ltr'>celebrat:</span> <span class='ocrx_word' id='word_1_103' title='bbox 738 1103 851 1154; x_wconf 87' lang='lat' dir='ltr'>tantum</span> <span class='ocrx_word' id='word_1_104' title='bbox 870 1094 1025 1154; x_wconf 88' lang='lat' dir='ltr'>sindonem</span> <span class='ocrx_word' id='word_1_105' title='bbox 1045 1043 1182 1157; x_wconf 82' lang='lat' dir='ltr'>mundam</span> 
     </span>
     <span class='ocr_line' id='line_1_12' title="bbox 37 1166 1240 1252; baseline 0.01 -29"><span class='ocrx_word' id='word_1_106' title='bbox 37 1166 183 1246; x_wconf 68' lang='lat' dir='ltr'>{Iosepho</span> <span class='ocrx_word' id='word_1_107' title='bbox 205 1178 331 1247; x_wconf 84' lang='lat' dir='ltr'>emptam</span> <span class='ocrx_word' id='word_1_108' title='bbox 351 1168 438 1228; x_wconf 82' lang='lat' dir='ltr'>luisse</span> <span class='ocrx_word' id='word_1_109' title='bbox 458 1178 587 1229; x_wconf 86' lang='lat' dir='ltr'>narrant.</span> <span class='ocrx_word' id='word_1_110' title='bbox 616 1168 705 1228; x_wconf 89' lang='lat' dir='ltr'>Unde</span> <span class='ocrx_word' id='word_1_111' title='bbox 725 1169 900 1252; x_wconf 80' lang='lat' dir='ltr'>colligimus,</span> <span class='ocrx_word' id='word_1_112' title='bbox 919 1169 1082 1230; x_wconf 88' lang='lat' dir='ltr'>honorilice</span> <span class='ocrx_word' id='word_1_113' title='bbox 1095 1173 1184 1234; x_wconf 88' lang='lat' dir='ltr'>luisse</span> <span class='ocrx_word' id='word_1_114' title='bbox 1238 1183 1240 1194; x_wconf 89' lang='grc'><em>“</em></span> 
     </span>
     <span class='ocr_line' id='line_1_13' title="bbox 40 1242 1182 1332; baseline 0.009 -32"><span class='ocrx_word' id='word_1_115' title='bbox 40 1242 181 1320; x_wconf 86' lang='lat' dir='ltr'>epultum.</span> <span class='ocrx_word' id='word_1_116' title='bbox 220 1244 375 1306; x_wconf 78' lang='lat' dir='ltr'>Nec-vero</span> <span class='ocrx_word' id='word_1_117' title='bbox 403 1245 522 1305; x_wconf 91' lang='lat' dir='ltr'>dubium</span> <span class='ocrx_word' id='word_1_118' title='bbox 547 1255 606 1323; x_wconf 86' lang='lat' dir='ltr'>est,</span> <span class='ocrx_word' id='word_1_119' title='bbox 636 1243 785 1314; x_wconf 86' lang='lat' dir='ltr'>hominem</span> <span class='ocrx_word' id='word_1_120' title='bbox 811 1245 944 1319; x_wconf 81' lang='lat' dir='ltr'>divitem,</span> <span class='ocrx_word' id='word_1_121' title='bbox 973 1267 1062 1326; x_wconf 90' lang='lat' dir='ltr'>quum</span> <span class='ocrx_word' id='word_1_122' title='bbox 1081 1249 1182 1332; x_wconf 89' lang='lat' dir='ltr'>sepul-</span> 
     </span>
     <span class='ocr_line' id='line_1_14' title="bbox 37 1319 1183 1406; baseline 0.011 -30"><span class='ocrx_word' id='word_1_123' title='bbox 37 1339 109 1380; x_wconf 87' lang='lat' dir='ltr'>:rum</span> <span class='ocrx_word' id='word_1_124' title='bbox 128 1339 212 1379; x_wconf 87' lang='lat' dir='ltr'>suurn</span> <span class='ocrx_word' id='word_1_125' title='bbox 230 1320 364 1381; x_wconf 91' lang='lat' dir='ltr'>Domino</span> <span class='ocrx_word' id='word_1_126' title='bbox 385 1323 519 1396; x_wconf 88' lang='lat' dir='ltr'>cederet,</span> <span class='ocrx_word' id='word_1_127' title='bbox 536 1322 567 1380; x_wconf 89' lang='lat' dir='ltr'>in</span> <span class='ocrx_word' id='word_1_128' title='bbox 587 1319 707 1400; x_wconf 84' lang='lat' dir='ltr'>reliquis</span> <span class='ocrx_word' id='word_1_129' title='bbox 727 1322 813 1382; x_wconf 86' lang='lat' dir='ltr'>etiam</span> <span class='ocrx_word' id='word_1_130' title='bbox 834 1323 973 1383; x_wconf 87' lang='lat' dir='ltr'>decorum</span> <span class='ocrx_word' id='word_1_131' title='bbox 992 1324 1183 1406; x_wconf 79' lang='lat' dir='ltr'>splendorem</span> 
     </span>
     <span class='ocr_line' id='line_1_15' title="bbox 37 1397 1183 1486; baseline 0.01 -34"><span class='ocrx_word' id='word_1_132' title='bbox 37 1405 56 1452; x_wconf 75' lang='lat' dir='ltr'>at</span> <span class='ocrx_word' id='word_1_133' title='bbox 75 1406 213 1456; x_wconf 89' lang='lat' dir='ltr'>ornatum</span> <span class='ocrx_word' id='word_1_134' title='bbox 231 1397 417 1476; x_wconf 86' lang='lat' dir='ltr'>praestitisse.</span> <span class='ocrx_word' id='word_1_135' title='bbox 455 1399 496 1458; x_wconf 86' lang='lat' dir='ltr'>Et</span> <span class='ocrx_word' id='word_1_136' title='bbox 514 1398 572 1458; x_wconf 89' lang='lat' dir='ltr'>hoc</span> <span class='ocrx_word' id='word_1_137' title='bbox 592 1397 679 1458; x_wconf 90' lang='lat' dir='ltr'>etiam</span> <span class='ocrx_word' id='word_1_138' title='bbox 694 1417 798 1458; x_wconf 87' lang='lat' dir='ltr'>arcana</span> <span class='ocrx_word' id='word_1_139' title='bbox 808 1398 867 1458; x_wconf 88' lang='lat' dir='ltr'>Dei</span> <span class='ocrx_word' id='word_1_140' title='bbox 885 1399 1071 1480; x_wconf 82' lang='lat' dir='ltr'>providentia</span> <span class='ocrx_word' id='word_1_141' title='bbox 1090 1403 1183 1486; x_wconf 81' lang='lat' dir='ltr'>magis</span> 
     </span>
     <span class='ocr_line' id='line_1_16' title="bbox 37 1473 1213 1560; baseline 0.009 -30"><span class='ocrx_word' id='word_1_142' title='bbox 37 1492 114 1549; x_wconf 76' lang='lat' dir='ltr'>poam</span> <span class='ocrx_word' id='word_1_143' title='bbox 133 1473 275 1534; x_wconf 87' lang='lat' dir='ltr'>meditato</span> <span class='ocrx_word' id='word_1_144' title='bbox 296 1475 446 1534; x_wconf 89' lang='lat' dir='ltr'>bominum</span> <span class='ocrx_word' id='word_1_145' title='bbox 467 1473 591 1535; x_wconf 89' lang='lat' dir='ltr'>consilio</span> <span class='ocrx_word' id='word_1_146' title='bbox 603 1473 719 1548; x_wconf 83' lang='lat' dir='ltr'>accidit,</span> <span class='ocrx_word' id='word_1_147' title='bbox 738 1486 771 1534; x_wconf 89' lang='lat' dir='ltr'>ut</span> <span class='ocrx_word' id='word_1_148' title='bbox 786 1495 895 1536; x_wconf 83' lang='lat' dir='ltr'>nouum</span> <span class='ocrx_word' id='word_1_149' title='bbox 915 1488 945 1536; x_wconf 86' lang='lat' dir='ltr'>et</span> <span class='ocrx_word' id='word_1_150' title='bbox 963 1477 1058 1539; x_wconf 84' lang='lat' dir='ltr'>adhue</span> <span class='ocrx_word' id='word_1_151' title='bbox 1076 1500 1183 1560; x_wconf 89' lang='lat' dir='ltr'>purum</span> <span class='ocrx_word' id='word_1_152' title='bbox 1197 1503 1213 1520; x_wconf 84' lang='lat'>··</span> 
     </span>
     <span class='ocr_line' id='line_1_17' title="bbox 37 1547 1184 1638; baseline 0.01 -32"><span class='ocrx_word' id='word_1_153' title='bbox 37 1547 192 1638; x_wconf 53' lang='lat' dir='ltr'>sepulcrum</span> <span class='ocrx_word' id='word_1_154' title='bbox 211 1559 314 1611; x_wconf 75' lang='lat' dir='ltr'>nactus</span> <span class='ocrx_word' id='word_1_155' title='bbox 333 1550 372 1610; x_wconf 89' lang='lat' dir='ltr'>sit</span> <span class='ocrx_word' id='word_1_156' title='bbox 388 1551 551 1624; x_wconf 87' lang='lat' dir='ltr'>Dominus,</span> <span class='ocrx_word' id='word_1_157' title='bbox 570 1550 620 1630; x_wconf 89' lang='lat' dir='ltr'>qui</span> <span class='ocrx_word' id='word_1_158' title='bbox 640 1551 855 1634; x_wconf 85' lang='lat' dir='ltr'>primogenitus</span> <span class='ocrx_word' id='word_1_159' title='bbox 876 1562 921 1613; x_wconf 87' lang='lat' dir='ltr'>est</span> <span class='ocrx_word' id='word_1_160' title='bbox 939 1573 972 1612; x_wconf 93' lang='lat' dir='ltr'>ex</span> <span class='ocrx_word' id='word_1_161' title='bbox 988 1557 1133 1630; x_wconf 85' lang='lat' dir='ltr'>mortuis,</span> <span class='ocrx_word' id='word_1_162' title='bbox 1153 1568 1184 1617; x_wconf 91' lang='lat' dir='ltr'>et</span> 
     </span>
     <span class='ocr_line' id='line_1_18' title="bbox 37 1624 1183 1710; baseline 0.012 -29"><span class='ocrx_word' id='word_1_163' title='bbox 37 1624 172 1686; x_wconf 82' lang='lat' dir='ltr'>›rumitiae</span> <span class='ocrx_word' id='word_1_164' title='bbox 198 1627 423 1708; x_wconf 79' lang='lat' dir='ltr'>resurgentium.</span> <span class='ocrx_word' id='word_1_165' title='bbox 460 1628 543 1687; x_wconf 88' lang='lat' dir='ltr'>Deus</span> <span class='ocrx_word' id='word_1_166' title='bbox 568 1627 667 1706; x_wconf 87' lang='lat' dir='ltr'>itaque</span> <span class='ocrx_word' id='word_1_167' title='bbox 691 1627 749 1688; x_wconf 93' lang='lat' dir='ltr'>hoc</span> <span class='ocrx_word' id='word_1_168' title='bbox 772 1627 908 1710; x_wconf 77' lang='lat' dir='ltr'>symbolo</span> <span class='ocrx_word' id='word_1_169' title='bbox 933 1629 1039 1704; x_wconf 81' lang='lat' dir='ltr'>Filium</span> <span class='ocrx_word' id='word_1_170' title='bbox 1063 1653 1183 1694; x_wconf 89' lang='lat' dir='ltr'>sunma</span> 
     </span>
     <span class='ocr_line' id='line_1_19' title="bbox 37 1702 1183 1836; baseline 0.01 -78"><span class='ocrx_word' id='word_1_171' title='bbox 37 1711 108 1836; x_wconf 38' lang='lat' dir='ltr'>,otpss</span> <span class='ocrx_word' id='word_1_172' title='bbox 112 1703 232 1795; x_wconf 73' lang='lat' dir='ltr'>generis</span> <span class='ocrx_word' id='word_1_173' title='bbox 251 1703 370 1764; x_wconf 87' lang='lat' dir='ltr'>humani</span> <span class='ocrx_word' id='word_1_174' title='bbox 389 1723 481 1787; x_wconf 79' lang='lat' dir='ltr'>grege</span> <span class='ocrx_word' id='word_1_175' title='bbox 494 1702 633 1778; x_wconf 85' lang='lat' dir='ltr'>distinxit,</span> <span class='ocrx_word' id='word_1_176' title='bbox 652 1714 683 1768; x_wconf 88' lang='lat' dir='ltr'>et</span> <span class='ocrx_word' id='word_1_177' title='bbox 700 1703 778 1765; x_wconf 82' lang='lat' dir='ltr'>vitae</span> <span class='ocrx_word' id='word_1_178' title='bbox 796 1704 958 1767; x_wconf 85' lang='lat' dir='ltr'>novitatem</span> <span class='ocrx_word' id='word_1_179' title='bbox 977 1709 1133 1789; x_wconf 75' lang='lat' dir='ltr'>proposuit</span> <span class='ocrx_word' id='word_1_180' title='bbox 1151 1711 1183 1770; x_wconf 90' lang='lat' dir='ltr'>in</span> 
     </span>
     <span class='ocr_line' id='line_1_20' title="bbox 37 1796 1221 1850; baseline 0.01 -14"><span class='ocrx_word' id='word_1_181' title='bbox 37 1796 57 1836; x_wconf 65' lang='lat' dir='ltr'>te</span> <span class='ocrx_word' id='word_1_182' title='bbox 110 1799 258 1840; x_wconf 80' lang='lat' dir='ltr'>crosso.</span> <span class='ocrx_word' id='word_1_183' title='bbox 399 1825 402 1830; x_wconf 83' lang='lat'>-</span> <span class='ocrx_word' id='word_1_184' title='bbox 573 1823 576 1835; x_wconf 83' lang='lat'>·</span> <span class='ocrx_word' id='word_1_185' title='bbox 1094 1823 1106 1850; x_wconf 54' lang='grc' dir='ltr'>ι,</span> <span class='ocrx_word' id='word_1_186' title='bbox 1217 1805 1221 1822; x_wconf 67' lang='lat'><em>¹</em></span> 
     </span>
    </p>

    <p class='ocr_par' dir='ltr' id='par_1_4' title="bbox 37 1797 1318 2398">
     <span class='ocr_line' id='line_1_21' title="bbox 58 1797 1318 1933; baseline 0.005 -14"><span class='ocrx_word' id='word_1_187' title='bbox 58 1797 76 1857; x_wconf 72' lang='lat' dir='ltr'>p</span> <span class='ocrx_word' id='word_1_188' title='bbox 102 1862 150 1920; x_wconf 86' lang='lat'>61.</span> <span class='ocrx_word' id='word_1_189' title='bbox 187 1801 267 1918; x_wconf 51' lang='lat' dir='ltr'>Em</span> <span class='ocrx_word' id='word_1_190' title='bbox 288 1870 383 1918; x_wconf 70' lang='lat' dir='ltr'>maon</span> <span class='ocrx_word' id='word_1_191' title='bbox 405 1855 446 1918; x_wconf 82' lang='lat' dir='ltr'>ibi</span> <span class='ocrx_word' id='word_1_192' title='bbox 462 1856 571 1917; x_wconf 81' lang='lat' dir='ltr'>Morio</span> <span class='ocrx_word' id='word_1_193' title='bbox 589 1855 780 1933; x_wconf 67' lang='lat' dir='ltr'>magdalon.</span> <span class='ocrx_word' id='word_1_194' title='bbox 824 1857 938 1920; x_wconf 87' lang='lat' dir='ltr'>Marcus</span> <span class='ocrx_word' id='word_1_195' title='bbox 965 1871 996 1922; x_wconf 90' lang='lat' dir='ltr'>et</span> <span class='ocrx_word' id='word_1_196' title='bbox 1019 1861 1183 1924; x_wconf 77' lang='lat' dir='ltr'>Matthaeus</span> <span class='ocrx_word' id='word_1_197' title='bbox 1275 1891 1279 1901; x_wconf 80' lang='lat'><strong>·</strong></span> <span class='ocrx_word' id='word_1_198' title='bbox 1311 1859 1318 1880; x_wconf 78' lang='lat'><strong>¹</strong></span> 
     </span>
     <span class='ocr_line' id='line_1_22' title="bbox 37 1933 1184 2016; baseline 0.01 -28"><span class='ocrx_word' id='word_1_199' title='bbox 37 1942 139 1991; x_wconf 78' lang='lat' dir='ltr'>antrum</span> <span class='ocrx_word' id='word_1_200' title='bbox 159 1945 290 2009; x_wconf 85' lang='lat' dir='ltr'>narrant,</span> <span class='ocrx_word' id='word_1_201' title='bbox 308 1933 445 1996; x_wconf 87' lang='lat' dir='ltr'>mulieres</span> <span class='ocrx_word' id='word_1_202' title='bbox 463 1945 609 2015; x_wconf 84' lang='lat' dir='ltr'>spectasse</span> <span class='ocrx_word' id='word_1_203' title='bbox 628 1933 698 2016; x_wconf 83' lang='lat' dir='ltr'>quid</span> <span class='ocrx_word' id='word_1_204' title='bbox 718 1933 812 2010; x_wconf 82' lang='lat' dir='ltr'>lieret,</span> <span class='ocrx_word' id='word_1_205' title='bbox 832 1955 865 1994; x_wconf 87' lang='lat' dir='ltr'>ac</span> <span class='ocrx_word' id='word_1_206' title='bbox 883 1949 1001 1998; x_wconf 88' lang='lat' dir='ltr'>notasse</span> <span class='ocrx_word' id='word_1_207' title='bbox 1020 1936 1119 1998; x_wconf 87' lang='lat' dir='ltr'>locum</span> <span class='ocrx_word' id='word_1_208' title='bbox 1131 1940 1184 2002; x_wconf 91' lang='lat' dir='ltr'>ubi</span> 
     </span>
     <span class='ocr_line' id='line_1_23' title="bbox 37 2008 1184 2096; baseline 0.01 -30"><span class='ocrx_word' id='word_1_209' title='bbox 37 2008 155 2084; x_wconf 75' lang='lat' dir='ltr'>positum</span> <span class='ocrx_word' id='word_1_210' title='bbox 180 2009 378 2091; x_wconf 81' lang='lat' dir='ltr'>luitcorpus.</span> <span class='ocrx_word' id='word_1_211' title='bbox 421 2010 515 2072; x_wconf 87' lang='lat' dir='ltr'>Lucas</span> <span class='ocrx_word' id='word_1_212' title='bbox 540 2030 613 2070; x_wconf 84' lang='lat' dir='ltr'>vero</span> <span class='ocrx_word' id='word_1_213' title='bbox 638 2009 791 2071; x_wconf 89' lang='lat' dir='ltr'>consilium</span> <span class='ocrx_word' id='word_1_214' title='bbox 816 2011 905 2072; x_wconf 89' lang='lat' dir='ltr'>etiam</span> <span class='ocrx_word' id='word_1_215' title='bbox 928 2013 1014 2074; x_wconf 90' lang='lat' dir='ltr'>simul</span> <span class='ocrx_word' id='word_1_216' title='bbox 1038 2016 1184 2096; x_wconf 80' lang='lat' dir='ltr'>exprimit,</span> 
     </span>
     <span class='ocr_line' id='line_1_24' title="bbox 37 2085 1222 2180; baseline 0.012 -38"><span class='ocrx_word' id='word_1_217' title='bbox 37 2085 108 2162; x_wconf 70' lang='lat' dir='ltr'>{uod</span> <span class='ocrx_word' id='word_1_218' title='bbox 128 2086 241 2147; x_wconf 87' lang='lat' dir='ltr'>scilicet</span> <span class='ocrx_word' id='word_1_219' title='bbox 257 2107 393 2148; x_wconf 81' lang='lat' dir='ltr'>reversae</span> <span class='ocrx_word' id='word_1_220' title='bbox 412 2087 443 2146; x_wconf 93' lang='lat' dir='ltr'>in</span> <span class='ocrx_word' id='word_1_221' title='bbox 464 2086 567 2147; x_wconf 90' lang='lat' dir='ltr'>urbem</span> <span class='ocrx_word' id='word_1_222' title='bbox 608 2086 756 2148; x_wconf 87' lang='lat' dir='ltr'>araverint</span> <span class='ocrx_word' id='word_1_223' title='bbox 774 2100 903 2150; x_wconf 87' lang='lat' dir='ltr'>aromata</span> <span class='ocrx_word' id='word_1_224' title='bbox 923 2101 954 2150; x_wconf 89' lang='lat' dir='ltr'>et</span> <span class='ocrx_word' id='word_1_225' title='bbox 971 2103 1133 2180; x_wconf 64' lang='lat' dir='ltr'>uagarenta,</span> <span class='ocrx_word' id='word_1_226' title='bbox 1151 2106 1185 2154; x_wconf 90' lang='lat' dir='ltr'>ut</span> <span class='ocrx_word' id='word_1_227' title='bbox 1220 2144 1222 2156; x_wconf 78' lang='grc'>,</span> 
     </span>
     <span class='ocr_line' id='line_1_25' title="bbox 37 2160 1184 2246; baseline 0.002 -29"><span class='ocrx_word' id='word_1_228' title='bbox 37 2160 120 2223; x_wconf 80' lang='lat' dir='ltr'>uiduo</span> <span class='ocrx_word' id='word_1_229' title='bbox 161 2173 208 2224; x_wconf 88' lang='lat' dir='ltr'>ost</span> <span class='ocrx_word' id='word_1_230' title='bbox 227 2163 313 2224; x_wconf 87' lang='lat' dir='ltr'>sunus</span> <span class='ocrx_word' id='word_1_231' title='bbox 332 2184 386 2225; x_wconf 90' lang='lat' dir='ltr'>suo</span> <span class='ocrx_word' id='word_1_232' title='bbox 407 2163 512 2224; x_wconf 90' lang='lat' dir='ltr'>ordine</span> <span class='ocrx_word' id='word_1_233' title='bbox 533 2161 595 2222; x_wconf 90' lang='lat' dir='ltr'>cele</span> <span class='ocrx_word' id='word_1_234' title='bbox 618 2173 728 2222; x_wconf 86' lang='lat' dir='ltr'>rarent.</span> <span class='ocrx_word' id='word_1_235' title='bbox 765 2163 854 2222; x_wconf 88' lang='lat' dir='ltr'>Unde</span> <span class='ocrx_word' id='word_1_236' title='bbox 874 2185 1095 2246; x_wconf 78' lang='lat' dir='ltr'>cognoscimus,</span> <span class='ocrx_word' id='word_1_237' title='bbox 1119 2189 1184 2230; x_wconf 91' lang='lat' dir='ltr'>me.</span> 
     </span>
     <span class='ocr_line' id='line_1_26' title="bbox 37 2185 1199 2319; baseline 0.009 -25"><span class='ocrx_word' id='word_1_238' title='bbox 37 2237 98 2298; x_wconf 86' lang='lat' dir='ltr'>iuri</span> <span class='ocrx_word' id='word_1_239' title='bbox 119 2185 214 2300; x_wconf 80' lang='lat' dir='ltr'>odore</span> <span class='ocrx_word' id='word_1_240' title='bbox 233 2234 364 2319; x_wconf 88' lang='lat' dir='ltr'>perlusas</span> <span class='ocrx_word' id='word_1_241' title='bbox 384 2239 472 2299; x_wconf 85' lang='lat' dir='ltr'>luisse</span> <span class='ocrx_word' id='word_1_242' title='bbox 492 2258 591 2297; x_wconf 88' lang='lat' dir='ltr'>earum</span> <span class='ocrx_word' id='word_1_243' title='bbox 611 2249 739 2310; x_wconf 89' lang='lat' dir='ltr'>mentes,</span> <span class='ocrx_word' id='word_1_244' title='bbox 764 2257 851 2314; x_wconf 89' lang='lat' dir='ltr'>quem</span> <span class='ocrx_word' id='word_1_245' title='bbox 871 2240 1016 2302; x_wconf 83' lang='lat' dir='ltr'>Dominus</span> <span class='ocrx_word' id='word_1_246' title='bbox 1035 2242 1067 2300; x_wconf 92' lang='lat' dir='ltr'>in</span> <span class='ocrx_word' id='word_1_247' title='bbox 1087 2255 1199 2305; x_wconf 61' lang='lat' dir='ltr'>morte</span> 
     </span>
     <span class='ocr_line' id='line_1_27' title="bbox 37 2312 1146 2398; baseline 0.004 -22"><span class='ocrx_word' id='word_1_248' title='bbox 37 2335 79 2398; x_wconf 80' lang='lat' dir='ltr'>ma</span> <span class='ocrx_word' id='word_1_249' title='bbox 98 2313 235 2394; x_wconf 84' lang='lat' dir='ltr'>spiravit,</span> <span class='ocrx_word' id='word_1_250' title='bbox 255 2325 289 2374; x_wconf 90' lang='lat' dir='ltr'>ut</span> <span class='ocrx_word' id='word_1_251' title='bbox 302 2335 356 2377; x_wconf 84' lang='lat' dir='ltr'>eas</span> <span class='ocrx_word' id='word_1_252' title='bbox 376 2315 413 2374; x_wconf 88' lang='lat' dir='ltr'>ad</span> <span class='ocrx_word' id='word_1_253' title='bbox 427 2314 598 2395; x_wconf 89' lang='lat' dir='ltr'>sepulcrum</span> <span class='ocrx_word' id='word_1_254' title='bbox 616 2333 701 2373; x_wconf 89' lang='lat' dir='ltr'>suum</span> <span class='ocrx_word' id='word_1_255' title='bbox 720 2312 857 2374; x_wconf 81' lang='lat' dir='ltr'>adductas</span> <span class='ocrx_word' id='word_1_256' title='bbox 877 2315 963 2378; x_wconf 89' lang='lat' dir='ltr'>altius</span> <span class='ocrx_word' id='word_1_257' title='bbox 982 2316 1146 2382; x_wconf 90' lang='lat' dir='ltr'>extolleret.</span> 
     </span>
    </p>
   </div>
   <div class='ocr_carea' id='block_1_3' title="bbox 37 2553 1185 2773">
    <p class='ocr_par' dir='ltr' id='par_1_5' title="bbox 37 2553 1185 2773">
     <span class='ocr_line' id='line_1_28' title="bbox 109 2553 1184 2673; baseline 0.005 -27"><span class='ocrx_word' id='word_1_258' title='bbox 109 2553 580 2664; x_wconf 72' lang='lat' dir='ltr'>(ata)&#39;ttn‘rtrt1.xxv11.</span> <span class='ocrx_word' id='word_1_259' title='bbox 630 2579 681 2646; x_wconf 76' lang='lat'>62</span> <span class='ocrx_word' id='word_1_260' title='bbox 709 2579 840 2646; x_wconf 86' lang='lat' dir='ltr'>Postera</span> <span class='ocrx_word' id='word_1_261' title='bbox 867 2593 972 2648; x_wconf 87' lang='lat' dir='ltr'>autem</span> <span class='ocrx_word' id='word_1_262' title='bbox 1000 2583 1069 2662; x_wconf 85' lang='lat' dir='ltr'>die,</span> <span class='ocrx_word' id='word_1_263' title='bbox 1099 2607 1184 2673; x_wconf 89' lang='lat' dir='ltr'>quae</span> 
     </span>
     <span class='ocr_line' id='line_1_29' title="bbox 37 2681 1185 2773; baseline 0.005 -25"><span class='ocrx_word' id='word_1_264' title='bbox 37 2685 174 2773; x_wconf 70' lang='lat' dir='ltr'>sequitur</span> <span class='ocrx_word' id='word_1_265' title='bbox 203 2681 419 2761; x_wconf 83' lang='lat' dir='ltr'>Parasceven,</span> <span class='ocrx_word' id='word_1_266' title='bbox 457 2694 680 2749; x_wconf 84' lang='lat' dir='ltr'>convenerunt</span> <span class='ocrx_word' id='word_1_267' title='bbox 719 2686 883 2771; x_wconf 84' lang='lat' dir='ltr'>principes</span> <span class='ocrx_word' id='word_1_268' title='bbox 914 2685 1118 2754; x_wconf 86' lang='lat' dir='ltr'>sacerdotum</span> <span class='ocrx_word' id='word_1_269' title='bbox 1151 2699 1185 2754; x_wconf 88' lang='lat' dir='ltr'>et</span> 
     </span>
    </p>
   </div>
   <div class='ocr_carea' id='block_1_4' title="bbox 37 2783 1185 3086">
    <p class='ocr_par' dir='ltr' id='par_1_6' title="bbox 37 2783 1185 3086">
     <span class='ocr_line' id='line_1_30' title="bbox 37 2783 1185 2874; baseline 0.003 -21"><span class='ocrx_word' id='word_1_270' title='bbox 37 2789 195 2854; x_wconf 68' lang='lat' dir='ltr'>tharisaei</span> <span class='ocrx_word' id='word_1_271' title='bbox 216 2783 258 2850; x_wconf 88' lang='lat' dir='ltr'>ad</span> <span class='ocrx_word' id='word_1_272' title='bbox 284 2783 434 2874; x_wconf 79' lang='lat' dir='ltr'>Pilatum,</span> <span class='ocrx_word' id='word_1_273' title='bbox 473 2789 524 2852; x_wconf 84' lang='grc'>63.</span> <span class='ocrx_word' id='word_1_274' title='bbox 551 2787 722 2866; x_wconf 76' lang='lat' dir='ltr'>Dicentes,</span> <span class='ocrx_word' id='word_1_275' title='bbox 753 2785 910 2871; x_wconf 85' lang='lat' dir='ltr'>Domine,</span> <span class='ocrx_word' id='word_1_276' title='bbox 942 2789 1105 2857; x_wconf 88' lang='lat' dir='ltr'>recordati</span> <span class='ocrx_word' id='word_1_277' title='bbox 1131 2813 1185 2857; x_wconf 86' lang='lat' dir='ltr'>su·</span> 
     </span>
     <span class='ocr_line' id='line_1_31' title="bbox 37 2882 1184 2981; baseline 0.004 -25"><span class='ocrx_word' id='word_1_278' title='bbox 37 2915 111 2970; x_wconf 91' lang='lat' dir='ltr'>nus,</span> <span class='ocrx_word' id='word_1_279' title='bbox 153 2889 243 2978; x_wconf 87' lang='lat' dir='ltr'>quod</span> <span class='ocrx_word' id='word_1_280' title='bbox 264 2891 421 2976; x_wconf 83' lang='lat' dir='ltr'>impostor</span> <span class='ocrx_word' id='word_1_281' title='bbox 447 2888 502 2955; x_wconf 88' lang='lat' dir='ltr'>ille</span> <span class='ocrx_word' id='word_1_282' title='bbox 531 2888 609 2955; x_wconf 81' lang='lat' dir='ltr'>dixit</span> <span class='ocrx_word' id='word_1_283' title='bbox 634 2889 740 2954; x_wconf 84' lang='lat' dir='ltr'>adhuc</span> <span class='ocrx_word' id='word_1_284' title='bbox 760 2882 887 2972; x_wconf 83' lang='lat' dir='ltr'>vivens,</span> <span class='ocrx_word' id='word_1_285' title='bbox 929 2893 1007 2961; x_wconf 89' lang='lat' dir='ltr'>Post</span> <span class='ocrx_word' id='word_1_286' title='bbox 1028 2906 1093 2961; x_wconf 89' lang='lat' dir='ltr'>tres</span> <span class='ocrx_word' id='word_1_287' title='bbox 1114 2894 1184 2981; x_wconf 80' lang='lat' dir='ltr'>dies</span> 
     </span>
     <span class='ocr_line' id='line_1_32' title="bbox 37 2992 1185 3086; baseline 0.003 -28"><span class='ocrx_word' id='word_1_288' title='bbox 37 3017 201 3082; x_wconf 73' lang='lat' dir='ltr'>resurgam.</span> <span class='ocrx_word' id='word_1_289' title='bbox 263 2995 314 3059; x_wconf 82' lang='grc'>64.</span> <span class='ocrx_word' id='word_1_290' title='bbox 355 2992 437 3060; x_wconf 90' lang='lat' dir='ltr'>lube</span> <span class='ocrx_word' id='word_1_291' title='bbox 466 3015 544 3080; x_wconf 78' lang='lat' dir='ltr'>ergo</span> <span class='ocrx_word' id='word_1_292' title='bbox 571 2995 688 3062; x_wconf 87' lang='lat' dir='ltr'>muniri</span> <span class='ocrx_word' id='word_1_293' title='bbox 714 2995 897 3082; x_wconf 87' lang='lat' dir='ltr'>sepulcrum</span> <span class='ocrx_word' id='word_1_294' title='bbox 922 3019 1025 3086; x_wconf 89' lang='lat' dir='ltr'>usque</span> <span class='ocrx_word' id='word_1_295' title='bbox 1053 2997 1096 3062; x_wconf 88' lang='lat' dir='ltr'>ad</span> <span class='ocrx_word' id='word_1_296' title='bbox 1121 3008 1185 3063; x_wconf 88' lang='lat' dir='ltr'>ter·</span> 
     </span>
    </p>
   </div>
   <div class='ocr_carea' id='block_1_5' title="bbox 37 3095 1237 3486">
    <p class='ocr_par' dir='ltr' id='par_1_7' title="bbox 37 3095 1237 3486">
     <span class='ocr_line' id='line_1_33' title="bbox 37 3095 1191 3192; baseline 0.005 -30"><span class='ocrx_word' id='word_1_297' title='bbox 37 3101 106 3163; x_wconf 85' lang='lat' dir='ltr'>:ium</span> <span class='ocrx_word' id='word_1_298' title='bbox 128 3097 230 3174; x_wconf 88' lang='lat' dir='ltr'>diem,</span> <span class='ocrx_word' id='word_1_299' title='bbox 260 3119 303 3162; x_wconf 89' lang='lat' dir='ltr'>ne</span> <span class='ocrx_word' id='word_1_300' title='bbox 332 3097 415 3165; x_wconf 86' lang='lat' dir='ltr'>lorte</span> <span class='ocrx_word' id='word_1_301' title='bbox 443 3099 575 3162; x_wconf 86' lang='lat' dir='ltr'>veniant</span> <span class='ocrx_word' id='word_1_302' title='bbox 602 3095 752 3185; x_wconf 85' lang='lat' dir='ltr'>discipuli</span> <span class='ocrx_word' id='word_1_303' title='bbox 781 3103 858 3192; x_wconf 43' lang='lat' dir='ltr'>eius·</span> <span class='ocrx_word' id='word_1_304' title='bbox 875 3113 988 3182; x_wconf 90' lang='lat' dir='ltr'>nocte,</span> <span class='ocrx_word' id='word_1_305' title='bbox 1021 3115 1056 3167; x_wconf 89' lang='lat' dir='ltr'>nt</span> <span class='ocrx_word' id='word_1_306' title='bbox 1077 3101 1191 3192; x_wconf 21' lang='lat' dir='ltr'>luten-⁴</span> 
     </span>
     <span class='ocr_line' id='line_1_34' title="bbox 37 3199 1187 3287; baseline 0.004 -21"><span class='ocrx_word' id='word_1_307' title='bbox 37 3223 188 3280; x_wconf 74' lang='lat' dir='ltr'>turcum,</span> <span class='ocrx_word' id='word_1_308' title='bbox 219 3199 393 3287; x_wconf 86' lang='lat' dir='ltr'>dicantque</span> <span class='ocrx_word' id='word_1_309' title='bbox 421 3199 527 3286; x_wconf 83' lang='lat' dir='ltr'>plebi,</span> <span class='ocrx_word' id='word_1_310' title='bbox 554 3199 695 3267; x_wconf 84' lang='lat' dir='ltr'>Surrexit</span> <span class='ocrx_word' id='word_1_311' title='bbox 717 3207 906 3271; x_wconf 85' lang='lat' dir='ltr'>amortuis:</span> <span class='ocrx_word' id='word_1_312' title='bbox 934 3214 966 3270; x_wconf 89' lang='lat' dir='ltr'>et</span> <span class='ocrx_word' id='word_1_313' title='bbox 992 3207 1053 3271; x_wconf 90' lang='lat' dir='ltr'>erit</span> <span class='ocrx_word' id='word_1_314' title='bbox 1078 3208 1187 3278; x_wconf 86' lang='lat' dir='ltr'>novis-</span> 
     </span>
     <span class='ocr_line' id='line_1_35' title="bbox 37 3306 1237 3392; baseline 0.008 -26"><span class='ocrx_word' id='word_1_315' title='bbox 37 3307 124 3369; x_wconf 70' lang='lat' dir='ltr'>simus</span> <span class='ocrx_word' id='word_1_316' title='bbox 164 3323 257 3367; x_wconf 84' lang='lat' dir='ltr'>error</span> <span class='ocrx_word' id='word_1_317' title='bbox 298 3306 392 3388; x_wconf 87' lang='lat' dir='ltr'>peior</span> <span class='ocrx_word' id='word_1_318' title='bbox 423 3313 542 3392; x_wconf 85' lang='lat' dir='ltr'>priore.</span> <span class='ocrx_word' id='word_1_319' title='bbox 604 3311 655 3374; x_wconf 83' lang='grc'>65.</span> <span class='ocrx_word' id='word_1_320' title='bbox 686 3309 741 3372; x_wconf 82' lang='lat' dir='ltr'>Ait</span> <span class='ocrx_word' id='word_1_321' title='bbox 772 3306 837 3373; x_wconf 88' lang='lat' dir='ltr'>illis</span> <span class='ocrx_word' id='word_1_322' title='bbox 870 3307 1008 3389; x_wconf 85' lang='lat' dir='ltr'>Pilatus,</span> <span class='ocrx_word' id='word_1_323' title='bbox 1049 3307 1186 3375; x_wconf 83' lang='lat' dir='ltr'>Habetis</span> <span class='ocrx_word' id='word_1_324' title='bbox 1233 3337 1237 3344; x_wconf 61' lang='lat'><strong><em>¹</em></strong></span> 
     </span>
     <span class='ocr_line' id='line_1_36' title="bbox 37 3405 1187 3486; baseline 0.007 -16"><span class='ocrx_word' id='word_1_325' title='bbox 37 3405 221 3473; x_wconf 79' lang='lat' dir='ltr'>:ustodiama</span> <span class='ocrx_word' id='word_1_326' title='bbox 261 3409 320 3486; x_wconf 91' lang='lat' dir='ltr'>ite,</span> <span class='ocrx_word' id='word_1_327' title='bbox 351 3415 473 3477; x_wconf 92' lang='lat' dir='ltr'>munite</span> <span class='ocrx_word' id='word_1_328' title='bbox 497 3413 579 3476; x_wconf 89' lang='lat' dir='ltr'>sicut</span> <span class='ocrx_word' id='word_1_329' title='bbox 604 3412 698 3475; x_wconf 87' lang='lat' dir='ltr'>scitis.</span> <span class='ocrx_word' id='word_1_330' title='bbox 761 3411 811 3475; x_wconf 92' lang='grc'>66.</span> <span class='ocrx_word' id='word_1_331' title='bbox 843 3409 894 3476; x_wconf 91' lang='lat' dir='ltr'>llli</span> <span class='ocrx_word' id='word_1_332' title='bbox 926 3423 1032 3479; x_wconf 88' lang='lat' dir='ltr'>autem</span> <span class='ocrx_word' id='word_1_333' title='bbox 1065 3411 1187 3478; x_wconf 88' lang='lat' dir='ltr'>abeun-</span> 
     </span>
    </p>
   </div>
   <div class='ocr_carea' id='block_1_6' title="bbox 37 3508 1186 3681">
    <p class='ocr_par' dir='ltr' id='par_1_8' title="bbox 37 3508 1186 3681">
     <span class='ocr_line' id='line_1_37' title="bbox 37 3508 1186 3601; baseline 0.006 -26"><span class='ocrx_word' id='word_1_334' title='bbox 37 3523 76 3576; x_wconf 65' lang='lat' dir='ltr'>{cs</span> <span class='ocrx_word' id='word_1_335' title='bbox 97 3512 283 3576; x_wconf 88' lang='lat' dir='ltr'>munierunt</span> <span class='ocrx_word' id='word_1_336' title='bbox 302 3508 502 3598; x_wconf 88' lang='lat' dir='ltr'>sepulcm&#39;m,</span> <span class='ocrx_word' id='word_1_337' title='bbox 542 3511 713 3601; x_wconf 83' lang='lat' dir='ltr'>obsignato</span> <span class='ocrx_word' id='word_1_338' title='bbox 734 3511 861 3600; x_wconf 85' lang='lat' dir='ltr'>lapide,</span> <span class='ocrx_word' id='word_1_339' title='bbox 902 3514 1055 3583; x_wconf 73' lang='lat' dir='ltr'>adhibitis</span> <span class='ocrx_word' id='word_1_340' title='bbox 1081 3526 1186 3582; x_wconf 86' lang='lat' dir='ltr'>custu-</span> 
     </span>
     <span class='ocr_line' id='line_1_38' title="bbox 37 3613 134 3681; baseline 0.031 -3"><span class='ocrx_word' id='word_1_341' title='bbox 37 3613 134 3681; x_wconf 85' lang='lat' dir='ltr'>dibus.</span> 
     </span>
    </p>
   </div>
   <div class='ocr_carea' id='block_1_7' title="bbox 37 3847 1189 4472">
    <p class='ocr_par' dir='ltr' id='par_1_9' title="bbox 37 3847 1189 4472">
     <span class='ocr_line' id='line_1_39' title="bbox 104 3847 1185 3912; baseline 0.005 -7"><span class='ocrx_word' id='word_1_342' title='bbox 104 3847 208 3907; x_wconf 86' lang='lat' dir='ltr'>Matth.</span> <span class='ocrx_word' id='word_1_343' title='bbox 233 3853 280 3912; x_wconf 76' lang='lat'>62.</span> <span class='ocrx_word' id='word_1_344' title='bbox 320 3847 440 3910; x_wconf 73' lang='lat' dir='ltr'>Potum</span> <span class='ocrx_word' id='word_1_345' title='bbox 467 3861 561 3910; x_wconf 64' lang='lat' dir='ltr'>omem</span> <span class='ocrx_word' id='word_1_346' title='bbox 588 3847 644 3910; x_wconf 75' lang='lat' dir='ltr'>dte.</span> <span class='ocrx_word' id='word_1_347' title='bbox 688 3849 724 3908; x_wconf 90' lang='lat' dir='ltr'>In</span> <span class='ocrx_word' id='word_1_348' title='bbox 752 3847 805 3909; x_wconf 86' lang='lat' dir='ltr'>hac</span> <span class='ocrx_word' id='word_1_349' title='bbox 836 3847 1005 3909; x_wconf 86' lang='lat' dir='ltr'>narratione</span> <span class='ocrx_word' id='word_1_350' title='bbox 1037 3855 1185 3910; x_wconf 88' lang='lat' dir='ltr'>non&#39;tam</span> 
     </span>
     <span class='ocr_line' id='line_1_40' title="bbox 37 3919 1186 4005; baseline 0.009 -27"><span class='ocrx_word' id='word_1_351' title='bbox 37 3919 179 3983; x_wconf 85' lang='lat' dir='ltr'>llatthaeo</span> <span class='ocrx_word' id='word_1_352' title='bbox 200 3923 384 4005; x_wconf 89' lang='lat' dir='ltr'>propositum</span> <span class='ocrx_word' id='word_1_353' title='bbox 401 3924 456 3984; x_wconf 84' lang='lat' dir='ltr'>luit</span> <span class='ocrx_word' id='word_1_354' title='bbox 466 3925 633 4000; x_wconf 87' lang='lat' dir='ltr'>ostendere,</span> <span class='ocrx_word' id='word_1_355' title='bbox 653 3945 739 4005; x_wconf 88' lang='lat' dir='ltr'>quam</span> <span class='ocrx_word' id='word_1_356' title='bbox 759 3924 909 3985; x_wconf 85' lang='lat' dir='ltr'>obstinato</span> <span class='ocrx_word' id='word_1_357' title='bbox 923 3923 1023 3984; x_wconf 88' lang='lat' dir='ltr'>surore</span> <span class='ocrx_word' id='word_1_358' title='bbox 1038 3923 1186 3988; x_wconf 84' lang='lat' dir='ltr'>Christum</span> 
     </span>
     <span class='ocr_line' id='line_1_41' title="bbox 37 3999 1187 4082; baseline 0.008 -27"><span class='ocrx_word' id='word_1_359' title='bbox 37 4001 201 4078; x_wconf 87' lang='lat' dir='ltr'>persequuti</span> <span class='ocrx_word' id='word_1_360' title='bbox 220 4002 280 4062; x_wconf 85' lang='lat' dir='ltr'>sint</span> <span class='ocrx_word' id='word_1_361' title='bbox 297 4001 412 4062; x_wconf 86' lang='lat' dir='ltr'>scribae</span> <span class='ocrx_word' id='word_1_362' title='bbox 432 4013 463 4062; x_wconf 88' lang='lat' dir='ltr'>et</span> <span class='ocrx_word' id='word_1_363' title='bbox 480 4002 665 4077; x_wconf 86' lang='lat' dir='ltr'>sacerdotes,</span> <span class='ocrx_word' id='word_1_364' title='bbox 694 4023 780 4082; x_wconf 87' lang='lat' dir='ltr'>quam</span> <span class='ocrx_word' id='word_1_365' title='bbox 805 4001 891 4061; x_wconf 90' lang='lat' dir='ltr'>nohis</span> <span class='ocrx_word' id='word_1_366' title='bbox 915 3999 995 4074; x_wconf 63' lang='lat' dir='ltr'>,x&#39;r&#39;elnt</span> <span class='ocrx_word' id='word_1_367' title='bbox 1015 4001 1045 4060; x_wconf 91' lang='lat' dir='ltr'>in</span> <span class='ocrx_word' id='word_1_368' title='bbox 1065 4004 1187 4081; x_wconf 90' lang='lat' dir='ltr'>speculo</span> 
     </span>
     <span class='ocr_line' id='line_1_42' title="bbox 37 4075 1187 4164; baseline 0.01 -34"><span class='ocrx_word' id='word_1_369' title='bbox 37 4089 253 4164; x_wconf 87' lang='lat' dir='ltr'>repraesentare</span> <span class='ocrx_word' id='word_1_370' title='bbox 277 4077 481 4138; x_wconf 88' lang='lat' dir='ltr'>incredibilem</span> <span class='ocrx_word' id='word_1_371' title='bbox 505 4077 565 4138; x_wconf 90' lang='lat' dir='ltr'>Dei</span> <span class='ocrx_word' id='word_1_372' title='bbox 588 4079 804 4158; x_wconf 85' lang='lat' dir='ltr'>providentiam</span> <span class='ocrx_word' id='word_1_373' title='bbox 826 4075 858 4136; x_wconf 89' lang='lat' dir='ltr'>in</span> <span class='ocrx_word' id='word_1_374' title='bbox 883 4077 1099 4138; x_wconf 84' lang='lat' dir='ltr'>resurrectione</span> <span class='ocrx_word' id='word_1_375' title='bbox 1118 4077 1187 4142; x_wconf 85' lang='lat' dir='ltr'>Filii</span> 
     </span>
     <span class='ocr_line' id='line_1_43' title="bbox 37 4152 1187 4246; baseline 0.003 -40"><span class='ocrx_word' id='word_1_376' title='bbox 37 4169 75 4207; x_wconf 83' lang='lat' dir='ltr'>sur</span> <span class='ocrx_word' id='word_1_377' title='bbox 95 4152 256 4230; x_wconf 86' lang='lat' dir='ltr'>probanda.</span> <span class='ocrx_word' id='word_1_378' title='bbox 296 4152 477 4246; x_wconf 81' lang='lat' dir='ltr'>Conspirant</span> <span class='ocrx_word' id='word_1_379' title='bbox 496 4155 573 4214; x_wconf 88' lang='lat' dir='ltr'>inter</span> <span class='ocrx_word' id='word_1_380' title='bbox 592 4175 623 4215; x_wconf 88' lang='lat' dir='ltr'>se</span> <span class='ocrx_word' id='word_1_381' title='bbox 644 4155 777 4214; x_wconf 89' lang='lat' dir='ltr'>homines</span> <span class='ocrx_word' id='word_1_382' title='bbox 798 4153 899 4238; x_wconf 81' lang='lat' dir='ltr'>astuti,</span> <span class='ocrx_word' id='word_1_383' title='bbox 925 4165 1005 4214; x_wconf 89' lang='lat' dir='ltr'>certe</span> <span class='ocrx_word' id='word_1_384' title='bbox 1024 4153 1054 4214; x_wconf 95' lang='lat' dir='ltr'>in</span> <span class='ocrx_word' id='word_1_385' title='bbox 1076 4153 1187 4220; x_wconf 79' lang='lat' dir='ltr'>fraudi.</span> 
     </span>
     <span class='ocr_line' id='line_1_44' title="bbox 37 4223 1188 4312; baseline 0.008 -27"><span class='ocrx_word' id='word_1_386' title='bbox 37 4223 87 4286; x_wconf 91' lang='lat' dir='ltr'>bus</span> <span class='ocrx_word' id='word_1_387' title='bbox 107 4239 138 4287; x_wconf 89' lang='lat' dir='ltr'>et</span> <span class='ocrx_word' id='word_1_388' title='bbox 156 4229 277 4310; x_wconf 86' lang='lat' dir='ltr'>perfidia</span> <span class='ocrx_word' id='word_1_389' title='bbox 297 4231 455 4305; x_wconf 77' lang='lat' dir='ltr'>exercitati,</span> <span class='ocrx_word' id='word_1_390' title='bbox 474 4243 505 4293; x_wconf 89' lang='lat' dir='ltr'>et</span> <span class='ocrx_word' id='word_1_391' title='bbox 514 4231 658 4290; x_wconf 88' lang='lat' dir='ltr'>rationem</span> <span class='ocrx_word' id='word_1_392' title='bbox 673 4229 851 4312; x_wconf 81' lang='lat' dir='ltr'>excogitant,</span> <span class='ocrx_word' id='word_1_393' title='bbox 871 4249 927 4310; x_wconf 86' lang='lat' dir='ltr'>qua</span> <span class='ocrx_word' id='word_1_394' title='bbox 947 4231 1118 4292; x_wconf 87' lang='lat' dir='ltr'>memoriam</span> <span class='ocrx_word' id='word_1_395' title='bbox 1137 4255 1188 4294; x_wconf 88' lang='lat' dir='ltr'>ex-</span> 
     </span>
     <span class='ocr_line' id='line_1_45' title="bbox 37 4302 1189 4390; baseline 0.008 -30"><span class='ocrx_word' id='word_1_396' title='bbox 37 4302 184 4384; x_wconf 81' lang='lat' dir='ltr'>stinguant</span> <span class='ocrx_word' id='word_1_397' title='bbox 202 4305 329 4367; x_wconf 88' lang='lat' dir='ltr'>hominis</span> <span class='ocrx_word' id='word_1_398' title='bbox 348 4309 465 4368; x_wconf 90' lang='lat' dir='ltr'>mortui.</span> <span class='ocrx_word' id='word_1_399' title='bbox 503 4308 579 4369; x_wconf 88' lang='lat' dir='ltr'>Nam</span> <span class='ocrx_word' id='word_1_400' title='bbox 598 4327 629 4368; x_wconf 92' lang='lat' dir='ltr'>se</span> <span class='ocrx_word' id='word_1_401' title='bbox 649 4306 722 4366; x_wconf 88' lang='lat' dir='ltr'>nihil</span> <span class='ocrx_word' id='word_1_402' title='bbox 742 4304 903 4385; x_wconf 85' lang='lat' dir='ltr'>profecisse</span> <span class='ocrx_word' id='word_1_403' title='bbox 922 4304 1038 4383; x_wconf 85' lang='lat' dir='ltr'>vident,</span> <span class='ocrx_word' id='word_1_404' title='bbox 1058 4309 1113 4368; x_wconf 86' lang='lat' dir='ltr'>nisi</span> <span class='ocrx_word' id='word_1_405' title='bbox 1133 4331 1189 4390; x_wconf 93' lang='lat' dir='ltr'>op-</span> 
     </span>
     <span class='ocr_line' id='line_1_46' title="bbox 37 4378 1189 4472; baseline 0.007 -34"><span class='ocrx_word' id='word_1_406' title='bbox 37 4378 162 4454; x_wconf 83' lang='lat' dir='ltr'>primant</span> <span class='ocrx_word' id='word_1_407' title='bbox 180 4383 404 4446; x_wconf 82' lang='lat' dir='ltr'>resurrectionis</span> <span class='ocrx_word' id='word_1_408' title='bbox 422 4385 519 4446; x_wconf 84' lang='lat' dir='ltr'>fidem.</span> <span class='ocrx_word' id='word_1_409' title='bbox 557 4385 600 4446; x_wconf 77' lang='lat' dir='ltr'>At</span> <span class='ocrx_word' id='word_1_410' title='bbox 617 4403 693 4472; x_wconf 21' lang='lat' dir='ltr'>vero*</span> <span class='ocrx_word' id='word_1_411' title='bbox 709 4384 779 4446; x_wconf 91' lang='lat' dir='ltr'>dum</span> <span class='ocrx_word' id='word_1_412' title='bbox 790 4381 829 4444; x_wconf 83' lang='lat' dir='ltr'>id</span> <span class='ocrx_word' id='word_1_413' title='bbox 848 4383 1004 4459; x_wconf 85' lang='lat' dir='ltr'>conantur,</span> <span class='ocrx_word' id='word_1_414' title='bbox 1023 4405 1088 4447; x_wconf 89' lang='lat' dir='ltr'>earn</span> <span class='ocrx_word' id='word_1_415' title='bbox 1108 4387 1189 4466; x_wconf 86' lang='lat' dir='ltr'>quasi</span> 
     </span>
    </p>
   </div>
   <div class='ocr_carea' id='block_1_8' title="bbox 61 4465 991 4544">
    <p class='ocr_par' dir='ltr' id='par_1_10' title="bbox 61 4465 991 4544">
     <span class='ocr_line' id='line_1_47' title="bbox 61 4465 991 4544; baseline 0.032 -22"><span class='ocrx_word' id='word_1_416' title='bbox 61 4477 152 4526; x_wconf 67' lang='lat' dir='ltr'>Caluini</span> <span class='ocrx_word' id='word_1_417' title='bbox 166 4483 250 4534; x_wconf 73' lang='lat' dir='ltr'>surh.</span> <span class='ocrx_word' id='word_1_418' title='bbox 265 4487 288 4530; x_wconf 84' lang='lat' dir='ltr'>in</span> <span class='ocrx_word' id='word_1_419' title='bbox 304 4485 385 4544; x_wconf 77' lang='lat' dir='ltr'>llum.</span> <span class='ocrx_word' id='word_1_420' title='bbox 398 4487 446 4536; x_wconf 72' lang='lat' dir='ltr'>Er.</span> <span class='ocrx_word' id='word_1_421' title='bbox 459 4487 513 4536; x_wconf 77' lang='lat' dir='ltr'>b&#39;ol·</span> <span class='ocrx_word' id='word_1_422' title='bbox 531 4487 562 4538; x_wconf 80' lang='lat' dir='ltr'>ll·</span> <span class='ocrx_word' id='word_1_423' title='bbox 951 4465 991 4528; x_wconf 60' lang='lat'>2⁶</span> 
     </span>
    </p>
   </div>
   <div class='ocr_carea' id='block_1_9' title="bbox 0 0 1391 4854">
    <p class='ocr_par' dir='ltr' id='par_1_11' title="bbox 0 0 1391 4854">
     <span class='ocr_line' id='line_1_48' title="bbox 0 0 1391 4854; baseline 0 0"><span class='ocrx_word' id='word_1_424' title='bbox 0 0 1391 4854; x_wconf 95' lang='lat' dir='ltr'> </span> 
     </span>
    </p>
   </div>
  </div>
 </body>
</html>
