2790 4838
183 221 248 286 :t82
342 249 343 264 1
446 213 600 278 SECTIO
622 213 658 274 x.
697 203 853 276 insusse
873 203 1086 276 Perusiae

186 368 344 430 sabbatum
369 367 417 430 bic
441 368 559 448 penitus
575 365 761 458 abrogatum
784 385 847 427 esse
861 363 995 458 putant,
1028 389 1116 448 quum
1145 367 1330 460 simpliciter

188 447 299 508 dorreat
319 445 468 522 Christus,
519 445 630 504 nisnaxu
654 453 697 504 srt'
717 455 813 503 rectus
838 444 915 505 illins
940 467 1018 516 usus.
1033 487 1036 496 ·
1053 449 1128 509 Nam
1155 458 1211 506 etsr
1231 447 1328 526 paulo

46 523 48 530 ’
148 527 154 552 “
187 536 260 586 ante
280 522 415 595 assernit,
451 465 567 582 sablati
590 542 621 580 se
642 537 760 610 quoqne
781 541 843 580 esse
863 522 1031 596 dominum,
1069 521 1201 583 nondum
1222 534 1329 583 tamen
1391 555 1392 558 ¹

187 601 350 662 advenerat
368 610 512 658 maturum
532 597 733 678 abnegationis
744 608 880 680 tmpus,
909 598 977 678 quia
1002 599 1098 660 velorn
1120 599 1224 680 templi
1244 607 1329 660 nou·
1391 609 1392 614 ’

188 678 260 738 dmn
278 675 398 738 scissum
418 685 490 738 erat.
532 699 533 702 ¹
612 725 618 738 .
841 701 844 706 *

214 883 314 960 Ι(99.)
355 880 605 946 ΜΑΤἸῊΧΙΙ.
647 879 677 942 9.
699 879 747 942 Ac
767 898 953 964 progressus
975 879 1066 946 illinc
1086 885 1175 948 venit
1197 874 1231 947 ln
1247 877 1326 966 syri-

187 1003 320 1069 agogam
353 980 492 1048 illorum.
548 985 596 1047 111.
628 981 668 1046 Et
696 999 773 1042 ecce
803 977 899 1045 borno
934 992 1001 1046 erat
1033 1001 1161 1062 manum
1196 982 1324 1048 babens

186 1083 323 1168 aridam,
364 1091 396 1148 et
421 1081 668 1176 interrogabant
696 1059 784 1146 illum
813 1079 971 1170 dicentes,
998 1077 1146 1149 'Licetne
1178 1082 1324 1149 sabbatis

123 1259 127 1266 .
187 1205 316 1260 curare,
351 1193 385 1248 ut
407 1194 594 1265 accusarent
617 1204 698 1248 eum.
741 1183 790 1246 11.
811 1184 852 1246 At
875 1181 930 1250 ille
954 1183 1030 1248 dixit
1054 1187 1115 1262 eis,
1150 1185 1234 1270 Quis
1260 1187 1323 1248 erit
1391 1193 1392 1198 ’

187 1306 225 1352 ex
245 1283 341 1349 vobis
362 1283 477 1360 horno,
512 1285 566 1370 qui
590 1280 722 1347 babebit
748 1303 840 1346 ovem
863 1305 974 1359 unam,
1001 1295 1038 1350 ‘et
1060 1289 1086 1349 ai
1108 1269 1146 1350 eri
1169 1283 1322 1350 inciderit
1391 1333 1392 1352 .

106 1412 111 1424 ·
186 1385 323 1452 sabbato
346 1389 380 1449 in
402 1384 544 1461 foveam,
565 1403 676 1450 nonne
699 1383 920 1470 apprehendet
943 1407 1028 1465 earn,
1051 1399 1082 1452 et
1105 1389 1225 1472 eriget?
1268 1386 1320 1448 tt.

186 1487 320 1575 Quanto
342 1487 438 1570 igitur
458 1489 673 1571 praestantior
694 1493 740 1549 est
762 1485 858 1550 lromo
881 1489 962 1552 ove?
985 1487 1074 1553 Licet
1090 1491 1185 1572 igitur
1205 1482 1321 1550 sabba-

184 1593 226 1656 tis
248 1583 456 1658 benefacere.
496 1587 545 1652 13.
565 1587 660 1653 Tune
675 1584 753 1650 dicit
770 1586 899 1663 burnini,
917 1587 1062 1658 Extende
1080 1609 1207 1652 inanum
1225 1598 1319 1652 tuam.
1391 1583 1392 1638 ἶ

184 1689 216 1756 Is
235 1709 315 1754 vero
338 1686 554 1788 extendinae
575 1689 719 1750 restituta
740 1697 788 1751 est
810 1688 952 1766 sanitati,
973 1692 1060 1762 ,sicut
1081 1687 1192 1752 altera.

268 1820 408 1887 MARC.
427 1819 480 1883 lll.
523 1819 557 1883 1..
573 1817 614 1882 Et
634 1821 778 1886 introivit
798 1824 912 1910 iterum
934 1825 967 1886 in
991 1833 1196 1908 synagogam,
1218 1833 1250 1888 et
1271 1821 1317 1888 ibi

187 1910 255 1990 eralt
275 1923 374 1986 bomo
389 1920 559 1986 arefactam
575 1917 699 1985 babens
719 1943 855 1986 manum.
896 1922 924 1986 2
946 1922 986 1986 Et
1003 1920 1219 1988 observabant
1233 1945 1317 2000 eum,

185 2042 227 2092 au
248 2020 391 2090 sabbatis
412 2030 580 2086 sanaturus
600 2033 683 2086 esset
704 2020 808 2100 illum,
830 2033 865 2087 ut
888 2013 1076 2088 accusarent
1098 2045 1179 2089 curn.
1221 2023 1251 2088 3.
1274 2025 1317 2088 Et

184 2129 229 2195 ait
252 2124 375 2188 homini
397 2119 530 2188 babenti
551 2143 679 2188 manum
701 2123 890 2218 arefactam,
917 2122 1019 2208 Surge
1040 2127 1073 2189 in
1095 2123 1245 2190 medium.
1287 2126 1318 2190 1.

98 2219 101 2238 '
184 2223 227 2290 Et
248 2223 326 2292 dicit
345 2221 420 2300 illis,
439 2223 553 2287 Utrum
574 2223 651 2288 licet
671 2221 811 2290 sabbatis
828 2222 1023 2288 benefacere
1039 2233 1086 2289 'an
1105 2224 1319 2292 malefacere?

185 2327 324 2392 animam
347 2345 477 2394 servare
505 2345 545 2388 an
568 2323 739 2396 occidere?
770 2335 801 2390 at
820 2315 1049 2390 illi-tacebant.
1091 2325 1121 2390 5.
1151 2325 1193 2390 Et
1218 2349 1316 2412 quum

116 2413 132 2516 γ’
183 2427 458 2510 circumspexisset
477 2423 554 2492 illos
575 2447 647 2490 cum
667 2421 843 2520 iracundia,
865 2425 1101 2492 condoleamus
1121 2447 1220 2513 super
1242 2446 1318 2493 coe·

184 2532 280 2594 citate
303 2524 412 2592 cordis
432 2519 580 2606 illorum,
603 2525 680 2594 dicit
699 2528 830 2605 homini,
850 2527 997 2593 Extende
1019 2547 1144 2592 manum
1166 2538 1262 2608 tuam,
1283 2537 1316 2593 et

186 2627 343 2695 extendit:
366 2637 398 2693 et
419 2628 566 2694 restituta
588 2638 636 2693 est
657 2630 783 2694 sanitati
804 2645 916 2694 manus
938 2633 1024 2709 eius,
1044 2639 1078 2694 ut
1100 2627 1210 2694 altera.

266 2757 369 2828 LUC.
390 2761 446 2832 Vl.
487 2761 516 2826 6.
544 2760 678 2826 Factum
700 2775 747 2828 est
774 2773 879 2828 autem
901 2767 983 2828 etin
1006 2760 1071 2828 alio
1094 2761 1247 2840 sabbato,
1280 2773 1316 2836 ut
1391 2839 1392 2842 Ἴ

183 2867 319 2932 intraret
339 2865 373 2926 in
393 2882 604 2947 synagogam,
637 2885 674 2928 ac
692 2863 843 2942 doceret,
870 2873 901 2928 et
924 2875 993 2928 erat
1013 2862 1059 2929 ibi
1081 2864 1193 2942 bomo,
1224 2866 1317 2928 cuius

182 2988 296 3052 manus
317 2962 431 3030 dextra
452 2973 520 3028 erat
541 2961 640 3026 arida.
682 2965 709 3028 t.
732 2961 960 3029 Observabant
977 2975 1082 3038 autern
1095 2987 1166 3042 eum
1180 2961 1319 3050 Scribas

185 3087 222 3132 ac
244 3065 424 3140 Pharisaei,
469 3083 511 3128 au
536 3063 569 3126 in
590 3060 728 3129 sabbato
749 3075 916 3130 sanaturus
938 3076 1036 3142 esset,
1076 3077 1110 3129 ut
1131 3057 1317 3132 invenirent

183 3165 271 3236 uode
303 3174 492 3253 accusarent
523 3185 605 3230 eum.
666 3165 696 3230 8:
736 3165 808 3252 lpse
840 3187 920 3234 vero
946 3165 1070 3232 sciebat
1102 3170 1315 3252 cogitationes

184 3285 313 3344 eorum,
335 3275 368 3332 et
386 3268 439 3332 ait·
452 3264 588 3342 bomini,
609 3269 665 3352 qui
684 3257 825 3332 babebat
846 3289 973 3343 manum
996 3268 1127 3348 aridam,
1147 3268 1264 3354 Surge,
1283 3279 1316 3336 et

183 3379 231 3433 sta
253 3369 286 3432 in
308 3364 433 3432 medio:
458 3363 516 3430 ille
536 3387 616 3433 vero
638 3389 770 3454 surgens
790 3371 890 3446 stetit.¹
926 3373 955 3434 9.
984 3372 1037 3435 Ait
1059 3373 1153 3460 igitur
1175 3369 1217 3434 ad
1239 3369 1316 3435 illos

182 3467 286 3546 lesos,
318 3465 530 3558 interrogabo
551 3489 626 3547 vos,
657 3465 764 3544 utrum
788 3467 865 3543 licet
890 3469 1032 3538 sabbatis
1052 3469 1251 3537 benefacere
1273 3483 1315 3538 au

181 3566 390 3648 malefacere,
430 3572 570 3637 animam.
593 3590 723 3636 servare
752 3591 792 3634 an
825 3571 985 3655 perdere?
1028 3573 1079 3639 10.
1111 3571 1153 3638 Et
1181 3576 1316 3637 circum·
1380 3617 1383 3621 -

181 3674 300 3756 speetis
327 3669 476 3751 omuibus
496 3670 580 3748 illis,¹
617 3668 695 3738 dixit
722 3670 862 3750 bomini¹
899 3672 1047 3740 Extende
1068 3693 1196 3748 manum
1219 3668 1317 3743 luam.

181 3771 243 3852 llle
268 3783 372 3846 autem
402 3771 493 3848 feeit:
535 3782 567 3838 et
593 3775 739 3840 restituta
770 3783 818 3838 est
850 3794 961 3850 manus
994 3777 1067 3840 eius
1096 3795 1189 3850 sana,
1231 3777 1318 3846 sicut

182 3874 292 3942 altera.

256 4033 361 4092 blattb.
386 4039 414 4102 9.
472 4032 522 4092 Ac
549 4053 723 4108 progressus
750 4031 841 4102 tuuc.
899 4031 982 4090 Idem
1009 4041 1055 4094 est
1077 4029 1145 4092 buic
1172 4029 1320 4102 historiae

182 4127 304 4188 scopus,
339 4109 389 4188 qui
409 4109 571 4189 proximae:
602 4129 708 4189 nempe
727 4108 837 4170 scribas
859 4107 1004 4180 malitiose
1025 4107 1056 4168 iu
1077 4107 1134 4167 boc
1155 4107 1245 4172 fuisse
1265 4111 1314 4168 in-

181 4195 296 4259 tentos,
333 4197 366 4244 ut
394 4185 424 4246 in
456 4186 628 4256 calumniam
665 4197 805 4266 raperent
836 4184 975 4276 quicquid
1006 4183 1099 4254 fiebat
1116 4205 1147 4246 ,a
1180 4184 1321 4262 Christo,-

181 4261 309 4344 ideoque
328 4283 391 4334 non
411 4285 474 4324 esse
493 4263 609 4336 mirum,
628 4261 652 4324 si
671 4261 871 4343 implacabiles
890 4283 951 4322 erus
971 4261 1070 4321 hostes
1090 4259 1212 4338 fuerim,
1233 4285 1311 4344 quo.

159 4347 245 4402 'rum
264 4340 356 4411 enimi
371 4339 413 4410 sic
432 4339 573 4422 pravitate
590 4339 694 4408 infecti
713 4351 805 4408 mant.
845 4338 963 4416 interea
975 4337 1115 4416 videmus,
1133 4337 1192 4404 hoc
1213 4341 1313 4423 hypn-
1391 4351 1392 4358 ’
