2768 4834
451 234 585 296 orasse
606 249 790 298 rumonus.
1125 204 1188 324 m
1292 276 1293 285 η

97 395 203 473 (59.)Ι
221 379 398 460 ΜΑΤῚἭ.
425 391 480 458 Vl.
522 393 574 459 25.
601 394 781 479 Propterea
808 391 885 460 dico
911 390 1022 471 vobis,
1053 413 1098 460 ne
1120 397 1189 465 eltls

65 493 172 558 solliciti
193 473 327 558 animae
348 502 483 570 vestrae,
504 493 582 580 quid
606 497 692 560 esuri
713 495 783 560 sitis
805 503 901 581 atque
916 491 1061 573 bibituri,
1072 517 1188 582 ,neque

64 597 173 679 corpori
194 605 319 672 vestro,
342 591 459 681 quibus
479 590 677 661 indumenlis
699 597 804 662 usuri:
825 615 936 660 nonne
959 597 1063 659 aoinra
1086 593 1189 682 pluris

64 705 205 780 utquam
229 687 346 771 cibus?
359 706 392 759 et
413 715 530 779 eorpus
551 695 654 781 pluris
675 681 1025 783 quamindumcntnm?
1052 697 1105 761 26.
1127 697 1191 764 Re-

63 799 156 877 spicite
188 796 231 860 ad
267 794 414 862 volatilia
444 796 544 874 coeli,
583 801 657 883 quia
685 817 753 862 noo
781 807 892 861 serunt
923 819 1032 883 neque
1060 807 1190 873 metunt,
1258 831 1295 846 ··

62 917 149 982 neque
171 894 335 981 colligunt
353 898 386 961 in
408 895 542 974 horrea,
567 908 600 962 et
622 891 1017 963 Pater'vester'coelestis
1041 895 1099 962 alit
1118 895 1199 961 illas,

62 1017 152 1070 nonne
177 1019 237 1062 ros
259 996 361 1082 longe
382 997 580 1083 praecellitis
602 997 686 1064 illisi
727 999 778 1063 27.
808 997 897 1083 Quis
920 1009 1025 1082 autem
1049 1011 1189 1062 vestrum

63 1099 137 1161 anxie
174 1097 328 1163 curando
358 1108 473 1184 potest
512 1096 634 1162 addere
665 1096 707 1163 ad
740 1108 892 1162 staturam
924 1121 1014 1164 suam
1046 1099 1188 1162 cubitum

63 1201 158 1261 unum?
198 1199 251 1264 28.
276 1199 327 1262 Ae
349 1196 390 1261 de
412 1195 602 1263 indumento
625 1197 704 1284 quid
726 1197 857 1266 solliciti
880 1201 976 1266 estis?
1004 1203 1189 1286 cognoscite

62 1292 115 1360 lilia
145 1301 225 1382 agri,
265 1298 434 1386 quomodo
464 1308 627 1364 crescunt:
670 1320 737 1364 non
766 1297 934 1378 laborant,
966 1321 1074 1386 neque
1102 1312 1190 1366 nent·

62 1395 101 1458 n.
124 1395 206 1462 Dico
235 1410 346 1464 autem
372 1397 485 1478 robis,
517 1420 559 1464 ne
589 1397 797 1464 Salomonem
825 1398 956 1486 quidem
983 1401 1016 1464 in
1039 1393 1189 1464 universa

64 1515 107 1558 sua
133 1494 234 1581 gloria
258 1501 308 1563 sic
329 1498 614 1578 amictum-luisse,
649 1509 683 1564 ut
705 1521 802 1564 unum
827 1520 864 1564 ex
886 1500 943 1564 his.
984 1484 1035 1562 30.
1066 1499 1190 1582 Quodsi

64 1602 287 1688 graneoqagri,
328 1599 418 1688 quod
439 1599 539 1664 hodie
562 1609 627 1677 est,
661 1610 783 1682 etcras
804 1601 839 1666 in
861 1597 1025 1666 clibanum
1047 1603 1191 1680 mittitur,
1307 1641 1314 1648 -

63 1696 136 1764 lleus
155 1701 203 1766 sie
221 1703 332 1778 vestit,
352 1722 393 1765 an
415 1723 482 1768 non
505 1699 607 1766 multo
628 1684 728 1784 magis
749 1721 818 1778 vos,
840 1702 1015 1786 oexiguae
1036 1700 1139 1766 fideii

127 1833 224 1902 LUC.
243 1835 319 1900 ΧΠ.
361 1836 413 1900 22.
449 1831 603 1922 Dixitque
625 1831 668 1898 ed
690 1832 868 1921 discipulos
889 1821 981 1912 suos,
1011 1831 1092 1901 Ideo
1115 1834 1202 1901 dico·

65 1930 150 2012 robis,
178 1957 221 2000 ne
249 1933 388 2000 solliciti
416 1939 485 2002 sitis
506 1939 631 2000 animae
652 1946 795 2013 restrae,
831 1935 910 2020 quid
934 1921 1051 2014 edatis‘,
1081 1957 1189 2023 neque

65 2037 188 2118 corpori,
221 2033 308 2122 qnid
334 2033 522 2100 induamini.
573 2035 624 2099 23.
652 2036 768 2100 Animo
797 2035 898 2120 pluria
921 2045 969 2102 est
991 2059 1084 2122 quam
1109 2054 1191 2113 esea,

67 2143 89 2194 ct
106 2156 213 2220 corpus
234 2135 343 2224 pluris
365 2128 460 2224 quam
480 2135 711 2202 indumentum.
749 2135 800 2202 24.
823 2133 1040 2208 Considerate
1063 2159 1190 2222 corvos,

66 2233 204 2315 quianon
225 2240 391 2304 seminant
412 2259 520 2326 neque
542 2248 679 2311 metunt,
701 2235 818 2322 quibus
839 2259 907 2302 non
930 2248 977 2302 est
998 2241 1204 2323 pecuarium.

67 2353 153 2420 neque
174 2339 342 2415 horreum,
364 2349 395 2404 et
410 2339 502 2404 Deus
525 2340 625 2424 pascit
645 2335 737 2402 illos:
759 2349 881 2422 quanto
904 2339 1003 2420 magis
1023 2359 1208 2424 vespiae·-

67 2439 136 2500 stotis
154 2434 391 2506 volucribust·
409 2439 461 2506 25.
483 2439 568 2524 Quis
590 2446 697 2500 autem
718 2447 860 2500 vestrum
883 2433 1022 2502 sollicite
1045 2437 1194 2504 curando
1231 2493 1234 2510 ‚
1281 2509 1287 2519 ¹

68 2547 153 2618 potest
183 2541 329 2606 adiicere
365 2537 405 2604 ad
438 2551 590 2605 staturam
625 2558 714 2600 suam
744 2532 886 2598 cubitum
913 2539 1032 2599 unum?
1072 2537 1124 2600 26.
1156 2537 1190 2600 Si

69 2657 127 2720 crgo
146 2651 185 2704 ne
206 2642 240 2707 id
266 2638 405 2726 quidem
421 2639 511 2726 qnod
532 2640 696 2702 minimum
720 2644 768 2699 est
791 2635 933 2720 potestis,
955 2633 1097 2720 quidde
1121 2657 1192 2700 cae-

70 2743 130 2802 teris
148 2741 280 2808 solliciti
302 2744 398 2806 estis?
411 2742 477 2806 ,22
499 2737 717 2808 Considerate
739 2735 818 2816 lilia,
840 2733 1006 2821 quomodo
1029 2748 1192 2802 crescunt:

69 2857 120 2905 non
139 2841 303 2920 laborant,
324 2863 433 2928 nequo
454 2851 542 2908 nent.
583 2840 669 2904 Dico
693 2847 799 2903 autem
820 2834 928 2914 vohis,
952 2857 1015 2901 neo
1035 2835 1191 2903 Salomon
1243 2883 1249 2888 -

69 2937 94 3000 ln
119 2947 267 3012 universa
301 2940 403 3027 gloria
436 2965 494 3008 sua
529 2938 746 3016 vestiebatur,
788 2939 882 3003 sicuti
912 2957 1011 3002 unum
1049 2957 1087 3003 ex
1114 2941 1190 3003 istis.
1243 2961 1246 2972 ·

34 3045 37 3054 '
69 3037 107 3102 28
133 3043 164 3108 Si
190 3055 300 3111 autem
328 3063 475 3130 gramen,
506 3041 596 3128 qtrod
625 3039 725 3106 hodie
755 3049 803 3130 est
830 3041 863 3104 iu
885 3057 979 3122 agro,
1012 3049 1045 3104 et
1066 3061 1135 3104 cras
1156 3040 1191 3104 iu

70 3137 207 3212 ollarum
228 3148 379 3223 mittitur,
407 3143 501 3209 Deus
519 3147 573 3208 'sic
594 3143 708 3222 vestit,
727 3151 851 3228 quanto
872 3143 970 3224 magis
990 3161 1065 3219 vos,
1085 3162 1107 3206 o
1129 3143 1192 3205 exi-

71 3259 135 3322 guae
153 3247 252 3315 lidei?

131 3443 193 3508 lloc
217 3455 289 3506 toto
316 3465 455 3504 sermone
482 3443 616 3504 Christus
643 3439 731 3500 nimis
757 3439 871 3498 anxiam
895 3438 988 3499 victus
1015 3450 1046 3500 et
1070 3440 1193 3499 vestitus

73 3533 164 3596 ruram,
182 3543 241 3602 qua
261 3543 293 3581 sc
312 3521 447 3581 homines
468 3517 647 3592 excruciant,
668 3515 875 3596 reprehendit,
895 3536 928 3575 ac
948 3514 1034 3574 simul
1055 3516 1191 3588 curando

72 3587 125 3676 luic
146 3600 251 3660 morbo
277 3600 439 3658 remedium
464 3597 593 3658 adhibet
638 3593 731 3668 Quod
761 3591 905 3651 sollicitos
926 3602 1102 3664 esseretat,
1130 3611 1193 3653 uon

73 3677 103 3724 rta
120 3677 243 3749 praecise
264 3674 339 3734 sumi
359 3674 459 3746 debet,
479 3673 538 3732 acsi
558 3692 676 3731 omnem
697 3668 757 3728 suis
779 3689 878 3728 curam
897 3667 1044 3728 eximie-ret.
1076 3667 1191 3726 Scimus

74 3741 134 3804 esslm
152 3771 184 3811 ea
203 3753 231 3812 le
256 3773 272 3814 e
293 3762 378 3811 natos
400 3769 462 3810 esse
482 3750 629 3823 homiues,
649 3759 683 3806 ut
702 3744 812 3824 aliquid
833 3765 920 3804 curae
935 3742 1112 3834 sustineant:
1132 3741 1192 3803 imo

53 3815 131 3883 laec
147 3847 204 3888 non
226 3772 329 3888 riltima
349 3839 393 3887 est
413 3847 479 3906 pars
499 3825 692 3896 miseriarum,
733 3841 783 3880 uas
793 3820 939 3880 Dominus
959 3817 1045 3878 nobis
1066 3818 1097 3876 in
1117 3837 1193 3896 poe-

75 3913 127 3956 112111
149 3903 287 3978 iniunxit,
316 3916 349 3964 nt
373 3924 428 3964 nos
450 3902 623 3964 humiliaret.
672 3843 733 3958 Sel
752 3897 938 3957 immodicam
958 3916 1056 3978 cruam
1076 3895 1196 3983 damnat

75 3969 106 4030 0b
127 3978 190 4041 duas
215 4003 330 4055 causas,
361 3979 430 4060 quia
455 3979 568 4040 scilicet
595 3997 628 4037 ea
654 3997 685 4036 se
712 3976 818 4034 frustra
842 3983 992 4032 macerant
1011 3971 1144 4031 hommes
1165 3981 1196 4030 et

77 4055 212 4132 torquent,
250 4070 310 4125 sato
334 4057 412 4117 endo
447 4056 512 4136 plus
538 4075 624 4134 quam
649 4051 737 4113 liceat
761 4047 808 4110 rel
832 4050 909 4110 serat
933 4069 1035 4106 eorum
1061 4047 1194 4106 vocatio:

77 4121 164 4191 deinde
184 4135 265 4214 quod
285 4079 340 4194 sili
360 4133 426 4214 plus
446 4143 564 4192 sumunt
584 4149 671 4209 quam
691 4138 828 4207 oportet,
860 4149 893 4184 ac
914 4123 1033 4213 propria
1053 4125 1195 4184 industria
1253 4130 1256 4138 “

77 4197 234 4270 ltetilleum
255 4205 579 4301 iuvocare'negligunt.
618 4204 762 4264 Tenenda
784 4215 828 4262 est
846 4201 895 4262 illa
915 4201 1082 4279 promissio:
1105 4221 1195 4280 quum

79 4272 201 4346 increduli
219 4307 287 4348 sero
309 4286 438 4346 cubitum
459 4287 563 4360 ibunt,
592 4303 678 4340 mane
698 4291 837 4360 surgent,
863 4291 892 4338 et
912 4277 1070 4338 comedent
1088 4261 1201 4357 ,terreni

79 4350 190 4438 dllinis,
232 4363 334 4424 lideles
373 4363 473 4443 quiete
513 4370 544 4419 et
581 4377 686 4442 somno
719 4375 773 4436 per
805 4356 865 4416 Ilei
893 4353 1016 4440 gratiam
1048 4349 1196 4436 potituros

99 4454 178 4506 curru
189 4479 274 4510 aa..
288 4465 312 4508 sn
326 4465 405 4509 nam.
420 4454 463 4510 rte.
482 4463 534 4512 vot.
547 4463 567 4506 r.
941 4440 980 4498 1²
