<?xml version="1.0" encoding="UTF-8"?>
<!DOCTYPE html PUBLIC "-//W3C//DTD XHTML 1.0 Transitional//EN"
    "http://www.w3.org/TR/xhtml1/DTD/xhtml1-transitional.dtd">
<html xmlns="http://www.w3.org/1999/xhtml" xml:lang="en" lang="en">
 <head>
  <title>
</title>
<meta http-equiv="Content-Type" content="text/html;charset=utf-8" />
  <meta name='ocr-system' content='tesseract 3.04.00' />
  <meta name='ocr-capabilities' content='ocr_page ocr_carea ocr_par ocr_line ocrx_word'/>
</head>
<body>
  <div class='ocr_page' id='page_1' title='image "./innovumtestamen00calvgoog_0135.png"; bbox 0 0 2766 4834; ppageno 0'>
   <div class='ocr_carea' id='block_1_1' title="bbox 86 3280 259 3320">
    <p class='ocr_par' dir='ltr' id='par_1_1' title="bbox 86 3280 259 3320">
     <span class='ocr_line' id='line_1_1' title="bbox 86 3280 259 3320; baseline 0.006 -1"><span class='ocrx_word' id='word_1_1' title='bbox 86 3289 93 3314; x_wconf 86' lang='grc' dir='ltr'><strong>ι</strong></span> <span class='ocrx_word' id='word_1_2' title='bbox 171 3280 259 3320; x_wconf 67' lang='lat' dir='ltr'><strong>„non</strong></span> 
     </span>
    </p>
   </div>
   <div class='ocr_carea' id='block_1_2' title="bbox 142 183 1130 278">
    <p class='ocr_par' dir='ltr' id='par_1_2' title="bbox 142 183 1130 278">
     <span class='ocr_line' id='line_1_2' title="bbox 142 183 1130 278; baseline -0.014 0"><span class='ocrx_word' id='word_1_3' title='bbox 142 231 157 246; x_wconf 83' lang='grc'><strong><em>·</em></strong></span> <span class='ocrx_word' id='word_1_4' title='bbox 182 215 222 278; x_wconf 77' lang='grc'><strong>56</strong></span> <span class='ocrx_word' id='word_1_5' title='bbox 354 183 508 272; x_wconf 70' lang='lat' dir='ltr'><strong>sectio</strong></span> <span class='ocrx_word' id='word_1_6' title='bbox 528 207 585 274; x_wconf 88' lang='lat'>111.</span> <span class='ocrx_word' id='word_1_7' title='bbox 625 205 701 270; x_wconf 79' lang='lat' dir='ltr'><strong>urso</strong></span> <span class='ocrx_word' id='word_1_8' title='bbox 720 217 873 270; x_wconf 67' lang='lat' dir='ltr'><strong>uermes</strong></span> <span class='ocrx_word' id='word_1_9' title='bbox 893 215 936 268; x_wconf 80' lang='lat' dir='ltr'><strong>er</strong></span> <span class='ocrx_word' id='word_1_10' title='bbox 955 219 1130 268; x_wconf 70' lang='lat' dir='ltr'><strong>nanturra.</strong></span> 
     </span>
    </p>
   </div>
   <div class='ocr_carea' id='block_1_3' title="bbox 95 350 1339 2819">
    <p class='ocr_par' dir='ltr' id='par_1_3' title="bbox 95 350 1339 2819">
     <span class='ocr_line' id='line_1_3' title="bbox 187 350 1337 452; baseline -0.003 -28"><span class='ocrx_word' id='word_1_11' title='bbox 187 362 275 444; x_wconf 80' lang='lat' dir='ltr'><strong>quale</strong></span> <span class='ocrx_word' id='word_1_12' title='bbox 299 373 367 424; x_wconf 82' lang='lat' dir='ltr'><strong>aute</strong></span> <span class='ocrx_word' id='word_1_13' title='bbox 380 361 448 424; x_wconf 85' lang='lat' dir='ltr'><strong>eius</strong></span> <span class='ocrx_word' id='word_1_14' title='bbox 465 359 622 426; x_wconf 79' lang='lat' dir='ltr'><strong>adventurn</strong></span> <span class='ocrx_word' id='word_1_15' title='bbox 641 357 819 452; x_wconf 79' lang='lat' dir='ltr'><strong>patefactrnu</strong></span> <span class='ocrx_word' id='word_1_16' title='bbox 835 359 933 422; x_wconf 75' lang='lat' dir='ltr'><strong>veteri</strong></span> <span class='ocrx_word' id='word_1_17' title='bbox 950 358 1064 442; x_wconf 91' lang='lat' dir='ltr'><strong>populo</strong></span> <span class='ocrx_word' id='word_1_18' title='bbox 1085 350 1150 419; x_wconf 82' lang='lat' dir='ltr'><strong>fuit.</strong></span> <span class='ocrx_word' id='word_1_19' title='bbox 1191 356 1226 420; x_wconf 84' lang='lat' dir='ltr'><strong>si</strong></span> <span class='ocrx_word' id='word_1_20' title='bbox 1246 373 1337 420; x_wconf 75' lang='lat' dir='ltr'><strong>vere</strong></span> 
     </span>
     <span class='ocr_line' id='line_1_4' title="bbox 190 433 1338 520; baseline -0.007 -18"><span class='ocrx_word' id='word_1_21' title='bbox 190 451 327 512; x_wconf 73' lang='lat' dir='ltr'><strong>constare</strong></span> <span class='ocrx_word' id='word_1_22' title='bbox 347 438 447 520; x_wconf 88' lang='lat' dir='ltr'><strong>coepit</strong></span> <span class='ocrx_word' id='word_1_23' title='bbox 465 437 549 512; x_wconf 78' lang='lat' dir='ltr'><strong>huins</strong></span> <span class='ocrx_word' id='word_1_24' title='bbox 569 437 696 497; x_wconf 89' lang='lat' dir='ltr'><strong>uommis</strong></span> <span class='ocrx_word' id='word_1_25' title='bbox 716 435 810 511; x_wconf 88' lang='lat' dir='ltr'><strong>ratio,</strong></span> <span class='ocrx_word' id='word_1_26' title='bbox 840 457 874 496; x_wconf 84' lang='lat' dir='ltr'><strong>ex</strong></span> <span class='ocrx_word' id='word_1_27' title='bbox 894 457 955 518; x_wconf 90' lang='lat' dir='ltr'><strong>quo</strong></span> <span class='ocrx_word' id='word_1_28' title='bbox 975 435 1111 517; x_wconf 82' lang='lat' dir='ltr'><strong>apparuit</strong></span> <span class='ocrx_word' id='word_1_29' title='bbox 1130 433 1271 496; x_wconf 85' lang='lat' dir='ltr'><strong>Christus</strong></span> <span class='ocrx_word' id='word_1_30' title='bbox 1295 434 1338 494; x_wconf 91' lang='lat' dir='ltr'><strong>in</strong></span> 
     </span>
     <span class='ocr_line' id='line_1_5' title="bbox 187 511 1335 604; baseline -0.005 -27"><span class='ocrx_word' id='word_1_31' title='bbox 187 537 286 594; x_wconf 81' lang='lat' dir='ltr'><strong>cerne,</strong></span> <span class='ocrx_word' id='word_1_32' title='bbox 304 515 446 604; x_wconf 81' lang='lat' dir='ltr'><strong>sequitur²</strong></span> <span class='ocrx_word' id='word_1_33' title='bbox 465 512 536 574; x_wconf 88' lang='lat' dir='ltr'><strong>olim</strong></span> <span class='ocrx_word' id='word_1_34' title='bbox 556 533 618 576; x_wconf 88' lang='lat' dir='ltr'><strong>non</strong></span> <span class='ocrx_word' id='word_1_35' title='bbox 637 513 668 574; x_wconf 89' lang='lat' dir='ltr'><strong>in</strong></span> <span class='ocrx_word' id='word_1_36' title='bbox 688 512 824 586; x_wconf 84' lang='lat' dir='ltr'><strong>solidum,</strong></span> <span class='ocrx_word' id='word_1_37' title='bbox 843 512 895 574; x_wconf 86' lang='lat' dir='ltr'><strong>sed</strong></span> <span class='ocrx_word' id='word_1_38' title='bbox 915 534 949 574; x_wconf 84' lang='lat' dir='ltr'><strong>ex</strong></span> <span class='ocrx_word' id='word_1_39' title='bbox 968 524 1052 593; x_wconf 85' lang='lat' dir='ltr'><strong>parte</strong></span> <span class='ocrx_word' id='word_1_40' title='bbox 1073 511 1335 572; x_wconf 74' lang='lat' dir='ltr'><strong>duntaxatDeum</strong></span> 
     </span>
     <span class='ocr_line' id='line_1_6' title="bbox 188 586 1339 663; baseline -0.005 -9"><span class='ocrx_word' id='word_1_41' title='bbox 188 594 379 654; x_wconf 88' lang='lat' dir='ltr'><strong>coniunctum</strong></span> <span class='ocrx_word' id='word_1_42' title='bbox 398 590 489 651; x_wconf 53' lang='lat' dir='ltr'><strong>»fuisse</strong></span> <span class='ocrx_word' id='word_1_43' title='bbox 514 610 579 649; x_wconf 90' lang='lat' dir='ltr'><strong>cnm</strong></span> <span class='ocrx_word' id='word_1_44' title='bbox 599 586 745 650; x_wconf 86' lang='lat' dir='ltr'><strong>Patribus.</strong></span> <span class='ocrx_word' id='word_1_45' title='bbox 783 589 873 648; x_wconf 84' lang='lat' dir='ltr'><strong>Unde</strong></span> <span class='ocrx_word' id='word_1_46' title='bbox 892 609 1005 653; x_wconf 79' lang='lat' dir='ltr'><strong>rursum</strong></span> <span class='ocrx_word' id='word_1_47' title='bbox 1024 587 1195 663; x_wconf 82' lang='lat' dir='ltr'><strong>conficitur,</strong></span> <span class='ocrx_word' id='word_1_48' title='bbox 1228 586 1339 648; x_wconf 86' lang='lat' dir='ltr'><strong>Chri-</strong></span> 
     </span>
     <span class='ocr_line' id='line_1_7' title="bbox 186 665 1336 744; baseline -0.004 -15"><span class='ocrx_word' id='word_1_49' title='bbox 186 681 263 730; x_wconf 82' lang='lat' dir='ltr'><strong>stum</strong></span> <span class='ocrx_word' id='word_1_50' title='bbox 282 688 344 728; x_wconf 88' lang='lat' dir='ltr'><strong>esse</strong></span> <span class='ocrx_word' id='word_1_51' title='bbox 362 667 458 726; x_wconf 89' lang='lat' dir='ltr'><strong>Deum</strong></span> <span class='ocrx_word' id='word_1_52' title='bbox 479 666 508 725; x_wconf 91' lang='lat' dir='ltr'><strong>in</strong></span> <span class='ocrx_word' id='word_1_53' title='bbox 529 687 618 726; x_wconf 89' lang='lat' dir='ltr'><strong>earne</strong></span> <span class='ocrx_word' id='word_1_54' title='bbox 637 665 861 738; x_wconf 78' lang='lat' dir='ltr'><strong>manifestatum.</strong></span> <span class='ocrx_word' id='word_1_55' title='bbox 899 665 1029 726; x_wconf 76' lang='lat' dir='ltr'><strong>Functus</strong></span> <span class='ocrx_word' id='word_1_56' title='bbox 1050 665 1167 744; x_wconf 86' lang='lat' dir='ltr'><strong>quidem</strong></span> <span class='ocrx_word' id='word_1_57' title='bbox 1187 675 1232 725; x_wconf 90' lang='lat' dir='ltr'><strong>est</strong></span> <span class='ocrx_word' id='word_1_58' title='bbox 1251 665 1336 724; x_wconf 86' lang='lat' dir='ltr'><strong>Me-</strong></span> 
     </span>
     <span class='ocr_line' id='line_1_8' title="bbox 188 729 1337 834; baseline -0.005 -28"><span class='ocrx_word' id='word_1_59' title='bbox 188 745 309 806; x_wconf 78' lang='lat' dir='ltr'><strong>diatoris</strong></span> <span class='ocrx_word' id='word_1_60' title='bbox 329 741 429 804; x_wconf 82' lang='lat' dir='ltr'><strong>officio</strong></span> <span class='ocrx_word' id='word_1_61' title='bbox 449 763 540 823; x_wconf 91' lang='lat' dir='ltr'><strong>usque</strong></span> <span class='ocrx_word' id='word_1_62' title='bbox 561 742 596 802; x_wconf 89' lang='lat' dir='ltr'><strong>ab</strong></span> <span class='ocrx_word' id='word_1_63' title='bbox 617 729 702 802; x_wconf 88' lang='lat' dir='ltr'><strong>initio</strong></span> <span class='ocrx_word' id='word_1_64' title='bbox 723 741 839 816; x_wconf 90' lang='lat' dir='ltr'><strong>mundi,</strong></span> <span class='ocrx_word' id='word_1_65' title='bbox 858 741 917 834; x_wconf 61' lang='lat' dir='ltr'><strong>,sed</strong></span> <span class='ocrx_word' id='word_1_66' title='bbox 937 735 1082 822; x_wconf 79' lang='lat' dir='ltr'><strong>quia&#39;hoc</strong></span> <span class='ocrx_word' id='word_1_67' title='bbox 1102 752 1196 802; x_wconf 91' lang='lat' dir='ltr'><strong>totum</strong></span> <span class='ocrx_word' id='word_1_68' title='bbox 1215 739 1254 800; x_wconf 84' lang='lat' dir='ltr'><strong>ab</strong></span> <span class='ocrx_word' id='word_1_69' title='bbox 1279 741 1337 800; x_wconf 91' lang='lat' dir='ltr'><strong>ul-</strong></span> 
     </span>
     <span class='ocr_line' id='line_1_9' title="bbox 187 817 1337 897; baseline -0.003 -17"><span class='ocrx_word' id='word_1_70' title='bbox 187 823 259 882; x_wconf 84' lang='lat' dir='ltr'><strong>tima</strong></span> <span class='ocrx_word' id='word_1_71' title='bbox 279 818 460 880; x_wconf 67' lang='lat' dir='ltr'><strong>revelatione</strong></span> <span class='ocrx_word' id='word_1_72' title='bbox 502 817 639 892; x_wconf 80' lang='lat' dir='ltr'><strong>rudebat,</strong></span> <span class='ocrx_word' id='word_1_73' title='bbox 658 830 730 878; x_wconf 92' lang='lat' dir='ltr'><strong>tunc</strong></span> <span class='ocrx_word' id='word_1_74' title='bbox 749 817 856 877; x_wconf 88' lang='lat' dir='ltr'><strong>merito</strong></span> <span class='ocrx_word' id='word_1_75' title='bbox 878 817 993 879; x_wconf 89' lang='lat' dir='ltr'><strong>demum</strong></span> <span class='ocrx_word' id='word_1_76' title='bbox 1031 817 1179 878; x_wconf 88' lang='lat' dir='ltr'><strong>uasinova</strong></span> <span class='ocrx_word' id='word_1_77' title='bbox 1192 837 1337 897; x_wconf 85' lang='lat' dir='ltr'><strong>persona</strong></span> 
     </span>
     <span class='ocr_line' id='line_1_10' title="bbox 175 839 1337 985; baseline -0.005 -27"><span class='ocrx_word' id='word_1_78' title='bbox 175 897 305 975; x_wconf 33' lang='lat' dir='ltr'><strong>‘indutus</strong></span> <span class='ocrx_word' id='word_1_79' title='bbox 328 907 450 956; x_wconf 87' lang='lat' dir='ltr'><strong>vocatur</strong></span> <span class='ocrx_word' id='word_1_80' title='bbox 476 839 653 970; x_wconf 73' lang='lat' dir='ltr'><strong>immanuel,</strong></span> <span class='ocrx_word' id='word_1_81' title='bbox 683 916 771 973; x_wconf 90' lang='lat' dir='ltr'><strong>quum</strong></span> <span class='ocrx_word' id='word_1_82' title='bbox 795 894 828 953; x_wconf 88' lang='lat' dir='ltr'><strong>in</strong></span> <span class='ocrx_word' id='word_1_83' title='bbox 851 894 980 954; x_wconf 87' lang='lat' dir='ltr'><strong>medium</strong></span> <span class='ocrx_word' id='word_1_84' title='bbox 1004 840 1149 954; x_wconf 71' lang='lat' dir='ltr'><strong>darerdos</strong></span> <span class='ocrx_word' id='word_1_85' title='bbox 1174 893 1337 985; x_wconf 76' lang='lat' dir='ltr'>procedit,</span> 
     </span>
     <span class='ocr_line' id='line_1_11' title="bbox 188 969 1336 1053; baseline -0.004 -20"><span class='ocrx_word' id='word_1_86' title='bbox 188 972 240 1052; x_wconf 89' lang='lat' dir='ltr'><strong>qui</strong></span> <span class='ocrx_word' id='word_1_87' title='bbox 260 972 394 1053; x_wconf 83' lang='lat' dir='ltr'><strong>corporis</strong></span> <span class='ocrx_word' id='word_1_88' title='bbox 411 971 456 1032; x_wconf 86' lang='lat' dir='ltr'><strong>sui</strong></span> <span class='ocrx_word' id='word_1_89' title='bbox 474 971 590 1032; x_wconf 81' lang='lat' dir='ltr'><strong>victima</strong></span> <span class='ocrx_word' id='word_1_90' title='bbox 610 971 761 1032; x_wconf 89' lang='lat' dir='ltr'><strong>hominum</strong></span> <span class='ocrx_word' id='word_1_91' title='bbox 782 982 902 1050; x_wconf 82' lang='lat' dir='ltr'><strong>peccata</strong></span> <span class='ocrx_word' id='word_1_92' title='bbox 922 970 1029 1051; x_wconf 79' lang='lat' dir='ltr'>expiet,</span> <span class='ocrx_word' id='word_1_93' title='bbox 1047 969 1256 1052; x_wconf 74' lang='lat' dir='ltr'><strong>sanguinisque</strong></span> <span class='ocrx_word' id='word_1_94' title='bbox 1279 969 1336 1030; x_wconf 90' lang='lat' dir='ltr'><strong>sui</strong></span> 
     </span>
     <span class='ocr_line' id='line_1_12' title="bbox 188 1045 1336 1130; baseline 0 -22"><span class='ocrx_word' id='word_1_95' title='bbox 188 1049 287 1130; x_wconf 89' lang='lat' dir='ltr'><strong>pretio</strong></span> <span class='ocrx_word' id='word_1_96' title='bbox 308 1069 360 1110; x_wconf 85' lang='lat' dir='ltr'><strong>eos</strong></span> <span class='ocrx_word' id='word_1_97' title='bbox 378 1047 554 1112; x_wconf 79' lang='lat' dir='ltr'><strong>reconciliet</strong></span> <span class='ocrx_word' id='word_1_98' title='bbox 562 1047 653 1121; x_wconf 85' lang='lat' dir='ltr'><strong>Patri,</strong></span> <span class='ocrx_word' id='word_1_99' title='bbox 672 1046 799 1127; x_wconf 88' lang='lat' dir='ltr'><strong>denique</strong></span> <span class='ocrx_word' id='word_1_100' title='bbox 820 1067 922 1108; x_wconf 89' lang='lat' dir='ltr'><strong>omnes</strong></span> <span class='ocrx_word' id='word_1_101' title='bbox 942 1048 1084 1108; x_wconf 77' lang='lat' dir='ltr'><strong>humanae</strong></span> <span class='ocrx_word' id='word_1_102' title='bbox 1102 1045 1203 1108; x_wconf 84' lang='lat' dir='ltr'><strong>salutis</strong></span> <span class='ocrx_word' id='word_1_103' title='bbox 1224 1055 1336 1125; x_wconf 85' lang='lat' dir='ltr'><strong>partes</strong></span> 
     </span>
     <span class='ocr_line' id='line_1_13' title="bbox 188 1121 1333 1215; baseline -0.003 -29"><span class='ocrx_word' id='word_1_104' title='bbox 188 1125 346 1215; x_wconf 82' lang='lat' dir='ltr'><strong>compleat</strong></span> <span class='ocrx_word' id='word_1_105' title='bbox 401 1125 447 1184; x_wconf 89' lang='lat' dir='ltr'><strong>Ita</strong></span> <span class='ocrx_word' id='word_1_106' title='bbox 493 1123 573 1185; x_wconf 87' lang='lat' dir='ltr'><strong>riore</strong></span> <span class='ocrx_word' id='word_1_107' title='bbox 598 1123 715 1204; x_wconf 89' lang='lat' dir='ltr'><strong>quidem</strong></span> <span class='ocrx_word' id='word_1_108' title='bbox 740 1123 810 1184; x_wconf 90' lang='lat' dir='ltr'><strong>loco</strong></span> <span class='ocrx_word' id='word_1_109' title='bbox 833 1123 997 1204; x_wconf 82' lang='lat' dir='ltr'><strong>reputanda</strong></span> <span class='ocrx_word' id='word_1_110' title='bbox 1022 1122 1110 1188; x_wconf 88' lang='lat' dir='ltr'><strong>nobis</strong></span> <span class='ocrx_word' id='word_1_111' title='bbox 1135 1133 1180 1183; x_wconf 90' lang='lat' dir='ltr'><strong>est</strong></span> <span class='ocrx_word' id='word_1_112' title='bbox 1203 1121 1235 1180; x_wconf 89' lang='lat' dir='ltr'><strong>in</strong></span> <span class='ocrx_word' id='word_1_113' title='bbox 1265 1123 1333 1182; x_wconf 88' lang='lat' dir='ltr'><strong>hoc</strong></span> 
     </span>
     <span class='ocr_line' id='line_1_14' title="bbox 186 1145 1335 1280; baseline -0.003 -18"><span class='ocrx_word' id='word_1_114' title='bbox 186 1199 428 1270; x_wconf 82' lang='lat' dir='ltr'><strong>uomrnediriua</strong></span> <span class='ocrx_word' id='word_1_115' title='bbox 444 1145 557 1262; x_wconf 75' lang='lat' dir='ltr'><strong>cirini</strong></span> <span class='ocrx_word' id='word_1_116' title='bbox 575 1201 719 1274; x_wconf 87' lang='lat' dir='ltr'><strong>maiestas,</strong></span> <span class='ocrx_word' id='word_1_117' title='bbox 738 1209 771 1260; x_wconf 91' lang='grc' dir='ltr'><strong>ιιι</strong></span> <span class='ocrx_word' id='word_1_118' title='bbox 789 1200 984 1260; x_wconf 86' lang='lat' dir='ltr'><strong>reverentiam</strong></span> <span class='ocrx_word' id='word_1_119' title='bbox 1004 1199 1082 1280; x_wconf 86' lang='lat' dir='ltr'><strong>apud</strong></span> <span class='ocrx_word' id='word_1_120' title='bbox 1101 1219 1156 1260; x_wconf 91' lang='lat' dir='ltr'><strong>uos</strong></span> <span class='ocrx_word' id='word_1_121' title='bbox 1177 1197 1335 1273; x_wconf 83' lang='lat' dir='ltr'><strong>obtineat,</strong></span> 
     </span>
     <span class='ocr_line' id='line_1_15' title="bbox 95 1272 1332 1358; baseline -0.003 -22"><span class='ocrx_word' id='word_1_122' title='bbox 95 1353 96 1358; x_wconf 8' lang='grc' dir='ltr'>η</span> <span class='ocrx_word' id='word_1_123' title='bbox 151 1272 265 1358; x_wconf 70' lang='lat' dir='ltr'><strong>“qnae</strong></span> <span class='ocrx_word' id='word_1_124' title='bbox 288 1277 379 1341; x_wconf 89' lang='lat' dir='ltr'><strong>unico</strong></span> <span class='ocrx_word' id='word_1_125' title='bbox 405 1275 532 1337; x_wconf 88' lang='lat' dir='ltr'><strong>debetur</strong></span> <span class='ocrx_word' id='word_1_126' title='bbox 557 1287 587 1338; x_wconf 89' lang='lat' dir='ltr'><strong>et</strong></span> <span class='ocrx_word' id='word_1_127' title='bbox 605 1288 727 1348; x_wconf 85' lang='lat' dir='ltr'><strong>aeterno</strong></span> <span class='ocrx_word' id='word_1_128' title='bbox 747 1277 824 1336; x_wconf 88' lang='lat' dir='ltr'><strong>Deo.</strong></span> <span class='ocrx_word' id='word_1_129' title='bbox 863 1275 924 1336; x_wconf 83' lang='lat' dir='ltr'><strong>Sed</strong></span> <span class='ocrx_word' id='word_1_130' title='bbox 945 1275 1064 1336; x_wconf 88' lang='lat' dir='ltr'><strong>minime</strong></span> <span class='ocrx_word' id='word_1_131' title='bbox 1086 1274 1203 1336; x_wconf 87' lang='lat' dir='ltr'><strong>interim</strong></span> <span class='ocrx_word' id='word_1_132' title='bbox 1224 1273 1332 1358; x_wconf 83' lang='lat' dir='ltr'><strong>negli-</strong></span> 
     </span>
     <span class='ocr_line' id='line_1_16' title="bbox 189 1348 1333 1442; baseline -0.003 -28"><span class='ocrx_word' id='word_1_133' title='bbox 189 1355 303 1436; x_wconf 81' lang='lat' dir='ltr'><strong>gendus</strong></span> <span class='ocrx_word' id='word_1_134' title='bbox 328 1352 524 1430; x_wconf 75' lang='lat' dir='ltr'><strong>estimetur,</strong></span> <span class='ocrx_word' id='word_1_135' title='bbox 558 1373 646 1434; x_wconf 87' lang='lat' dir='ltr'><strong>quem</strong></span> <span class='ocrx_word' id='word_1_136' title='bbox 669 1353 739 1412; x_wconf 89' lang='lat' dir='ltr'><strong>inde</strong></span> <span class='ocrx_word' id='word_1_137' title='bbox 764 1372 782 1411; x_wconf 83' lang='lat' dir='ltr'><strong>a</strong></span> <span class='ocrx_word' id='word_1_138' title='bbox 806 1350 893 1414; x_wconf 90' lang='lat' dir='ltr'><strong>nobis</strong></span> <span class='ocrx_word' id='word_1_139' title='bbox 917 1353 998 1414; x_wconf 90' lang='lat' dir='ltr'><strong>Deus</strong></span> <span class='ocrx_word' id='word_1_140' title='bbox 1024 1348 1125 1442; x_wconf 68' lang='lat' dir='ltr'><strong>colligi</strong></span> <span class='ocrx_word' id='word_1_141' title='bbox 1150 1371 1184 1412; x_wconf 86' lang='lat' dir='ltr'><strong>ac</strong></span> <span class='ocrx_word' id='word_1_142' title='bbox 1208 1351 1333 1442; x_wconf 78' lang='lat' dir='ltr'>percipi</span> 
     </span>
     <span class='ocr_line' id='line_1_17' title="bbox 188 1427 1333 1508; baseline -0.007 -15"><span class='ocrx_word' id='word_1_143' title='bbox 188 1429 292 1493; x_wconf 82' lang='lat' dir='ltr'><strong>voluit.</strong></span> <span class='ocrx_word' id='word_1_144' title='bbox 351 1429 481 1504; x_wconf 87' lang='lat' dir='ltr'><strong>Quoties</strong></span> <span class='ocrx_word' id='word_1_145' title='bbox 507 1429 586 1490; x_wconf 87' lang='lat' dir='ltr'><strong>enim</strong></span> <span class='ocrx_word' id='word_1_146' title='bbox 615 1428 714 1489; x_wconf 89' lang='lat' dir='ltr'><strong>Deum</strong></span> <span class='ocrx_word' id='word_1_147' title='bbox 746 1439 776 1488; x_wconf 91' lang='lat' dir='ltr'><strong>et</strong></span> <span class='ocrx_word' id='word_1_148' title='bbox 804 1427 955 1497; x_wconf 85' lang='lat' dir='ltr'><strong>homiuem</strong></span> <span class='ocrx_word' id='word_1_149' title='bbox 986 1429 1180 1508; x_wconf 77' lang='lat' dir='ltr'><strong>conspicimus</strong></span> <span class='ocrx_word' id='word_1_150' title='bbox 1209 1447 1241 1486; x_wconf 91' lang='lat' dir='ltr'><strong>m</strong></span> <span class='ocrx_word' id='word_1_151' title='bbox 1267 1449 1333 1486; x_wconf 80' lang='lat' dir='ltr'><strong>uua</strong></span> 
     </span>
     <span class='ocr_line' id='line_1_18' title="bbox 182 1503 1331 1586; baseline -0.002 -22"><span class='ocrx_word' id='word_1_152' title='bbox 182 1506 302 1571; x_wconf 72' lang='lat' dir='ltr'><strong>¹Christi</strong></span> <span class='ocrx_word' id='word_1_153' title='bbox 329 1525 473 1586; x_wconf 84' lang='lat' dir='ltr'><strong>persona,</strong></span> <span class='ocrx_word' id='word_1_154' title='bbox 511 1517 594 1566; x_wconf 88' lang='lat' dir='ltr'><strong>certo</strong></span> <span class='ocrx_word' id='word_1_155' title='bbox 626 1515 753 1566; x_wconf 82' lang='lat' dir='ltr'><strong>statuere</strong></span> <span class='ocrx_word' id='word_1_156' title='bbox 778 1503 864 1579; x_wconf 90' lang='lat' dir='ltr'><strong>licet,</strong></span> <span class='ocrx_word' id='word_1_157' title='bbox 899 1506 997 1567; x_wconf 83' lang='lat' dir='ltr'><strong>lleunr</strong></span> <span class='ocrx_word' id='word_1_158' title='bbox 1021 1527 1076 1565; x_wconf 87' lang='lat' dir='ltr'><strong>nos</strong></span> <span class='ocrx_word' id='word_1_159' title='bbox 1101 1503 1269 1585; x_wconf 88' lang='lat' dir='ltr'><strong>possidere,</strong></span> <span class='ocrx_word' id='word_1_160' title='bbox 1301 1503 1331 1564; x_wconf 92' lang='lat' dir='ltr'><strong>si</strong></span> 
     </span>
     <span class='ocr_line' id='line_1_19' title="bbox 191 1579 1332 1656; baseline -0.004 -14"><span class='ocrx_word' id='word_1_161' title='bbox 191 1583 312 1648; x_wconf 79' lang='lat' dir='ltr'><strong>Christo</strong></span> <span class='ocrx_word' id='word_1_162' title='bbox 339 1582 396 1642; x_wconf 86' lang='lat' dir='ltr'><strong>fide</strong></span> <span class='ocrx_word' id='word_1_163' title='bbox 423 1580 575 1642; x_wconf 88' lang='lat' dir='ltr'><strong>coniuncti</strong></span> <span class='ocrx_word' id='word_1_164' title='bbox 600 1603 706 1642; x_wconf 88' lang='lat' dir='ltr'><strong>sumus.</strong></span> <span class='ocrx_word' id='word_1_165' title='bbox 763 1580 855 1656; x_wconf 87' lang='lat' dir='ltr'><strong>Quod</strong></span> <span class='ocrx_word' id='word_1_166' title='bbox 881 1581 913 1642; x_wconf 91' lang='lat' dir='ltr'><strong>in</strong></span> <span class='ocrx_word' id='word_1_167' title='bbox 936 1581 1030 1644; x_wconf 83' lang='lat' dir='ltr'><strong>verbo</strong></span> <span class='ocrx_word' id='word_1_168' title='bbox 1053 1579 1176 1642; x_wconf 81' lang='lat' dir='ltr'><strong>vorandi</strong></span> <span class='ocrx_word' id='word_1_169' title='bbox 1198 1591 1332 1640; x_wconf 87' lang='lat' dir='ltr'><strong>mutatus</strong></span> 
     </span>
     <span class='ocr_line' id='line_1_20' title="bbox 191 1655 1329 1738; baseline -0.004 -18"><span class='ocrx_word' id='word_1_170' title='bbox 191 1669 237 1720; x_wconf 87' lang='lat' dir='ltr'><strong>est</strong></span> <span class='ocrx_word' id='word_1_171' title='bbox 254 1679 403 1732; x_wconf 87' lang='lat' dir='ltr'><strong>numerus,</strong></span> <span class='ocrx_word' id='word_1_172' title='bbox 421 1655 541 1717; x_wconf 87' lang='lat' dir='ltr'><strong>minime</strong></span> <span class='ocrx_word' id='word_1_173' title='bbox 561 1658 778 1718; x_wconf 75' lang='lat' dir='ltr'><strong>dissentaneum</strong></span> <span class='ocrx_word' id='word_1_174' title='bbox 799 1670 843 1718; x_wconf 89' lang='lat' dir='ltr'><strong>est</strong></span> <span class='ocrx_word' id='word_1_175' title='bbox 862 1657 898 1718; x_wconf 81' lang='lat' dir='ltr'><strong>ab</strong></span> <span class='ocrx_word' id='word_1_176' title='bbox 919 1657 969 1732; x_wconf 87' lang='lat' dir='ltr'><strong>iis,</strong></span> <span class='ocrx_word' id='word_1_177' title='bbox 990 1657 1164 1738; x_wconf 78' lang='lat' dir='ltr'><strong>quae“prius</strong></span> <span class='ocrx_word' id='word_1_178' title='bbox 1185 1655 1329 1716; x_wconf 88' lang='lat' dir='ltr'><strong>disserui:</strong></span> 
     </span>
     <span class='ocr_line' id='line_1_21' title="bbox 102 1732 1330 1823; baseline -0.003 -27"><span class='ocrx_word' id='word_1_179' title='bbox 102 1757 107 1768; x_wconf 73' lang='lat'><strong><em>¹</em></strong></span> <span class='ocrx_word' id='word_1_180' title='bbox 190 1755 279 1796; x_wconf 89' lang='lat' dir='ltr'><strong>unam</strong></span> <span class='ocrx_word' id='word_1_181' title='bbox 301 1734 420 1823; x_wconf 73' lang='lat' dir='ltr'><strong>quidem</strong></span> <span class='ocrx_word' id='word_1_182' title='bbox 439 1733 585 1814; x_wconf 83' lang='lat' dir='ltr'><strong>virginem</strong></span> <span class='ocrx_word' id='word_1_183' title='bbox 605 1733 764 1814; x_wconf 81' lang='lat' dir='ltr'><strong>alloquitur</strong></span> <span class='ocrx_word' id='word_1_184' title='bbox 781 1732 951 1814; x_wconf 79' lang='lat' dir='ltr'><strong>Propheta,</strong></span> <span class='ocrx_word' id='word_1_185' title='bbox 971 1746 1001 1794; x_wconf 89' lang='lat' dir='ltr'><strong>et</strong></span> <span class='ocrx_word' id='word_1_186' title='bbox 1019 1733 1088 1796; x_wconf 90' lang='lat' dir='ltr'><strong>ideo</strong></span> <span class='ocrx_word' id='word_1_187' title='bbox 1108 1732 1237 1796; x_wconf 75' lang='lat' dir='ltr'><strong>secunda</strong></span> <span class='ocrx_word' id='word_1_188' title='bbox 1256 1754 1330 1813; x_wconf 85' lang='lat' dir='ltr'><strong>per-</strong></span> 
     </span>
     <span class='ocr_line' id='line_1_22' title="bbox 122 1808 1332 1892; baseline -0.003 -20"><span class='ocrx_word' id='word_1_189' title='bbox 122 1813 125 1820; x_wconf 83' lang='lat'>&#39;</span> <span class='ocrx_word' id='word_1_190' title='bbox 190 1829 264 1872; x_wconf 80' lang='lat' dir='ltr'><strong>eona</strong></span> <span class='ocrx_word' id='word_1_191' title='bbox 283 1821 390 1884; x_wconf 79' lang='lat' dir='ltr'><strong>ututur,</strong></span> <span class='ocrx_word' id='word_1_192' title='bbox 421 1808 561 1872; x_wconf 77' lang='lat' dir='ltr'><strong>Vocabis.</strong></span> <span class='ocrx_word' id='word_1_193' title='bbox 600 1809 660 1870; x_wconf 83' lang='lat' dir='ltr'><strong>Sed</strong></span> <span class='ocrx_word' id='word_1_194' title='bbox 681 1831 715 1870; x_wconf 87' lang='lat' dir='ltr'><strong>ex</strong></span> <span class='ocrx_word' id='word_1_195' title='bbox 734 1829 793 1890; x_wconf 93' lang='lat' dir='ltr'><strong>quo</strong></span> <span class='ocrx_word' id='word_1_196' title='bbox 836 1809 1033 1892; x_wconf 81' lang='lat' dir='ltr'><strong>romulgatunr</strong></span> <span class='ocrx_word' id='word_1_197' title='bbox 1052 1811 1109 1870; x_wconf 86' lang='lat' dir='ltr'><strong>suit</strong></span> <span class='ocrx_word' id='word_1_198' title='bbox 1127 1811 1183 1871; x_wconf 89' lang='lat' dir='ltr'><strong>hoc</strong></span> <span class='ocrx_word' id='word_1_199' title='bbox 1202 1831 1332 1884; x_wconf 90' lang='lat' dir='ltr'><strong>nomen,</strong></span> 
     </span>
     <span class='ocr_line' id='line_1_23' title="bbox 191 1831 1330 1975; baseline -0.003 -26"><span class='ocrx_word' id='word_1_200' title='bbox 191 1886 354 1949; x_wconf 88' lang='lat' dir='ltr'><strong>communis</strong></span> <span class='ocrx_word' id='word_1_201' title='bbox 370 1885 491 1975; x_wconf 88' lang='lat' dir='ltr'><strong>piorum</strong></span> <span class='ocrx_word' id='word_1_202' title='bbox 511 1885 641 1946; x_wconf 88' lang='lat' dir='ltr'><strong>omnium</strong></span> <span class='ocrx_word' id='word_1_203' title='bbox 660 1887 734 1948; x_wconf 86' lang='lat' dir='ltr'><strong>haec</strong></span> <span class='ocrx_word' id='word_1_204' title='bbox 755 1831 902 1948; x_wconf 81' lang='lat' dir='ltr'><strong>conlessto</strong></span> <span class='ocrx_word' id='word_1_205' title='bbox 923 1898 977 1963; x_wconf 86' lang='lat' dir='ltr'><strong>est,</strong></span> <span class='ocrx_word' id='word_1_206' title='bbox 997 1888 1077 1968; x_wconf 91' lang='lat' dir='ltr'><strong>quod</strong></span> <span class='ocrx_word' id='word_1_207' title='bbox 1087 1885 1169 1946; x_wconf 89' lang='lat' dir='ltr'><strong>Deus</strong></span> <span class='ocrx_word' id='word_1_208' title='bbox 1188 1906 1220 1946; x_wconf 87' lang='lat' dir='ltr'><strong>se</strong></span> <span class='ocrx_word' id='word_1_209' title='bbox 1237 1885 1330 1946; x_wconf 90' lang='lat' dir='ltr'><strong>uobis</strong></span> 
     </span>
     <span class='ocr_line' id='line_1_24' title="bbox 190 1960 685 2026; baseline -0.006 0"><span class='ocrx_word' id='word_1_210' title='bbox 190 1963 347 2026; x_wconf 76' lang='lat' dir='ltr'><strong>fruendum</strong></span> <span class='ocrx_word' id='word_1_211' title='bbox 368 1983 400 2021; x_wconf 90' lang='lat' dir='ltr'><strong>m</strong></span> <span class='ocrx_word' id='word_1_212' title='bbox 420 1960 540 2024; x_wconf 83' lang='lat' dir='ltr'><strong>Christo</strong></span> <span class='ocrx_word' id='word_1_213' title='bbox 562 1963 685 2023; x_wconf 80' lang='lat' dir='ltr'><strong>dederit</strong></span> 
     </span>
     <span class='ocr_line' id='line_1_25' title="bbox 95 2035 1330 2120; baseline -0.003 -19"><span class='ocrx_word' id='word_1_214' title='bbox 95 2045 96 2050; x_wconf 74' lang='grc'>’</span> <span class='ocrx_word' id='word_1_215' title='bbox 267 2045 314 2106; x_wconf 78' lang='grc'><strong>24.</strong></span> <span class='ocrx_word' id='word_1_216' title='bbox 346 2037 503 2100; x_wconf 63' lang='lat' dir='ltr'><strong>&amp;meus</strong></span> <span class='ocrx_word' id='word_1_217' title='bbox 521 2035 636 2114; x_wconf 73' lang='lat' dir='ltr'><strong>Ioseph.</strong></span> <span class='ocrx_word' id='word_1_218' title='bbox 668 2037 876 2120; x_wconf 88' lang='lat' dir='ltr'><strong>Promptitudo</strong></span> <span class='ocrx_word' id='word_1_219' title='bbox 897 2037 1043 2118; x_wconf 86' lang='lat' dir='ltr'><strong>obsequii,</strong></span> <span class='ocrx_word' id='word_1_220' title='bbox 1062 2057 1136 2120; x_wconf 86' lang='lat' dir='ltr'><strong>quae</strong></span> <span class='ocrx_word' id='word_1_221' title='bbox 1156 2037 1330 2100; x_wconf 84' lang='lat' dir='ltr'><strong>hicdeseri-</strong></span> 
     </span>
     <span class='ocr_line' id='line_1_26' title="bbox 191 2114 1331 2196; baseline -0.002 -19"><span class='ocrx_word' id='word_1_222' title='bbox 191 2115 282 2188; x_wconf 84' lang='lat' dir='ltr'><strong>bitur,</strong></span> <span class='ocrx_word' id='word_1_223' title='bbox 301 2136 364 2176; x_wconf 88' lang='lat' dir='ltr'><strong>non</strong></span> <span class='ocrx_word' id='word_1_224' title='bbox 383 2115 478 2176; x_wconf 86' lang='lat' dir='ltr'><strong>minus</strong></span> <span class='ocrx_word' id='word_1_225' title='bbox 498 2117 535 2176; x_wconf 85' lang='lat' dir='ltr'><strong>ad</strong></span> <span class='ocrx_word' id='word_1_226' title='bbox 554 2116 716 2177; x_wconf 82' lang='lat' dir='ltr'><strong>testandam</strong></span> <span class='ocrx_word' id='word_1_227' title='bbox 737 2114 942 2184; x_wconf 77' lang='lat' dir='ltr'><strong>certitudinem</strong></span> <span class='ocrx_word' id='word_1_228' title='bbox 963 2115 1162 2196; x_wconf 86' lang='lat' dir='ltr'><strong>fideiloseph,</strong></span> <span class='ocrx_word' id='word_1_229' title='bbox 1182 2137 1269 2194; x_wconf 88' lang='lat' dir='ltr'><strong>quam</strong></span> <span class='ocrx_word' id='word_1_230' title='bbox 1290 2117 1331 2175; x_wconf 88' lang='lat' dir='ltr'><strong>ad</strong></span> 
     </span>
     <span class='ocr_line' id='line_1_27' title="bbox 192 2191 1331 2273; baseline -0.001 -20"><span class='ocrx_word' id='word_1_231' title='bbox 192 2191 380 2254; x_wconf 85' lang='lat' dir='ltr'><strong>obedieutiae</strong></span> <span class='ocrx_word' id='word_1_232' title='bbox 406 2191 522 2252; x_wconf 84' lang='lat' dir='ltr'><strong>leudem</strong></span> <span class='ocrx_word' id='word_1_233' title='bbox 550 2191 634 2252; x_wconf 85' lang='lat' dir='ltr'><strong>facit:</strong></span> <span class='ocrx_word' id='word_1_234' title='bbox 663 2193 720 2254; x_wconf 89' lang='lat' dir='ltr'><strong>nisi</strong></span> <span class='ocrx_word' id='word_1_235' title='bbox 740 2191 818 2253; x_wconf 86' lang='lat' dir='ltr'><strong>enim</strong></span> <span class='ocrx_word' id='word_1_236' title='bbox 838 2203 988 2273; x_wconf 85' lang='lat' dir='ltr'><strong>exemptus</strong></span> <span class='ocrx_word' id='word_1_237' title='bbox 1009 2192 1110 2253; x_wconf 86' lang='lat' dir='ltr'><strong>fuisset</strong></span> <span class='ocrx_word' id='word_1_238' title='bbox 1129 2192 1225 2252; x_wconf 86' lang='lat' dir='ltr'><strong>omnis</strong></span> <span class='ocrx_word' id='word_1_239' title='bbox 1244 2213 1331 2252; x_wconf 88' lang='lat' dir='ltr'><strong>scru-</strong></span> 
     </span>
     <span class='ocr_line' id='line_1_28' title="bbox 115 2267 1331 2359; baseline 0 -31"><span class='ocrx_word' id='word_1_240' title='bbox 115 2295 118 2305; x_wconf 91' lang='lat'><em>·</em></span> <span class='ocrx_word' id='word_1_241' title='bbox 192 2268 279 2350; x_wconf 88' lang='lat' dir='ltr'><strong>pulus</strong></span> <span class='ocrx_word' id='word_1_242' title='bbox 302 2267 463 2349; x_wconf 81' lang='lat' dir='ltr'><strong>&#39;probeque</strong></span> <span class='ocrx_word' id='word_1_243' title='bbox 491 2267 591 2330; x_wconf 85' lang='lat' dir='ltr'><strong>sedata</strong></span> <span class='ocrx_word' id='word_1_244' title='bbox 622 2269 683 2329; x_wconf 92' lang='lat' dir='ltr'><strong>eius</strong></span> <span class='ocrx_word' id='word_1_245' title='bbox 707 2267 902 2342; x_wconf 86' lang='lat' dir='ltr'><strong>couscientia,</strong></span> <span class='ocrx_word' id='word_1_246' title='bbox 940 2288 1089 2359; x_wconf 85' lang='lat' dir='ltr'><strong>nunquam</strong></span> <span class='ocrx_word' id='word_1_247' title='bbox 1115 2268 1155 2330; x_wconf 87' lang='lat' dir='ltr'><strong>ita</strong></span> <span class='ocrx_word' id='word_1_248' title='bbox 1181 2268 1331 2342; x_wconf 82' lang='lat' dir='ltr'><strong>alacriter,</strong></span> 
     </span>
     <span class='ocr_line' id='line_1_29' title="bbox 191 2341 1332 2437; baseline -0.002 -31"><span class='ocrx_word' id='word_1_249' title='bbox 191 2357 306 2406; x_wconf 85' lang='lat' dir='ltr'><strong>mutato</strong></span> <span class='ocrx_word' id='word_1_250' title='bbox 325 2355 449 2437; x_wconf 80' lang='lat' dir='ltr'><strong>repente</strong></span> <span class='ocrx_word' id='word_1_251' title='bbox 469 2341 609 2420; x_wconf 90' lang='lat' dir='ltr'><strong>consilio,</strong></span> <span class='ocrx_word' id='word_1_252' title='bbox 634 2366 755 2406; x_wconf 83' lang='lat' dir='ltr'><strong>uxorem</strong></span> <span class='ocrx_word' id='word_1_253' title='bbox 774 2345 956 2424; x_wconf 80' lang='lat' dir='ltr'><strong>sumpsisset,</strong></span> <span class='ocrx_word' id='word_1_254' title='bbox 976 2365 1056 2406; x_wconf 82' lang='lat' dir='ltr'><strong>curus</strong></span> <span class='ocrx_word' id='word_1_255' title='bbox 1076 2343 1276 2405; x_wconf 89' lang='lat' dir='ltr'><strong>contubernio</strong></span> <span class='ocrx_word' id='word_1_256' title='bbox 1296 2366 1332 2405; x_wconf 90' lang='lat' dir='ltr'><strong>se</strong></span> 
     </span>
     <span class='ocr_line' id='line_1_30' title="bbox 215 2419 1330 2502; baseline 0 -20"><span class='ocrx_word' id='word_1_257' title='bbox 215 2421 338 2482; x_wconf 89' lang='lat' dir='ltr'><strong>ollutum</strong></span> <span class='ocrx_word' id='word_1_258' title='bbox 363 2422 399 2482; x_wconf 88' lang='lat' dir='ltr'><strong>rri</strong></span> <span class='ocrx_word' id='word_1_259' title='bbox 424 2442 520 2501; x_wconf 89' lang='lat' dir='ltr'><strong>nuper</strong></span> <span class='ocrx_word' id='word_1_260' title='bbox 547 2420 694 2482; x_wconf 89' lang='lat' dir='ltr'><strong>censebat.</strong></span> <span class='ocrx_word' id='word_1_261' title='bbox 733 2423 837 2501; x_wconf 82' lang='lat' dir='ltr'><strong>Itaque</strong></span> <span class='ocrx_word' id='word_1_262' title='bbox 857 2421 974 2482; x_wconf 84' lang='lat' dir='ltr'><strong>somnio</strong></span> <span class='ocrx_word' id='word_1_263' title='bbox 993 2419 1133 2502; x_wconf 78' lang='lat' dir='ltr'><strong>impressa</strong></span> <span class='ocrx_word' id='word_1_264' title='bbox 1153 2421 1211 2481; x_wconf 86' lang='lat' dir='ltr'><strong>suit</strong></span> <span class='ocrx_word' id='word_1_265' title='bbox 1229 2421 1330 2500; x_wconf 78' lang='lat' dir='ltr'><strong>eliqua</strong></span> 
     </span>
     <span class='ocr_line' id='line_1_31' title="bbox 190 2443 1331 2589; baseline 0.002 -31"><span class='ocrx_word' id='word_1_266' title='bbox 190 2443 361 2558; x_wconf 72' lang='lat' dir='ltr'><strong>ilirinitatis</strong></span> <span class='ocrx_word' id='word_1_267' title='bbox 381 2511 468 2574; x_wconf 88' lang='lat' dir='ltr'><strong>nota,</strong></span> <span class='ocrx_word' id='word_1_268' title='bbox 493 2518 568 2578; x_wconf 86' lang='lat' dir='ltr'><strong>quae</strong></span> <span class='ocrx_word' id='word_1_269' title='bbox 588 2498 649 2559; x_wconf 88' lang='lat' dir='ltr'><strong>eius</strong></span> <span class='ocrx_word' id='word_1_270' title='bbox 669 2497 797 2560; x_wconf 88' lang='lat' dir='ltr'><strong>animum</strong></span> <span class='ocrx_word' id='word_1_271' title='bbox 817 2497 951 2558; x_wconf 85' lang='lat' dir='ltr'><strong>fluctuari</strong></span> <span class='ocrx_word' id='word_1_272' title='bbox 970 2517 1033 2558; x_wconf 91' lang='lat' dir='ltr'><strong>nou</strong></span> <span class='ocrx_word' id='word_1_273' title='bbox 1051 2497 1169 2560; x_wconf 88' lang='lat' dir='ltr'><strong>sineret.</strong></span> <span class='ocrx_word' id='word_1_274' title='bbox 1209 2497 1331 2589; x_wconf 82' lang='lat' dir='ltr'><strong>Sequu-</strong></span> 
     </span>
     <span class='ocr_line' id='line_1_32' title="bbox 191 2572 1333 2656; baseline -0.003 -17"><span class='ocrx_word' id='word_1_275' title='bbox 191 2585 238 2639; x_wconf 75' lang='grc' dir='ltr'><strong>ιω</strong></span> <span class='ocrx_word' id='word_1_276' title='bbox 263 2587 309 2635; x_wconf 89' lang='lat' dir='ltr'><strong>est</strong></span> <span class='ocrx_word' id='word_1_277' title='bbox 332 2575 439 2636; x_wconf 88' lang='lat' dir='ltr'><strong>deiude</strong></span> <span class='ocrx_word' id='word_1_278' title='bbox 463 2573 533 2634; x_wconf 86' lang='lat' dir='ltr'><strong>fidei</strong></span> <span class='ocrx_word' id='word_1_279' title='bbox 554 2573 694 2652; x_wconf 79' lang='lat' dir='ltr'><strong>effectus,</strong></span> <span class='ocrx_word' id='word_1_280' title='bbox 725 2575 805 2654; x_wconf 92' lang='lat' dir='ltr'><strong>quod</strong></span> <span class='ocrx_word' id='word_1_281' title='bbox 825 2574 924 2656; x_wconf 83' lang='lat' dir='ltr'><strong>agnita</strong></span> <span class='ocrx_word' id='word_1_282' title='bbox 943 2573 1003 2634; x_wconf 91' lang='lat' dir='ltr'><strong>Dei</strong></span> <span class='ocrx_word' id='word_1_283' title='bbox 1022 2572 1173 2638; x_wconf 86' lang='lat' dir='ltr'><strong>voluntate</strong></span> <span class='ocrx_word' id='word_1_284' title='bbox 1192 2587 1333 2655; x_wconf 90' lang='lat' dir='ltr'><strong>protmus</strong></span> 
     </span>
     <span class='ocr_line' id='line_1_33' title="bbox 194 2650 1212 2732; baseline -0.005 -18"><span class='ocrx_word' id='word_1_285' title='bbox 194 2650 414 2732; x_wconf 77' lang='lat' dir='ltr'><strong>adpetendum</strong></span> <span class='ocrx_word' id='word_1_286' title='bbox 434 2671 465 2712; x_wconf 90' lang='lat' dir='ltr'><strong>se</strong></span> <span class='ocrx_word' id='word_1_287' title='bbox 486 2651 619 2712; x_wconf 80' lang='lat' dir='ltr'><strong>accinxit</strong></span> <span class='ocrx_word' id='word_1_288' title='bbox 1200 2688 1212 2700; x_wconf 79' lang='lat'><em>-</em></span> 
     </span>
     <span class='ocr_line' id='line_1_34' title="bbox 267 2725 1323 2819; baseline 0.003 -33"><span class='ocrx_word' id='word_1_289' title='bbox 267 2735 316 2794; x_wconf 81' lang='grc'><strong>25.</strong></span> <span class='ocrx_word' id='word_1_290' title='bbox 362 2727 434 2786; x_wconf 78' lang='lat' dir='ltr'><strong>Non</strong></span> <span class='ocrx_word' id='word_1_291' title='bbox 460 2728 592 2804; x_wconf 70' lang='lat' dir='ltr'><strong>cognorit</strong></span> <span class='ocrx_word' id='word_1_292' title='bbox 619 2733 688 2790; x_wconf 72' lang='lat' dir='ltr'><strong>sont</strong></span> <span class='ocrx_word' id='word_1_293' title='bbox 713 2739 764 2788; x_wconf 82' lang='lat' dir='ltr'><strong>eto.</strong></span> <span class='ocrx_word' id='word_1_294' title='bbox 824 2725 918 2786; x_wconf 89' lang='lat' dir='ltr'><strong>Huius</strong></span> <span class='ocrx_word' id='word_1_295' title='bbox 943 2725 1002 2789; x_wconf 86' lang='lat' dir='ltr'><strong>loci</strong></span> <span class='ocrx_word' id='word_1_296' title='bbox 1026 2739 1177 2808; x_wconf 87' lang='lat' dir='ltr'><strong>praetextu</strong></span> <span class='ocrx_word' id='word_1_297' title='bbox 1200 2747 1323 2819; x_wconf 78' lang='lat' dir='ltr'><strong>magnas</strong></span> 
     </span>
    </p>
   </div>
   <div class='ocr_carea' id='block_1_4' title="bbox 81 2802 1333 3168">
    <p class='ocr_par' dir='ltr' id='par_1_4' title="bbox 81 2802 1333 3168">
     <span class='ocr_line' id='line_1_35' title="bbox 215 2802 1330 2886; baseline -0.001 -22"><span class='ocrx_word' id='word_1_298' title='bbox 215 2803 343 2865; x_wconf 86' lang='lat' dir='ltr'><strong>nondam</strong></span> <span class='ocrx_word' id='word_1_299' title='bbox 362 2804 462 2864; x_wconf 80' lang='lat' dir='ltr'><strong>turbas</strong></span> <span class='ocrx_word' id='word_1_300' title='bbox 482 2803 737 2866; x_wconf 83' lang='lat' dir='ltr'><strong>movitldelvidius</strong></span> <span class='ocrx_word' id='word_1_301' title='bbox 757 2803 789 2864; x_wconf 90' lang='lat' dir='ltr'><strong>in</strong></span> <span class='ocrx_word' id='word_1_302' title='bbox 801 2802 947 2864; x_wconf 86' lang='lat' dir='ltr'><strong>Ecclesia:</strong></span> <span class='ocrx_word' id='word_1_303' title='bbox 968 2805 1048 2884; x_wconf 90' lang='lat' dir='ltr'><strong>quod</strong></span> <span class='ocrx_word' id='word_1_304' title='bbox 1066 2805 1137 2866; x_wconf 87' lang='lat' dir='ltr'><strong>inde</strong></span> <span class='ocrx_word' id='word_1_305' title='bbox 1158 2803 1330 2886; x_wconf 77' lang='lat' dir='ltr'><strong>colligeret,</strong></span> 
     </span>
     <span class='ocr_line' id='line_1_36' title="bbox 193 2825 1331 2964; baseline 0.003 -25"><span class='ocrx_word' id='word_1_306' title='bbox 193 2825 317 2946; x_wconf 59' lang='lat' dir='ltr'><strong>ildariam</strong></span> <span class='ocrx_word' id='word_1_307' title='bbox 336 2899 399 2940; x_wconf 90' lang='lat' dir='ltr'><strong>uon</strong></span> <span class='ocrx_word' id='word_1_308' title='bbox 418 2880 474 2939; x_wconf 91' lang='lat' dir='ltr'><strong>uisi</strong></span> <span class='ocrx_word' id='word_1_309' title='bbox 494 2883 531 2941; x_wconf 87' lang='lat' dir='ltr'><strong>ad</strong></span> <span class='ocrx_word' id='word_1_310' title='bbox 551 2882 677 2961; x_wconf 87' lang='lat' dir='ltr'><strong>primum</strong></span> <span class='ocrx_word' id='word_1_311' title='bbox 696 2901 787 2961; x_wconf 89' lang='lat' dir='ltr'><strong>usque</strong></span> <span class='ocrx_word' id='word_1_312' title='bbox 807 2890 922 2958; x_wconf 83' lang='lat' dir='ltr'><strong>partum</strong></span> <span class='ocrx_word' id='word_1_313' title='bbox 941 2879 1087 2964; x_wconf 82' lang='lat' dir='ltr'><strong>virginem</strong></span> <span class='ocrx_word' id='word_1_314' title='bbox 1106 2881 1205 2956; x_wconf 78' lang='lat' dir='ltr'><strong>fuisse,</strong></span> <span class='ocrx_word' id='word_1_315' title='bbox 1225 2892 1331 2960; x_wconf 85' lang='lat' dir='ltr'><strong>postea</strong></span> 
     </span>
     <span class='ocr_line' id='line_1_37' title="bbox 194 2955 1333 3039; baseline 0 -23"><span class='ocrx_word' id='word_1_316' title='bbox 194 2967 293 3016; x_wconf 87' lang='lat' dir='ltr'><strong>autem</strong></span> <span class='ocrx_word' id='word_1_317' title='bbox 318 2976 353 3014; x_wconf 85' lang='lat' dir='ltr'><strong>ex</strong></span> <span class='ocrx_word' id='word_1_318' title='bbox 376 2956 482 3018; x_wconf 88' lang='lat' dir='ltr'><strong>marito</strong></span> <span class='ocrx_word' id='word_1_319' title='bbox 507 2957 654 3018; x_wconf 86' lang='lat' dir='ltr'><strong>sustulisse</strong></span> <span class='ocrx_word' id='word_1_320' title='bbox 681 2955 755 3016; x_wconf 84' lang='lat' dir='ltr'><strong>alios</strong></span> <span class='ocrx_word' id='word_1_321' title='bbox 779 2955 899 3016; x_wconf 89' lang='lat' dir='ltr'><strong>liberos.</strong></span> <span class='ocrx_word' id='word_1_322' title='bbox 938 2956 1086 3038; x_wconf 88' lang='lat' dir='ltr'><strong>Perpetua</strong></span> <span class='ocrx_word' id='word_1_323' title='bbox 1106 2958 1217 3018; x_wconf 87' lang='lat' dir='ltr'><strong>Mariae</strong></span> <span class='ocrx_word' id='word_1_324' title='bbox 1237 2957 1333 3039; x_wconf 88' lang='lat' dir='ltr'><strong>virgi-</strong></span> 
     </span>
     <span class='ocr_line' id='line_1_38' title="bbox 81 3031 1333 3168; baseline 0.003 -76"><span class='ocrx_word' id='word_1_325' title='bbox 81 3071 85 3092; x_wconf 69' lang='grc' dir='ltr'><strong>ι</strong></span> <span class='ocrx_word' id='word_1_326' title='bbox 194 3032 270 3094; x_wconf 87' lang='lat' dir='ltr'><strong>nitas</strong></span> <span class='ocrx_word' id='word_1_327' title='bbox 296 3031 403 3092; x_wconf 86' lang='lat' dir='ltr'><strong>acriter</strong></span> <span class='ocrx_word' id='word_1_328' title='bbox 427 3044 459 3094; x_wconf 90' lang='lat' dir='ltr'><strong>et</strong></span> <span class='ocrx_word' id='word_1_329' title='bbox 482 3033 604 3168; x_wconf 76' lang='lat' dir='ltr'><strong>copiose</strong></span> <span class='ocrx_word' id='word_1_330' title='bbox 630 3033 666 3093; x_wconf 86' lang='lat' dir='ltr'><strong>ab</strong></span> <span class='ocrx_word' id='word_1_331' title='bbox 693 3033 880 3113; x_wconf 83' lang='lat' dir='ltr'><strong>Hieronymo</strong></span> <span class='ocrx_word' id='word_1_332' title='bbox 907 3031 1029 3094; x_wconf 77' lang='lat' dir='ltr'><strong>defensa</strong></span> <span class='ocrx_word' id='word_1_333' title='bbox 1056 3035 1119 3096; x_wconf 87' lang='lat' dir='ltr'><strong>luit</strong></span> <span class='ocrx_word' id='word_1_334' title='bbox 1157 3033 1252 3094; x_wconf 91' lang='lat' dir='ltr'><strong>Nobis</strong></span> <span class='ocrx_word' id='word_1_335' title='bbox 1272 3034 1333 3096; x_wconf 89' lang='lat' dir='ltr'><strong>hoc</strong></span> 
     </span>
    </p>
   </div>
   <div class='ocr_carea' id='block_1_5' title="bbox 133 3108 1334 3707">
    <p class='ocr_par' dir='ltr' id='par_1_5' title="bbox 133 3108 1334 3707">
     <span class='ocr_line' id='line_1_39' title="bbox 194 3108 1321 3193; baseline 0.001 -25"><span class='ocrx_word' id='word_1_336' title='bbox 194 3129 285 3168; x_wconf 89' lang='lat' dir='ltr'><strong>uuum</strong></span> <span class='ocrx_word' id='word_1_337' title='bbox 311 3108 452 3184; x_wconf 83' lang='lat' dir='ltr'><strong>sufficiat,</strong></span> <span class='ocrx_word' id='word_1_338' title='bbox 481 3121 527 3170; x_wconf 89' lang='lat' dir='ltr'><strong>stu</strong></span> <span class='ocrx_word' id='word_1_339' title='bbox 538 3121 568 3171; x_wconf 88' lang='lat' dir='ltr'><strong>te</strong></span> <span class='ocrx_word' id='word_1_340' title='bbox 594 3119 624 3170; x_wconf 90' lang='lat' dir='ltr'><strong>et</strong></span> <span class='ocrx_word' id='word_1_341' title='bbox 648 3128 803 3190; x_wconf 88' lang='lat' dir='ltr'><strong>perperam</strong></span> <span class='ocrx_word' id='word_1_342' title='bbox 823 3129 858 3168; x_wconf 79' lang='lat' dir='ltr'><strong>ex</strong></span> <span class='ocrx_word' id='word_1_343' title='bbox 876 3109 975 3170; x_wconf 84' lang='lat' dir='ltr'><strong>verbis</strong></span> <span class='ocrx_word' id='word_1_344' title='bbox 993 3110 1199 3193; x_wconf 78' lang='lat' dir='ltr'><strong>Evangelistae</strong></span> <span class='ocrx_word' id='word_1_345' title='bbox 1220 3108 1321 3192; x_wconf 81' lang='lat' dir='ltr'><strong>colligi</strong></span> 
     </span>
     <span class='ocr_line' id='line_1_40' title="bbox 196 3155 1334 3322; baseline 0.004 -79"><span class='ocrx_word' id='word_1_346' title='bbox 196 3184 267 3264; x_wconf 90' lang='lat' dir='ltr'><strong>quid</strong></span> <span class='ocrx_word' id='word_1_347' title='bbox 278 3195 356 3320; x_wconf 55' lang='lat' dir='ltr'><strong>post</strong></span> <span class='ocrx_word' id='word_1_348' title='bbox 375 3185 525 3278; x_wconf 77' lang='lat' dir='ltr'><strong>Clrristum</strong></span> <span class='ocrx_word' id='word_1_349' title='bbox 537 3185 836 3277; x_wconf 35' lang='lat' dir='ltr'><strong>‚natum-contigerit</strong></span> <span class='ocrx_word' id='word_1_350' title='bbox 854 3186 1007 3278; x_wconf 39' lang='lat' dir='ltr'><strong>,Vocatur</strong></span> <span class='ocrx_word' id='word_1_351' title='bbox 1027 3186 1261 3322; x_wconf 50' lang='grc' dir='ltr'><strong>ριίιιιοςιιιιίἓιιιΙ</strong></span> <span class='ocrx_word' id='word_1_352' title='bbox 1278 3155 1334 3248; x_wconf 89' lang='lat' dir='ltr'><strong>sed</strong></span> 
     </span>
     <span class='ocr_line' id='line_1_41' title="bbox 194 3273 1334 3420; baseline 0.004 -24"><span class='ocrx_word' id='word_1_353' title='bbox 194 3273 472 3417; x_wconf 55' lang='lat' dir='ltr'><strong>mpttttttt</strong></span> <span class='ocrx_word' id='word_1_354' title='bbox 489 3274 815 3413; x_wconf 56' lang='lat' dir='ltr'><strong>llliiilillii&#39;d?</strong></span> <span class='ocrx_word' id='word_1_355' title='bbox 827 3283 1037 3418; x_wconf 52' lang='lat' dir='ltr'><strong>{iiiiii</strong></span> <span class='ocrx_word' id='word_1_356' title='bbox 1051 3276 1175 3420; x_wconf 60' lang='grc' dir='ltr'><strong>ζῐῗὲἰῑι</strong></span> <span class='ocrx_word' id='word_1_357' title='bbox 1195 3274 1334 3401; x_wconf 64' lang='lat' dir='ltr'><strong>,stit</strong></span> 
     </span>
     <span class='ocr_line' id='line_1_42' title="bbox 194 3412 1333 3498; baseline 0.005 -26"><span class='ocrx_word' id='word_1_358' title='bbox 194 3421 311 3494; x_wconf 87' lang='lat' dir='ltr'><strong>tempus</strong></span> <span class='ocrx_word' id='word_1_359' title='bbox 331 3415 529 3498; x_wconf 81' lang='lat' dir='ltr'><strong>restringitur.</strong></span> <span class='ocrx_word' id='word_1_360' title='bbox 570 3412 653 3489; x_wconf 89' lang='lat' dir='ltr'><strong>Quid</strong></span> <span class='ocrx_word' id='word_1_361' title='bbox 672 3425 775 3495; x_wconf 86' lang='lat' dir='ltr'><strong>postea</strong></span> <span class='ocrx_word' id='word_1_362' title='bbox 795 3427 949 3493; x_wconf 89' lang='lat' dir='ltr'><strong>sequutum</strong></span> <span class='ocrx_word' id='word_1_363' title='bbox 969 3415 1017 3492; x_wconf 80' lang='lat' dir='ltr'><strong>sit,</strong></span> <span class='ocrx_word' id='word_1_364' title='bbox 1037 3437 1099 3478; x_wconf 90' lang='lat' dir='ltr'><strong>non</strong></span> <span class='ocrx_word' id='word_1_365' title='bbox 1118 3415 1236 3476; x_wconf 86' lang='lat' dir='ltr'><strong>indicat</strong></span> <span class='ocrx_word' id='word_1_366' title='bbox 1269 3417 1333 3478; x_wconf 88' lang='lat' dir='ltr'><strong>Ta-</strong></span> 
     </span>
     <span class='ocr_line' id='line_1_43' title="bbox 195 3489 1333 3573; baseline 0.005 -25"><span class='ocrx_word' id='word_1_367' title='bbox 195 3489 254 3550; x_wconf 88' lang='lat' dir='ltr'><strong>lem</strong></span> <span class='ocrx_word' id='word_1_368' title='bbox 275 3511 336 3550; x_wconf 88' lang='lat' dir='ltr'><strong>esse</strong></span> <span class='ocrx_word' id='word_1_369' title='bbox 349 3491 519 3572; x_wconf 80' lang='lat' dir='ltr'><strong>Scripturas</strong></span> <span class='ocrx_word' id='word_1_370' title='bbox 539 3512 622 3551; x_wconf 89' lang='lat' dir='ltr'><strong>nsum</strong></span> <span class='ocrx_word' id='word_1_371' title='bbox 643 3490 711 3551; x_wconf 86' lang='lat' dir='ltr'><strong>satis</strong></span> <span class='ocrx_word' id='word_1_372' title='bbox 731 3501 835 3554; x_wconf 84' lang='lat' dir='ltr'><strong>notum</strong></span> <span class='ocrx_word' id='word_1_373' title='bbox 854 3503 905 3552; x_wconf 82' lang='lat' dir='ltr'><strong>est</strong></span> <span class='ocrx_word' id='word_1_374' title='bbox 934 3495 975 3554; x_wconf 88' lang='lat' dir='ltr'><strong>Et</strong></span> <span class='ocrx_word' id='word_1_375' title='bbox 993 3505 1073 3556; x_wconf 85' lang='lat' dir='ltr'><strong>certe</strong></span> <span class='ocrx_word' id='word_1_376' title='bbox 1094 3512 1190 3561; x_wconf 37' lang='lat' dir='ltr'><strong>nemo,</strong></span> <span class='ocrx_word' id='word_1_377' title='bbox 1202 3514 1333 3573; x_wconf 89' lang='lat' dir='ltr'><strong>unquam</strong></span> 
     </span>
     <span class='ocr_line' id='line_1_44' title="bbox 133 3565 1333 3660; baseline 0.007 -34"><span class='ocrx_word' id='word_1_378' title='bbox 133 3593 135 3599; x_wconf 33' lang='lat' dir='ltr'>v</span> <span class='ocrx_word' id='word_1_379' title='bbox 195 3565 251 3656; x_wconf 64' lang='lat' dir='ltr'><strong>lunc</strong></span> <span class='ocrx_word' id='word_1_380' title='bbox 271 3566 307 3658; x_wconf 73' lang='lat' dir='ltr'><strong>de</strong></span> <span class='ocrx_word' id='word_1_381' title='bbox 327 3587 359 3658; x_wconf 73' lang='lat' dir='ltr'><strong>re</strong></span> <span class='ocrx_word' id='word_1_382' title='bbox 381 3568 584 3660; x_wconf 70' lang='lat' dir='ltr'><strong>quaestionem</strong></span> <span class='ocrx_word' id='word_1_383' title='bbox 602 3565 745 3658; x_wconf 46' lang='lat' dir='ltr'><strong>movebit·</strong></span> <span class='ocrx_word' id='word_1_384' title='bbox 753 3567 810 3627; x_wconf 89' lang='lat' dir='ltr'><strong>nisi</strong></span> <span class='ocrx_word' id='word_1_385' title='bbox 830 3569 978 3632; x_wconf 82' lang='lat' dir='ltr'><strong>curiosus:</strong></span> <span class='ocrx_word' id='word_1_386' title='bbox 999 3591 1087 3634; x_wconf 85' lang='lat' dir='ltr'><strong>nemo</strong></span> <span class='ocrx_word' id='word_1_387' title='bbox 1106 3589 1179 3636; x_wconf 83' lang='lat' dir='ltr'><strong>vero</strong></span> <span class='ocrx_word' id='word_1_388' title='bbox 1200 3569 1333 3651; x_wconf 84' lang='lat' dir='ltr'><strong>pertina-</strong></span> 
     </span>
     <span class='ocr_line' id='line_1_45' title="bbox 196 3654 837 3707; baseline 0.003 -3"><span class='ocrx_word' id='word_1_389' title='bbox 196 3654 271 3704; x_wconf 82' lang='lat' dir='ltr'><strong>erter</strong></span> <span class='ocrx_word' id='word_1_390' title='bbox 288 3655 404 3707; x_wconf 74' lang='lat' dir='ltr'><strong>insistet</strong></span> <span class='ocrx_word' id='word_1_391' title='bbox 421 3665 479 3706; x_wconf 77' lang='lat' dir='ltr'><strong>mss</strong></span> <span class='ocrx_word' id='word_1_392' title='bbox 498 3655 701 3706; x_wconf 77' lang='lat' dir='ltr'><strong>contentiosus</strong></span> <span class='ocrx_word' id='word_1_393' title='bbox 720 3655 837 3706; x_wconf 78' lang='lat' dir='ltr'><strong>rixator.</strong></span> 
     </span>
    </p>
   </div>
   <div class='ocr_carea' id='block_1_6' title="bbox 199 3919 1334 4424">
    <p class='ocr_par' dir='ltr' id='par_1_6' title="bbox 199 3919 1334 4424">
     <span class='ocr_line' id='line_1_46' title="bbox 240 3919 1334 4008; baseline 0.007 -18"><span class='ocrx_word' id='word_1_394' title='bbox 240 3923 331 4006; x_wconf 82' lang='lat'>(16.)</span> <span class='ocrx_word' id='word_1_395' title='bbox 374 3919 475 3995; x_wconf 81' lang='lat' dir='ltr'><strong>LUC.</strong></span> <span class='ocrx_word' id='word_1_396' title='bbox 502 3925 542 3990; x_wconf 86' lang='grc' dir='ltr'><strong>ΙΙ.</strong></span> <span class='ocrx_word' id='word_1_397' title='bbox 582 3923 610 3992; x_wconf 87' lang='grc'><strong>1.</strong></span> <span class='ocrx_word' id='word_1_398' title='bbox 640 3923 774 3994; x_wconf 79' lang='lat' dir='ltr'><strong>Factum</strong></span> <span class='ocrx_word' id='word_1_399' title='bbox 800 3937 848 3994; x_wconf 86' lang='lat' dir='ltr'><strong>est</strong></span> <span class='ocrx_word' id='word_1_400' title='bbox 875 3940 982 3994; x_wconf 85' lang='lat' dir='ltr'><strong>autem</strong></span> <span class='ocrx_word' id='word_1_401' title='bbox 1008 3925 1124 3994; x_wconf 86' lang='lat' dir='ltr'><strong>diebus</strong></span> <span class='ocrx_word' id='word_1_402' title='bbox 1145 3927 1227 4008; x_wconf 81' lang='lat' dir='ltr'><strong>illis,</strong></span> <span class='ocrx_word' id='word_1_403' title='bbox 1259 3933 1334 4000; x_wconf 86' lang='lat' dir='ltr'><strong>exilt</strong></span> 
     </span>
     <span class='ocr_line' id='line_1_47' title="bbox 200 4021 1333 4114; baseline 0.006 -24"><span class='ocrx_word' id='word_1_404' title='bbox 200 4021 339 4092; x_wconf 89' lang='lat' dir='ltr'><strong>edietum</strong></span> <span class='ocrx_word' id='word_1_405' title='bbox 368 4047 386 4090; x_wconf 88' lang='lat' dir='ltr'><strong>a</strong></span> <span class='ocrx_word' id='word_1_406' title='bbox 415 4023 558 4094; x_wconf 79' lang='lat' dir='ltr'><strong>Caesare</strong></span> <span class='ocrx_word' id='word_1_407' title='bbox 587 4027 748 4114; x_wconf 79' lang='lat' dir='ltr'><strong>Augusto,</strong></span> <span class='ocrx_word' id='word_1_408' title='bbox 779 4041 815 4096; x_wconf 88' lang='lat' dir='ltr'><strong>ut</strong></span> <span class='ocrx_word' id='word_1_409' title='bbox 837 4039 1023 4096; x_wconf 85' lang='lat' dir='ltr'><strong>censeretur</strong></span> <span class='ocrx_word' id='word_1_410' title='bbox 1042 4033 1211 4096; x_wconf 86' lang='lat' dir='ltr'><strong>universus</strong></span> <span class='ocrx_word' id='word_1_411' title='bbox 1233 4029 1333 4098; x_wconf 89' lang='lat' dir='ltr'><strong>orbis.</strong></span> 
     </span>
     <span class='ocr_line' id='line_1_48' title="bbox 199 4123 1333 4216; baseline 0.009 -28"><span class='ocrx_word' id='word_1_412' title='bbox 199 4125 229 4188; x_wconf 81' lang='lat'>2</span> <span class='ocrx_word' id='word_1_413' title='bbox 255 4125 347 4190; x_wconf 84' lang='lat' dir='ltr'><strong>Haeo</strong></span> <span class='ocrx_word' id='word_1_414' title='bbox 368 4123 543 4212; x_wconf 87' lang='lat' dir='ltr'><strong>descriptio</strong></span> <span class='ocrx_word' id='word_1_415' title='bbox 565 4129 667 4212; x_wconf 84' lang='lat' dir='ltr'><strong>prima</strong></span> <span class='ocrx_word' id='word_1_416' title='bbox 688 4128 770 4194; x_wconf 85' lang='lat' dir='ltr'><strong>iacta</strong></span> <span class='ocrx_word' id='word_1_417' title='bbox 792 4141 841 4196; x_wconf 87' lang='lat' dir='ltr'><strong>est</strong></span> <span class='ocrx_word' id='word_1_418' title='bbox 861 4129 1015 4196; x_wconf 86' lang='lat' dir='ltr'><strong>Praeside</strong></span> <span class='ocrx_word' id='word_1_419' title='bbox 1036 4131 1153 4216; x_wconf 79' lang='lat' dir='ltr'><strong>Syriae</strong></span> <span class='ocrx_word' id='word_1_420' title='bbox 1175 4131 1333 4214; x_wconf 83' lang='lat' dir='ltr'><strong>Cyrenio.</strong></span> 
     </span>
     <span class='ocr_line' id='line_1_49' title="bbox 200 4221 1333 4319; baseline 0.01 -32"><span class='ocrx_word' id='word_1_421' title='bbox 200 4223 229 4288; x_wconf 85' lang='lat'><strong>3.</strong></span> <span class='ocrx_word' id='word_1_422' title='bbox 256 4221 299 4288; x_wconf 86' lang='lat' dir='ltr'><strong>Et</strong></span> <span class='ocrx_word' id='word_1_423' title='bbox 320 4221 411 4291; x_wconf 88' lang='lat' dir='ltr'><strong>ibant</strong></span> <span class='ocrx_word' id='word_1_424' title='bbox 432 4247 544 4292; x_wconf 86' lang='lat' dir='ltr'><strong>omues</strong></span> <span class='ocrx_word' id='word_1_425' title='bbox 566 4237 601 4292; x_wconf 88' lang='lat' dir='ltr'><strong>ut</strong></span> <span class='ocrx_word' id='word_1_426' title='bbox 621 4229 871 4314; x_wconf 75' lang='lat' dir='ltr'><strong>profiterentur,</strong></span> <span class='ocrx_word' id='word_1_427' title='bbox 901 4233 936 4294; x_wconf 90' lang='lat' dir='ltr'><strong>in</strong></span> <span class='ocrx_word' id='word_1_428' title='bbox 957 4251 1046 4295; x_wconf 86' lang='lat' dir='ltr'><strong>suam</strong></span> <span class='ocrx_word' id='word_1_429' title='bbox 1068 4235 1205 4319; x_wconf 86' lang='lat' dir='ltr'><strong>quisque</strong></span> <span class='ocrx_word' id='word_1_430' title='bbox 1226 4234 1333 4298; x_wconf 87' lang='lat' dir='ltr'><strong>eivita-</strong></span> 
     </span>
     <span class='ocr_line' id='line_1_50' title="bbox 200 4323 1334 4424; baseline 0.009 -34"><span class='ocrx_word' id='word_1_431' title='bbox 200 4333 273 4390; x_wconf 88' lang='lat' dir='ltr'><strong>tom.</strong></span> <span class='ocrx_word' id='word_1_432' title='bbox 321 4323 353 4390; x_wconf 84' lang='lat' dir='ltr'><strong>t.</strong></span> <span class='ocrx_word' id='word_1_433' title='bbox 388 4323 544 4394; x_wconf 80' lang='lat' dir='ltr'><strong>Ascendit</strong></span> <span class='ocrx_word' id='word_1_434' title='bbox 572 4339 678 4399; x_wconf 83' lang='lat' dir='ltr'><strong>nutem</strong></span> <span class='ocrx_word' id='word_1_435' title='bbox 703 4343 736 4400; x_wconf 84' lang='lat' dir='ltr'><strong>et</strong></span> <span class='ocrx_word' id='word_1_436' title='bbox 755 4329 874 4418; x_wconf 83' lang='lat' dir='ltr'><strong>loseph</strong></span> <span class='ocrx_word' id='word_1_437' title='bbox 894 4351 913 4396; x_wconf 85' lang='lat' dir='ltr'><strong>a</strong></span> <span class='ocrx_word' id='word_1_438' title='bbox 934 4327 1086 4400; x_wconf 78' lang='lat' dir='ltr'><strong>Galilaea</strong></span> <span class='ocrx_word' id='word_1_439' title='bbox 1107 4354 1146 4424; x_wconf 82' lang='lat' dir='ltr'><strong>ex</strong></span> <span class='ocrx_word' id='word_1_440' title='bbox 1167 4329 1248 4398; x_wconf 80' lang='lat' dir='ltr'><strong>urbe</strong></span> <span class='ocrx_word' id='word_1_441' title='bbox 1268 4332 1334 4400; x_wconf 80' lang='lat' dir='ltr'><strong>Ne-</strong></span> 
     </span>
    </p>
   </div>
   <div class='ocr_carea' id='block_1_7' title="bbox 669 4623 679 4665">
    <p class='ocr_par' dir='ltr' id='par_1_7' title="bbox 669 4623 679 4665">
     <span class='ocr_line' id='line_1_51' title="bbox 669 4623 679 4665; baseline 0 0"><span class='ocrx_word' id='word_1_442' title='bbox 669 4623 679 4665; x_wconf 78' lang='lat' dir='ltr'><strong>l</strong></span> 
     </span>
    </p>
   </div>
   <div class='ocr_carea' id='block_1_8' title="bbox 0 0 1401 4834">
    <p class='ocr_par' dir='ltr' id='par_1_8' title="bbox 0 0 1401 4834">
     <span class='ocr_line' id='line_1_52' title="bbox 0 0 1401 4834; baseline 0 0"><span class='ocrx_word' id='word_1_443' title='bbox 0 0 1401 4834; x_wconf 95' lang='lat' dir='ltr'><strong> </strong></span> 
     </span>
    </p>
   </div>
  </div>
 </body>
</html>
