2756 4838
437 15 455 54 N

129 227 189 291 ass
285 217 403 283 snor.
422 217 526 282 nvn»
558 194 820 278 armisona
838 227 1127 277 messanam.

131 395 164 445 et
181 379 301 455 scribas,
321 391 484 454 omnesque
502 371 657 452 primores
692 369 776 428 Hace
795 365 891 430 autem
912 387 979 448 pars
999 377 1044 428 est
1062 367 1204 430 stultitiae
1226 389 1295 430 crn-
1362 378 1363 446 t

131 461 173 521 cis
205 458 285 538 qnod
303 455 397 525 Deus,
414 448 575 530 praeterita
594 447 695 506 mundi
716 445 897 520 excellentia,
917 445 998 524 quod
1017 445 1137 506 stultum
1160 457 1223 522 est,
1241 449 1294 508 de·
1362 453 1363 492 t

132 503 194 600 biti
215 547 244 594 et
264 539 467 608 contemptum
487 523 579 608 eligit.
617 521 734 584 Deinde
755 533 1004 594 commemorant,
1028 522 1128 582 bonos
1146 523 1216 583 iilos
1236 525 1294 584 Ec·
1363 561 1364 624 p

133 613 239 674 clesiae
251 609 311 669 Dei
331 603 478 687 praesides
497 602 644 662 rationem
664 601 809 678 quaesisse
829 598 972 679 perdendi
984 599 1111 660 Christi:
1130 601 1213 660 unde
1232 621 1295 659 see-
1361 635 1364 662 r

131 683 226 750 lerata
246 707 283 746 eo
368 681 503 761 impietas
524 680 638 740 detecta
658 677 723 737 snit
748 678 824 737 Nam
843 686 876 735 ut
895 675 951 734 iilis
964 675 1074 735 Christi
1095 676 1295 768 persequendi

132 768 207 827 iusta
227 761 313 824 fuisse
346 779 447 832 causa,
477 757 623 816 latronum
647 765 744 812 tamen
769 773 853 812 more
873 752 909 812 ad
930 753 1051 812 caedem
1075 769 1221 834 grassari,
1249 755 1296 814 vri
1364 746 1365 779 ¹

132 841 252 903 sicarios
272 838 347 898 clam
366 834 539 896 submittere
558 836 744 910 nctpuaquam
763 830 806 890 ias
826 829 890 889 init
916 828 1022 889 Tertio
1034 831 1158 903 docent,
1177 831 1297 910 impiam

132 917 252 979 illorum
272 910 522 1006 conspirationem
541 927 705 988 repressam
720 923 801 998 esse:
819 907 886 987 quia
907 893 1016 967 sicano
1036 907 1096 968 Dei
1115 907 1240 968 decreto
1261 908 1297 967 ad
1365 928 1366 986 p

132 1005 260 1057 mortem
280 1009 374 1053 minu
392 987 553 1056 destinatus
572 996 636 1046 erat
656 981 799 1046 Christus·
841 1000 850 1014 ·
916 1051 919 1072 5
1365 1001 1366 1008 κ

62 1353 65 1360 ,
217 1273 321 1355 (tin)
347 1243 521 1338 ΜΑΤΤΗ.ι
538 1265 624 1332 xxi.
664 1266 716 1332 23.
734 1264 778 1332 Et
799 1285 897 1351 quum
917 1263 1059 1330 venisset
1080 1266 1115 1330 io
1135 1262 1298 1361 templum,
1367 1296 1368 1362 p

136 1383 342 1452 accesserunt
368 1369 410 1437 ad
438 1391 511 1434 eum
542 1367 713 1435 docentem
741 1371 906 1455 principes
933 1364 1148 1435 Sacerdotem
1181 1377 1215 1436 et
1241 1367 1301 1432 Se·
1367 1369 1368 1376 ’

20 1533 40 1552 .,
102 1469 247 1552 ‘diores
267 1475 397 1567 populi,
436 1474 595 1553 dieentes,
627 1471 702 1558 Qua
723 1475 913 1539 auctoritate
936 1471 1016 1536 haec
1037 1469 1150 1534 iacis?—
1171 1479 1206 1535 et
1227 1473 1301 1557 quis
1368 1477 1369 1500 ¹

138 1585 230 1653 dedit
255 1582 327 1651 tibi,
342 1581 433 1646 istam
461 1578 703 1642 auctoritatem?
748 1575 801 1640 24.
829 1573 1048 1662 Respondens
1069 1582 1178 1639 autom
1199 1576 1301 1658 iesus,

106 1699 112 1713 '
135 1687 213 1755 dixit
235 1689 295 1763 eis,
319 1677 533 1764 Interrogabo
560 1699 620 1744 vos
642 1689 674 1744 et
701 1699 762 1764 ego
784 1678 952 1766 quiddam:
994 1673 1134 1764 quodsi
1157 1679 1300 1745 dixeritis
1369 1662 1370 1714 i

134 1789 227 1865 mihi,
259 1797 290 1851 et
313 1803 373 1868 ego
394 1777 490 1846 vohis
516 1779 635 1862 dicam,
667 1803 732 1869 qua
758 1787 948 1851 auctoritate
974 1781 1054 1848 haee
1081 1781 1208 1848 faciam.
1274 1785 1301 1853 ”.
1370 1846 1371 1868 p

134 1867 316 1978 Baptismus
342 1885 474 1950 loannis
501 1885 588 1951 node
617 1888 706 1952 erat?
746 1908 766 1952 e
797 1884 907 1963 coelo,
949 1905 990 1948 an
1022 1905 1061 1948 ex
1095 1885 1302 1954 hominihus?
1370 1871 1371 1912 ³

136 1991 250 2061 Atilii
269 1986 454 2076 cogitabant
475 1987 561 2073 apud
582 2009 617 2054 se
640 1988 802 2066 dicentes,
844 1989 878 2056 Si
902 1987 1089 2068 dixerimus,
1130 1989 1160 2054 Ε
1191 1989 1299 2056 coeio:
1371 2041 1372 2056 .

136 2093 223 2164 dioet
243 2091 356 2174 nobis,
390 2090 501 2182 Quare
525 2111 602 2175 ergo
624 2111 692 2158 nou
712 2087 896 2159 credidistis
917 2091 984 2158 illi?
1034 2093 1086 2158 26.
1112 2089 1172 2158 Sin
1195 2103 1299 2158 autem

24 2233 27 2240 ·
137 2199 328 2276 dixerimus,
354 2196 402 2260 Ex
423 2192 623 2274 hominibus,
651 2194 959 2282 timemus‘turbam:
977 2271 984 2280 .
1001 2215 1114 2261 omnes
1137 2198 1224 2260 enim
1247 2195 1302 2260 ha·
1372 2212 1373 2240 t

137 2301 219 2370 beot
239 2301 396 2368 loannem
422 2307 458 2364 ut
478 2299 681 2386 Prophetam.
728 2297 779 2364 nt.
811 2295 854 2364 Et
874 2299 1109 2386 respondentes
1131 2302 1223 2380 Iesu,
1254 2299 1301 2368 di-

133 2415 266 2484 κεινοί,
286 2403 464 2470 Nescimus.
507 2403 561 2470 nir
580 2399 646 2470 iilis
667 2414 701 2470 et
720 2405 804 2490 ipse,
830 2401 903 2468 Nec
924 2423 984 2488 ego
1006 2403 1083 2470 dico
1103 2401 1218 2482 vobis,
1237 2427 1302 2492 qna

139 2512 332 2576 anctoritate
354 2507 437 2574 haee
456 2505 580 2572 faciam.

191 2691 360 2769 ‚Manu
386 2691 439 2756 Xi.
491 2691 543 2780 27.
572 2691 614 2756 Et
641 2689 787 2771 veniunt
806 2669 930 2758 rursum
959 2684 1240 2778 Hierosolymam:
1272 2705 1303 2760 et

137 2779 236 2882 quum
259 2791 440 2862 ambularet
466 2797 500 2862 in
527 2791 664 2878 templo,
703 2793 838 2860 veniunt
871 2795 911 2860 ed
941 2793 1032 2860 iilum
1060 2799 1228 2886 principes
1250 2799 1304 2864 Sa·

139 2895 322 2974 remotum,
364 2909 396 2963 et
417 2896 551 2964 Scribae
579 2908 611 2961 et
632 2896 794 2964 Seniores.
835 2897 886 2962 28.
912 2897 953 2962 Et
981 2896 1092 2964 dieunt
1119 2899 1186 2980 illi,
1229 2901 1303 2990 Qua

139 3003 328 3066 anctoritate
354 3000 435 3066 haeo
461 2999 560 3066 iacis?
603 3011 634 3066 et
662 3002 734 3089 quis
762 2995 821 3062 tibi
847 2997 937 3065 dedit
958 3005 1181 3070 auctoritatem
1205 3010 1304 3082 istam,

138 3101 277 3170 uthaee
297 3101 417 3170 iacias?
458 3105 509 3170 29.
532 3105 620 3170 iesus
640 3111 748 3194 autem
769 3103 974 3187 respondens
995 3105 1077 3172 dixit
1096 3106 1172 3184 iilis,
1195 3109 1306 3195 Quac-

138 3221 207 3269 ram
229 3221 249 3268 a
268 3201 364 3270 vobis
386 3213 418 3272 et
437 3207 507 3296 ipse
528 3206 697 3296 quiddam,
739 3216 771 3271 et
794 3207 991 3294 respondete
1012 3209 1105 3276 mihi:
1144 3223 1178 3278 et
1200 3213 1305 3279 dicam

138 3303 249 3388 vobis}
289 3331 356 3395 qua
377 3313 567 3376 auctoritate
590 3309 671 3376 haec
693 3309 814 3379 faciam.
876 3311 928 3379 33.
963 3313 1147 3400 Baptismus
1174 3317 1333 3384 Ioannis:

139 3421 245 3478 utrum
267 3434 286 3477 e
309 3412 405 3481 coelo
428 3425 510 3494 erat,
534 3436 574 3481 an
598 3436 636 3480 er
658 3411 872 3480 hominibusi
903 3417 1102 3502 respondete
1119 3419 1213 3485 mihi.
1254 3423 1302 3486 31.

138 3513 181 3580 Et
203 3513 387 3602 cogitabant
408 3518 495 3606 apud
515 3539 564 3595 se,
587 3516 748 3595 dicentes,
768 3517 803 3580 Si
825 3515 1006 3600 dixerimus,
1026 3521 1054 3586 E
1076 3521 1190 3590 coelo:
1211 3524 1301 3602 dicct,

140 3617 213 3686 Cur
231 3621 329 3705 igitur
347 3642 416 3690 non
438 3619 620 3688 credidistis
642 3619 708 3686 ilii?
750 3621 800 3688 32
824 3623 871 3715 *tt
891 3625 920 3688 si
947 3623 1102 3704 dicamus,
1130 3628 1179 3692 Ex
1203 3627 1300 3691 homi-

139 3720 252 3790 nibus:
294 3725 450 3792 timebant
477 3723 643 3812 populum.
692 3721 817 3790 Omnes
845 3728 930 3792 enim
952 3727 1118 3796 habebant
1140 3733 1302 3809 loannem,

140 3827 230 3916 quod
258 3841 337 3894 vore
369 3827 533 3916 Propheta
568 3828 691 3896 inisset.
755 3831 825 3896 33.
847 3829 889 3896 Et
922 3832 1160 3920 respondentes
1195 3831 1304 3898 dicunt

139 3933 228 4010 lesu,
269 3931 447 3998 Nescimus.
508 3931 551 3998 Et
571 3931 660 3996 lesus
681 3932 885 4019 respondens
914 3933 991 4002 dicit
1023 3933 1104 4014 iliis,
1147 3935 1223 4002 Nee
1244 3956 1302 4022 ego

140 4033 244 4100 diuam
264 4032 374 4116 vobis,
396 4055 460 4124 qua
483 4038 673 4102 auctoritate
695 4034 777 4102 haee
798 4035 921 4103 faciam.
1180 4023 1187 4034 ⁸

223 4202 324 4284 LUC.
358 4221 425 4285 XX.
490 4219 518 4286 1.
561 4219 602 4285 Et
635 4219 751 4286 iactum
780 4230 828 4287 ost
856 4221 890 4288 in
918 4242 983 4286 uno
1011 4221 1141 4290 dierum
1165 4222 1302 4300 illorum,

56 4412 63 4429 ι
141 4317 282 4386 docente
308 4319 369 4392 ilio
396 4323 555 4412 populum
578 4321 770 4438 intemplo,
809 4335 843 4395 et
868 4324 1111 4415 evangelizante
1138 4349 1301 4397 convene·
