2766 4834
242 24 251 53 Ι

242 68 247 79 .
645 92 652 124 x
684 107 687 118 ,

95 248 122 325 χ
180 235 221 300 48
359 225 513 292 steno
533 225 590 316 tlt
630 225 947 290 tuscanensem
967 237 1140 288 messura.

180 375 718 546 'Abrabaelpiiibiogifdiutuniuiilfdtibi
731 377 1192 546 ffltEtstapurpqpitapptppppg
1213 377 1346 514 birdfneci
1367 449 1368 452 ’

181 531 1130 683 t¹¹⁹“²⁰t“{tlttt‘ttt1¹²t¹'bttttttt‘dttttt
1140 531 1344 668 {iiiiii}

181 636 281 778 goncpp
300 633 438 771 digitulos
464 632 549 748 esgset.
589 628 744 768 signinis
764 707 854 768 ergo,
884 685 1125 746 benedictionem
1144 684 1176 744 in
1249 684 1340 744 risto

180 767 352 851 promissam
376 785 440 824 non
466 763 502 822 ad
527 762 619 823 solam
645 761 755 822 tribum
780 763 853 822 Iuda
877 774 1028 843 spectare,
1060 761 1112 822 sed
1132 781 1338 822 communem

183 849 245 906 esst
272 840 409 904 omnibus
429 839 495 900 liliis
514 838 625 916 lacob,
656 859 730 918 quos
748 839 831 900 Deus
851 839 882 898 in
902 837 1065 900 Ecclesiam
1084 859 1164 898 suam
1185 837 1339 920 collegit,

181 909 396 1001 qunm‘lsmael
417 927 447 977 et
466 917 544 1012 Esau
563 915 634 976 facti
655 926 753 976 essent
772 914 911 976 extranei.

179 989 865 1160 dimsffifugtpipnffist’maulgm
876 989 1094 1148 ffiffih·
1110 989 1335 1204 {oifml'iii}

178 1159 258 1286 bem
283 1147 375 1208 Filius
400 1147 461 1206 Dei
488 1157 582 1229 genus
600 1165 684 1204 suum
704 1165 834 1205 mmune
855 1166 1019 1227 purumque
1038 1165 1192 1206 servares
1235 1163 1334 1203 omna

95 1247 105 1262 “
203 1223 296 1307 agitio
317 1236 348 1286 et
366 1221 470 1284 infami
488 1234 571 1298 nota,
590 1221 641 1282 sed
661 1221 693 1280 in
713 1221 853 1282 mundum
872 1223 1005 1296 renisus,
1024 1233 1057 1282 nt
1068 1242 1099 1282 se
1110 1221 1205 1301 ipsum
1217 1220 1333 1281 exina-

172 1301 261 1380 niret
280 1312 311 1366 et
330 1298 547 1379 acceptaservi
568 1297 662 1384 forma
683 1297 768 1359 fieret
786 1299 909 1375 sennis,
939 1311 969 1358 et
988 1317 1050 1359 non
1070 1298 1177 1372 bomo,
1201 1317 1346 1381 opprop

177 1375 277 1438 brimn
301 1377 470 1449 bominum,
500 1386 532 1435 et
556 1373 712 1456 despectus
736 1372 832 1456 plebis
852 1373 952 1456 (Psal.
970 1381 1020 1450 22,
1039 1375 1106 1453 7.),
1137 1373 1330 1452 tandemque

168 1453 364 1516 'maledictam
384 1452 478 1514 crucis
496 1461 624 1512 mortem
643 1448 766 1526 subiret,
785 1451 845 1512 boc
865 1453 952 1512 etiam
973 1451 1116 1532 probrum
1135 1451 1167 1511 in
1186 1471 1240 1510 suo
1263 1469 1328 1531 ge-

179 1549 253 1592 nere
272 1548 335 1590 non
354 1527 514 1602 recusavit,
533 1538 573 1586 ut
591 1549 626 1588 ex
645 1527 759 1589 incesto
780 1523 942 1590 cdncubitu
962 1540 1154 1602 nasceretur,
1167 1527 1218 1606 qui
1237 1527 1328 1586 inter

180 1608 244 1668 eius
272 1607 400 1668 maiores
425 1605 539 1666 futurus
564 1615 635 1664 erat
692 1603 768 1666 Nam
792 1605 847 1666 etsi
872 1625 936 1665 non
960 1603 1085 1665 libidine
1110 1604 1150 1664 im
1173 1601 1234 1664 ulsa
1261 1603 1328 1662 fuit

178 1683 326 1759 Thamar,
357 1693 392 1742 ut
415 1679 513 1742 soceri
533 1679 644 1741 coitum
662 1689 831 1761 expeteret,
859 1681 964 1743 illicito
984 1694 1083 1742 tamen
1101 1625 1194 1752 modo
1213 1679 1326 1740 ulcisci

177 1759 306 1822 tentavit
324 1779 405 1820 suam
423 1756 569 1818 iniuriam.
600 1757 687 1818 Iudas
708 1769 805 1818 autem
816 1779 904 1839 quum
914 1759 1037 1820 scortari
1048 1757 1148 1832 vellet,
1167 1757 1197 1817 in
1209 1764 1324 1816 nurum

178 1857 259 1898 snam
278 1835 391 1898 incidit.
421 1833 513 1913 Atqui
534 1853 600 1893 cum
619 1835 772 1914 utriusque
791 1847 916 1918 peccato
936 1833 1059 1896 certavit
1075 1831 1323 1914 incomparabilis

177 1913 239 1974 Dei
259 1911 387 1988 bonitas,
405 1922 439 1970 ut
458 1909 621 1970 adulterum
641 1910 700 1971 boc
711 1931 813 1973 semen
822 1924 941 1993 sceptro
952 1911 1144 1972 nibilominus
1156 1911 1322 1992 potiretur.

132 2043 147 2068 v
255 1995 284 2056 6.
326 1989 433 2050 Gemit
456 1983 560 2047 Dauid
580 1986 700 2064 Regem.
740 1987 873 2050 Ornatur
896 1987 976 2050 sblus
1001 1987 1100 2048 David
1126 1978 1192 2049 boc'
1203 1985 1321 2068 elogio,

220 2066 248 2128 ia
274 2065 305 2126 in
331 2065 393 2126 eius
418 2083 544 2146 persona
564 2063 689 2126 Messiae
709 2063 800 2125 futuri
821 2066 902 2127 ducis
921 2075 935 2124 t
955 2087 1024 2146 pum
1044 2066 1126 2128 Deus
1166 2085 1202 2124 ro
1227 2062 1319 2123 osuit.

176 2087 263 2204 iiius
283 2142 402 2235 quidem
421 2161 546 2226 regnum
566 2153 709 2222 coeperat
726 2163 744 2202 a
764 2142 869 2217 Saule,
898 2086 954 2202 scd
971 2143 1039 2222 quia
1059 2085 1262 2204 tumuliulloc
1303 2151 1320 2200 t

177 2218 322 2358 improbas
341 2218 446 2300 populi
466 2217 543 2278 votis
563 2217 741 2302 contigerat,
761 2231 898 2280 censetur
916 2219 1032 2279 demum
1053 2217 1184 2302 legitima
1204 2218 1236 2277 in
1300 2255 1317 2266 -

176 2315 206 2358 va

198 2297 206 2312 '
228 2295 399 2372 emulatio,
419 2293 590 2376 praesertim
610 2307 750 2374 quantum
770 2294 877 2356 adDei
897 2295 1013 2371 foedus,
1032 2296 1063 2356 in
1104 2316 1142 2356 uo
1162 2293 1317 2376 pollicitus

111 2401 114 2406 ·
177 2374 289 2449 fuerat,
319 2393 351 2434 se
376 2384 528 2434 aeternum
553 2369 620 2432 fore
644 2393 764 2454 suorum
788 2371 1029 2454 gubernatorem.
1083 2317 1189 2448 iturum
1214 2381 1316 2432 autem

176 2449 317 2543 populns*
331 2467 450 2510 excusso
474 2447 534 2508 Dei
559 2447 631 2529 iugo
656 2448 819 2509 infeliciter
838 2471 872 2510 ac
892 2449 1034 2511 damnatis
1052 2448 1190 2530 auspiciis
1209 2461 1314 2529 regem

175 2526 233 2588 aibr
257 2527 434 2608 postulasset
449 2525 503 2605 l(l.
526 2524 607 2586 Sam.
631 2529 667 2600 8,
686 2527 752 2604 5.),
782 2545 938 2588 concessus
964 2539 1008 2588 est
1028 2525 1098 2587 Saul
1119 2527 1155 2586 ad
1175 2525 1315 2607 exiguum

175 2613 301 2686 tempus.
342 2603 403 2664 Sed
426 2601 508 2662 Deus
528 2601 625 2662 statim
644 2623 769 2682 regnum
788 2622 887 2678 suum,
914 2604 994 2683 quod
1013 2623 1101 2664 verae
1122 2599 1329 2678 beatitudinis⁴

175 2681 285 2764 pignus
304 2679 394 2754 foret,
413 2677 553 2740 stabilivit
572 2677 604 2736 in
623 2699 711 2738 manu
727 2678 858 2741 Davidis.
889 2680 1022 2740 Sciamus
1042 2699 1126 2762 ergo,
1144 2679 1193 2740 bic
1212 2676 1313 2738 notari

176 2757 337 2820 secundum
380 2755 462 2837 opuli
480 2767 597 2829 statum,
620 2755 713 2834 qualis
733 2775 750 2815 a
768 2755 903 2816 Domino
924 2757 1075 2818 ordinatus
1096 2769 1162 2818 est*
1187 2754 1313 2814 Interim

175 2834 293 2894 additur
312 2831 348 2892 ab
357 2777 548 2914 brangelista
568 2831 726 2891 humanum
747 2833 884 2908 dedecus,
904 2837 984 2912 qood
997 2833 1078 2916 illam
1090 2833 1204 2896 divinae
1216 2831 1312 2891 bene·
1333 2820 1336 2839 '

175 2907 314 2970 dictionis
334 2907 459 2992 gloriam
480 2907 698 2988 quodammodo
719 2906 843 2969 foedare
861 2909 970 2990 possit:
990 2931 1098 2993 nempe
1120 2912 1200 2990 quod
1220 2908 1310 2968 Salo-

173 3005 294 3046 monem
326 2987 431 3067 genuit
460 2984 558 3046 David
587 3005 622 3044 ex
649 2983 812 3060 Bathseba,
851 3006 938 3066 quam
960 2987 1067 3048 marito
1093 2986 1235 3048 scelerate
1259 3005 1311 3044 ra-

197 3072 297 3138 nerat,
328 3073 359 3122 et
382 3063 463 3123 cuius
483 3061 625 3122 fruendae
645 3082 729 3121 causa
749 3061 862 3142 perfide
881 3061 1032 3123 innoxium
1053 3062 1203 3126 bominem
1223 3063 1252 3122 iu
1294 3101 1311 3112 -

174 3083 486 3220 landumprodiderat
500 3137 631 3198 bostium
651 3137 764 3220 gladiis.
809 3139 892 3200 llaec
912 3140 990 3200 circa
1009 3142 1095 3224 regni
1116 3135 1234 3202 exordii
1253 3083 1309 3202 du-

97 3215 103 3230 '
174 3213 308 3276 formitas
328 3215 427 3278 facere
446 3213 558 3288 debuit,
578 3233 616 3273 ne
629 3213 736 3274 'ludaei
756 3213 787 3274 in
808 3237 896 3276 carne
916 3213 1124 3298 gloriarenturi
1155 3217 1307 3276 Testatum

174 3303 272 3352 autem
292 3313 354 3354 esse
374 3291 570 3364 volnitDeus,
589 3310 620 3349 se
640 3288 671 3349 in
690 3293 846 3354 statuendo
867 3291 919 3352 illo
940 3315 1036 3375 regno
1056 3295 1130 3354 nihil
1140 3293 1307 3374 rependere

173 3367 325 3430 bominum
347 3370 472 3430 meritis.
517 3365 676 3426 Caeterum
701 3367 733 3427 iu
758 3371 943 3430 successione
964 3391 1050 3450 quam
1072 3370 1212 3432 describit
1229 3369 1307 3429 blat-

174 3445 294 3521 tbaeus,
324 3459 383 3507 tres
407 3463 493 3528 reges
514 3442 606 3502 tuisse
633 3443 756 3504 omissos
780 3457 897 3506 constat
917 3467 950 3506 ca
968 3469 1049 3508 sacra
1070 3447 1200 3508 historia.
1219 3447 1308 3508 ·Hoc

196 3522 225 3584 ui
245 3522 399 3594 oblivione
420 3521 529 3580 factum
550 3539 612 3580 esse
633 3517 746 3595 dicunt,
765 3523 885 3584 minime
904 3535 972 3582 sunt
991 3523 1145 3586 audiendi:
1167 3544 1223 3584 nec
1233 3543 1306 3604 pro-

173 3539 279 3660 dabilis
311 3610 355 3662 est
380 3617 482 3658 eorum
507 3597 600 3671 ratio,
659 3599 690 3657 ui
716 3597 778 3660 indi
824 3621 856 3660 os
882 3599 970 3660 fuisse
996 3602 1113 3676 dicunt,
1144 3599 1248 3680 quibus
1273 3599 1307 3660 in

173 3673 285 3736 Cbristi
310 3673 487 3760 genealogia
512 3617 748 3736 dareturbocm.
808 3677 826 3736 d
852 3676 930 3736 enim
956 3689 1141 3758 competeret
1166 3676 1251 3737 etiam
1271 3677 1304 3736 in

173 3753 339 3844 complures
360 3749 443 3822 alios,
463 3771 537 3830 quos
556 3761 655 3811 tamen
665 3751 830 3828 Matthaeus
849 3753 907 3836 piis
927 3765 959 3815 et
975 3756 1082 3814 sanctis
1097 3753 1306 3815 indifferenter
1367 3768 1374 3780 ’

74 3847 83 3861 ¹
172 3830 322 3892 admlscei..
362 3827 469 3888 Verius
490 3845 563 3910 ergo
585 3837 644 3903 est,
665 3849 754 3909 quum
774 3849 877 3912 regum
898 3831 1120 3910 quatuordecim
1140 3831 1324 3912 catalogum·

171 3905 264 3967 vellet
288 3903 452 3996 cpnlicere,
484 3924 547 3964 non
572 3901 659 3968 luisse
685 3905 770 3966 valde
794 3908 941 3967 curiosum
967 3908 998 3966 in
1019 3907 1136 3968 delectu
1155 3907 1303 3984 babendo,

171 3983 239 4062 quia
264 3993 333 4041 satus
357 3977 488 4042 babebat
509 3983 704 4067 genealogiae
730 3994 898 4043 contextum
921 3981 1082 4045 lectoribus
1101 4005 1216 4065 ponere
1235 3995 1303 4044 ante

30 4097 42 4106 -
71 4085 74 4102 ·
147 4056 275 4122 ,oculos
295 4059 444 4139 usquead
463 4058 549 4150 regni
570 4059 667 4120 finem.
701 4059 793 4134 Quod
810 4071 909 4120 autem
929 4059 1071 4121 tredecim
1091 4059 1302 4195 solumlegm-

112 4201 119 4210 ⁶
169 4146 233 4209 tur,
254 4132 442 4196 librariorum
462 4135 534 4197 vitro
556 4145 587 4196 et
604 4135 718 4197 incuria
739 4155 802 4196 esse
822 4135 941 4212 factum,
960 4137 1118 4197 verisimile
1139 4149 1191 4198 est
1254 4137 1301 4215 pi-

162 4235 165 4244 ¹
191 4209 295 4270 banius
315 4211 393 4272 libro
415 4212 512 4292 primo
532 4224 636 4274 contra
655 4211 807 4288 haereses,
827 4233 941 4273 causam
961 4213 1094 4288 adducit,
1115 4215 1195 4294 q'uod
1214 4233 1300 4293 quum
1364 4277 1372 4290 ,

170 4232 216 4344 bis
237 4286 364 4378 positum
385 4301 461 4349 esset
478 4289 641 4350 letboniae
660 4308 789 4380 nomen,
820 4289 952 4350 secundo
971 4287 1040 4349 loco
1062 4290 1143 4368 quasi
1162 4309 1298 4370 superva-

170 4379 256 4479 rcuum
280 4364 394 4429 mdocti
419 4369 543 4430 eradere
566 4365 629 4428 ausi
653 4373 730 4428 sunt
774 4364 809 4426 ld
834 4384 906 4428 vero
926 4385 989 4430 nou
1009 4364 1145 4430 debuisse
1164 4365 1228 4428 lieri
1247 4366 1328 4426 ad·'
