2814 4846
335 251 525 332 <tto-119.
562 249 612 314 De
631 203 736 348 litibus
753 252 1000 342 luttutftffuft).
1032 265 1040 336 ζ
1206 257 1249 347 39
1300 245 1301 251 ¹

78 402 193 462 venisse
212 411 337 462 testatus
357 413 411 478 est,
431 414 464 463 ut
481 403 595 464 miseris
607 415 765 480 succurrat.
804 400 940 469 Potestas
960 405 1131 490 exprimitur
1147 407 1180 470 in
1198 405 1244 476 his

78 478 193 554 verbis,
221 478 332 538 Mulier
350 475 473 540 liberata
494 497 537 540 es:
563 501 630 540 nam
656 499 711 562 pro
731 475 865 562 imperio,
878 479 1090 556 liberationem
1099 484 1137 544 'in
1156 493 1245 552 manu
1319 540 1323 548 Ι

79 575 129 616 sna
149 575 214 616 esse
234 554 419 636 pronuntiat
442 557 536 616 ¹Addit
555 569 656 618 tamen
676 570 826 620 externum
836 559 1013 641 symbolum,
1033 563 1074 622 de
1090 562 1171 622 euius
1189 574 1245 624 usu

79 631 147 691 alibi
167 632 366 693 tractavimus.
408 632 499 708 Quod
518 634 616 693 Deum
640 633 795 772 glorificap
807 637 949 728 populus,
979 637 1036 702 buo
1061 638 1192 717 pertinet
1209 651 1243 700 ut

77 709 212 785 sciamus,
233 709 426 788 conspicuum
445 709 533 770 fuisse
554 710 772 772 coelestebene
795 734 881 784 crum.
909 714 980 774 Non
1000 715 1056 774 fuit
1074 714 1084 773 i
1108 715 1166 774 itur
1186 715 1243 775 ob·

79 807 194 846 scurum
217 784 339 864 aliquod
360 806 450 866 opus,
470 786 506 848 de
528 807 588 867 quo
610 800 710 868 posset
728 790 759 848 in
779 802 932 869 utramque
953 801 1074 870 partem
1111 789 1243 870 'sputari,
1281 831 1298 874 ‘.
1396 839 1397 850 ,

78 862 126 922 sed
147 861 232 943 quod
252 861 378 940 amplam
398 884 431 923 ac
452 875 561 924 certam
582 860 718 925 laudandi
729 859 788 927 Dei
807 861 958 928 materiam
971 867 1065 928 daret.
1088 867 1178 930 Unde
1188 889 1243 930 to·

78 938 234 1020 gnoscitur
275 939 379 998 ravitas
399 940 529 1020 magistri
549 961 728 1077 synagoqae.
1231 957 1234 964 ’

70 1083 74 1088 ¹
152 1021 201 1080 14.
266 1036 308 1074 ex
332 1013 393 1074 dies
415 1031 489 1076 suut.
533 1017 602 1077 Nou
629 1038 665 1078 au
687 1029 717 1078 et
748 1016 796 1080 bic
827 1039 933 1082 censor
965 1015 1116 1083 Christum
1144 1013 1243 1101 palam

76 1111 108 1151 re
128 1090 309 1165 rehendere,
329 1091 380 1155 scd
394 1091 570 1154 morositatis
589 1115 658 1154 suae
677 1092 756 1154 virus
775 1096 834 1155 alio
856 1092 1018 1172 convertit,
1040 1095 1189 1158 Christum
1208 1097 1243 1160 in

77 1111 158 1250 vulgi
178 1187 308 1258 persona
329 1166 449 1246 oblique
470 1166 622 1228 damnans*
654 1171 730 1230 Mira
751 1173 847 1232 autem
869 1172 998 1233 malitiae
1017 1175 1155 1236 vecordia
1176 1174 1242 1236 suit.

77 1243 136 1304 Sex
157 1244 220 1304 dies
232 1242 329 1303 labori
343 1241 503 1322 destinatos
516 1266 578 1306 esse
590 1247 745 1335 aduqonet:
763 1248 815 1306 sed
829 1268 913 1327 quam
926 1269 1093 1328 perperam
1103 1263 1133 1310 et
1151 1251 1242 1314 stulte

76 1320 150 1380 illud
171 1320 291 1400 operari
311 1319 424 1396 definit,
445 1323 525 1401 quod
545 1343 606 1382 non
626 1320 682 1382 nisi
695 1343 750 1400 sex
770 1320 871 1384 diebus
883 1323 1079 1400 permittitur?
1099 1326 1243 1406 ,Curnou

79 1396 168 1456 etiam
188 1396 225 1456 ab
246 1395 379 1478 ingressu
400 1419 412 1456 s
434 1418 570 1480 nagogae
590 1419 641 1458 eos
661 1411 752 1474 arcet,
772 1413 811 1460 ne
832 1397 994 1460 Sabbatum
1012 1399 1146 1462 violent?
1178 1401 1243 1474 Cur

78 1493 193 1533 cessare
214 1493 277 1532 non
296 1473 379 1533 iubet
399 1419 435 1533 ab
457 1473 592 1535 omnibus
611 1473 729 1564 pletatis
748 1474 908 1537 exercitiis?
930 1473 1046 1550 Quodsi
1062 1497 1078 1536 a
1097 1477 1155 1539 suis
1173 1489 1242 1538 tan-

77 1559 140 1608 tum
160 1570 180 1609 o
204 1548 303 1608 eribus
324 1547 522 1628 prohibentur
540 1552 675 1612 hommes
687 1551 734 1612 die
746 1551 885 1628 Sabbati,
927 1574 992 1611 uam
1012 1552 1166 1638 indignum
1187 1566 1242 1632 est,
1292 1574 1297 1584 ’

75 1637 148 1686 tunc
168 1570 284 1706 alligari
302 1623 360 1686 Dei
379 1625 523 1707 gratiam?
562 1627 673 1688 Venire
698 1628 782 1688 iubet
808 1625 871 1688 aliis
898 1571 999 1690 diebus
1025 1629 1241 1710 adpetendam

76 1702 243 1776 sanitatem,
263 1700 344 1780 quasi
360 1699 493 1762 Sabbato
510 1703 606 1784 sopita
617 1700 780 1765 iaceatDei
799 1702 901 1779 virtus,
921 1726 955 1765 ac
974 1726 1037 1764 non
1058 1727 1121 1766 eam
1141 1708 1241 1788 potius

77 1775 131 1837 illo
152 1778 200 1838 die
220 1778 344 1838 maxime
365 1791 476 1840 exserat
494 1780 525 1840 in
544 1779 666 1840 salutem
709 1780 791 1861 opuli
810 1781 863 1841 sui.
895 1779 1046 1856 Quorsum
1066 1779 1145 1844 enim
1164 1783 1243 1846 sacri

77 1864 256 1944 conventus,
272 1855 327 1916 nisi
347 1865 380 1915 ut
392 1855 450 1916 Dei
471 1876 561 1937 opem
580 1869 610 1917 et
629 1801 764 1917 amulium
785 1856 1084 1948 implorentfideles?
1109 1855 1241 1938 Perinde

78 1951 151 2013 ergo
172 1931 307 2012 loquitur
325 1931 430 2011 impius
450 1933 505 1992 iste
522 1933 684 2017 hypocrita,
705 1935 763 1996 acsi
776 1933 907 2016 legitima
925 1931 1049 1996 Sabbati
1070 1931 1240 1999 observatio
1261 1950 1268 1972 ³

77 2029 193 2098 cursum
213 2007 403 2098 abrumperet
415 2007 474 2070 Dei
493 2009 654 2100 beneficiis,
674 2011 807 2085 bomines
827 2011 994 2078 excluderet
1012 2009 1050 2074 ab
1071 2013 1133 2076 eius
1152 2014 1241 2078 invo-

79 2096 209 2160 cauone,
236 2093 267 2144 et
285 2095 397 2166 gratiae
416 2107 502 2146 seusu
523 2099 660 2165 privaret.
1244 2160 1247 2168 Ι

152 2169 200 2229 15.
250 2159 450 2241 Unusquisque
476 2183 571 2222 reomao
599 2177 649 2226 eto.
701 2161 802 2238 Quum
832 2159 975 2238 malitiam
1005 2161 1083 2230 adeo
1114 2185 1240 2228 crassam

97 2237 211 2298 loribus
230 2235 410 2319 argumentis
436 2238 573 2300 refellere
598 2251 768 2320 promptum
794 2251 884 2315 esset,
918 2241 976 2302 boc
1000 2261 1061 2302 uno
1082 2254 1241 2306 contentus

75 2259 132 2374 luit
143 2313 289 2389 Christus,
310 2314 342 2373 Si
362 2313 498 2378 iumentis
508 2315 718 2376 humanitatem
730 2311 863 2376 Sabbuto
875 2323 1023 2396 praestare
1035 2317 1132 2394 liceat,
1152 2340 1241 2399 prae-

76 2402 229 2472 posterum
249 2389 281 2449 in
301 2411 337 2451 eo
359 2391 468 2452 cultum
487 2391 576 2472 fingi,
600 2411 638 2452 ne
664 2392 716 2452 filii
735 2391 793 2452 Dei
813 2391 958 2474 iurentur.
1001 2391 1162 2454 Caeterum
1182 2396 1239 2456 du*

75 2466 143 2547 plen
162 2466 193 2526 in
214 2465 313 2528 verbis
335 2467 444 2529 Christi
465 2475 510 2528 est
529 2465 721 2548 comparatio,
742 2464 864 2528 iumenti
885 2487 951 2528 cum
970 2467 1189 2545 liliahbrahae,
1209 2479 1241 2532 et

75 2543 209 2624 capistri,
228 2543 288 2624 qu'o
308 2543 415 2626 ligatur
436 2543 532 2605 asinus
550 2543 598 2605 vel
617 2542 672 2604 bos
692 2545 728 2604 ad
748 2563 889 2623 praesepe
908 2565 1004 2621 suurn,
1023 2566 1089 2606 cum
1112 2541 1240 2608 Satanae

76 2619 218 2695 uinculis,
239 2619 343 2700 quibus
364 2620 498 2682 homines
516 2620 550 2680 in
570 2619 686 2680 exitium
708 2618 883 2680 constrictos
903 2631 995 2680 tenet.
1034 2619 1113 2696 Vos,
1132 2618 1243 2702 inquit,

77 2707 139 2756 tam
157 2696 323 2776 scrupulosi
342 2696 465 2758 Sabbati
486 2692 614 2758 cultores
634 2697 745 2758 audetis
766 2695 857 2756 boves
878 2703 909 2756 et
929 2697 1026 2758 asinos
1046 2696 1176 2773 solvere,
1207 2711 1242 2760 ut

78 2785 217 2854 aquatum
239 2773 397 2848 ducantur,
425 2773 496 2834 mihi
513 2795 565 2834 cur
584 2794 647 2833 non
666 2772 769 2834 licebit
785 2771 958 2832 tantundem
979 2769 1070 2835 officii
1091 2785 1242 2854 praestaro

78 2851 176 2910 electo
187 2848 248 2909 Dei
260 2849 385 2930 populo,
404 2850 575 2930 praesertim
595 2849 647 2910 ubi
667 2851 762 2910 maior
780 2859 868 2932 urget
886 2850 1053 2926 necessitas,
1073 2871 1162 2930 quum
1181 2851 1241 2912 sci-

78 2927 150 2987 licet
168 2925 337 2986 liberandus
358 2938 402 2988 est
428 2928 568 3008 quispiam
590 2949 606 2987 a
627 2927 753 2986 Satanae
774 2925 905 3006 laqueis?
945 2927 1124 3064 Quanquam
1142 2939 1241 2994 autem

79 3005 196 3084 pudore
217 3001 366 3063 obmutuit
384 3001 490 3082 impius
502 3005 709 3084 reprehensor,
728 3001 858 3064 videmus
869 3015 978 3080 tamen,
997 3025 1037 3063 nu
1062 3025 1109 3064 um
1122 3025 1138 3064 a
1149 3003 1245 3066 Chri-

77 3092 125 3140 sto
148 3079 259 3140 editum
280 3078 368 3139 luisse
388 3091 446 3138 tam
465 3080 647 3159 praeclarum
664 3099 755 3159 opus,
787 3080 868 3159 quod
892 3099 953 3140 non
973 3089 1113 3161 raperent
1132 3081 1169 3142 ad
1188 3103 1240 3144 ca*

77 3157 219 3220 lumniam
239 3155 376 3236 improbi.
419 3157 484 3217 Nec
503 3158 608 3216 mirum
629 3157 653 3218 si
673 3156 759 3222 omni
774 3155 871 3216 studio
898 3169 928 3216 et
948 3169 1061 3220 conatu
1075 3157 1133 3221 hue
1153 3158 1242 3222 incu-

77 3232 144 3292 buit
163 3231 270 3306 Satan,
294 3243 327 3290 ut
348 3231 605 3314 Christigloriam
625 3243 823 3312 perverteret,
850 3229 982 3312 quinon
1003 3246 1096 3295 cessat
1114 3231 1239 3296 nebulas

76 3331 142 3370 suas
162 3307 276 3370 assidue
296 3329 446 3391 spargere,
465 3310 569 3388 quibus
589 3320 688 3370 sancta
707 3307 839 3368 >fidelium
851 3329 942 3390 opera
954 3311 1102 3376 obscuret.
1121 3311 1245 3372 Notan«

77 3383 147 3447 dnm
168 3386 248 3464 quod
267 3383 404 3446 Abrahae
424 3386 484 3446 lilia
503 3407 519 3446 a
540 3386 660 3448 Christo
681 3397 816 3460 vocatur,
844 3385 923 3446 cuius
944 3407 1051 3468 corpus
1071 3409 1125 3467 per
1144 3409 1240 3450 annos

77 3459 246 3522 octodecim
259 3461 384 3522 Satanae
404 3461 600 3544 mancipatum
616 3462 726 3522 iuerat:
748 3483 803 3524 nec
822 3473 935 3522 tantum
955 3475 1090 3544 respectu
1110 3465 1241 3546 generis,

77 3539 324 3619 quemadmodum
338 3538 439 3600 ludaei
461 3559 561 3599 omnes
599 3539 744 3600 romiscue
764 3537 976 3618 superbiebant
996 3541 1053 3600 hoc
1071 3535 1169 3614 titulo,
1188 3539 1240 3602 sed

79 3615 147 3695 quia
168 3635 202 3676 ex
221 3613 296 3676 veris
315 3627 347 3675 et
389 3615 501 3676 enuinis
515 3559 665 3694 Ecclesiae
676 3613 813 3674 membris
828 3626 898 3675 crat
923 3613 985 3676 Ubi
998 3615 1084 3676 etiam
1118 3611 1245 3694 erspici«

78 3691 255 3772 snus„quod
276 3693 364 3752 docet
403 3691 483 3752 aulus
503 3693 544 3772 (I.
558 3691 628 3754 Cor.
639 3697 668 3766 ὁ,
679 3693 733 3766 5.),
754 3691 895 3769 quosdam
906 3691 1032 3764 Satanae
1044 3635 1162 3751 tralliu
1174 3709 1240 3750 ear-

79 3767 125 3828 nis
145 3767 308 3842 interitum,
327 3780 360 3828 ut
370 3767 488 3850 spiritus
497 3769 594 3829 indie
615 3767 738 3829 Domini
757 3767 850 3828 salvus
868 3767 928 3830 fiat.
953 3769 993 3828 Et
1011 3762 1153 3846 temporis
1172 3786 1241 3846 spa·

75 3841 151 3904 tium
170 3846 322 3920 admonet,
346 3846 476 3926 quamvis
494 3843 617 3906 miseriis
637 3843 745 3906 nostris
765 3865 827 3906 non
846 3845 943 3906 statim
961 3843 1114 3906 medeatur
1132 3839 1240 3904 Domi·

76 3941 141 3999 nus,
160 3942 224 3982 nou
244 3931 341 3982 tamen
362 3943 426 3984 esse
447 3920 669 4002 desperandum.

92 4145 97 4152 ,
161 4075 268 4160 (117.)
289 4070 390 4144 LUC.
409 4076 491 4143 xltt
525 4077 576 4143 31.
587 4076 713 4145 Eodem
735 4075 789 4144 die
803 4067 1143 4162 accesseruntquidam
1160 4069 1243 4142 Pha·
1370 4102 1372 4110 ·

75 4182 263 4260 risaeorum,
284 4179 429 4248 dicentes
451 4179 515 4260 illi,
536 4181 614 4260 Exi,
634 4191 668 4246 ot
687 4178 771 4246 vade
793 4180 883 4247 binos
904 4183 978 4268 quia
997 4177 1151 4282 Herodes
1170 4177 1241 4245 vult

75 4296 108 4352 te
131 4283 296 4352 occidere.
336 4285 388 4350 32.
408 4284 451 4350 Et
471 4285 515 4350 ait
534 4281 614 4362 illis,
634 4285 697 4372 lte,
718 4283 934 4372 dicitesrulpl'
949 4283 1013 4364 llll,
1038 4279 1124 4348 Ecce
1145 4283 1240 4348 elicio

76 4386 266 4466 daemonia,
301 4389 519 4472 ,et-sanitates
543 4375 682 4475 perficio
709 4383 810 4458 bodie
838 4397 871 4458 et
891 4409 978 4470 orae,
1019 4397 1051 4452 et
1072 4387 1166 4456 tortia
1187 4383 1242 4454 die

57 4475 68 4514 r
103 4493 201 4540 euve-s
213 4493 488 4557 manum-nv.
503 4495 599 4544 suu.
1028 4473 1049 4534 ³
1103 4561 1114 4576 ‚
