2766 4834
129 203 176 322 ’ᾗ
201 261 241 322 ns
285 233 291 254 ¹
380 253 534 317 suerio
555 253 612 316 ιιι
651 255 728 319 iaso
746 229 899 325 saraias
921 265 963 314 m
983 267 1158 316 siriani.
1191 231 1194 236 “

201 405 285 483 bllis,
315 419 456 470 nectam
482 408 600 468 odiosus
625 407 718 470 loretr
757 405 871 468 diversa
895 418 993 468 tamen
1019 423 1082 468 asie
1106 403 1205 486 potnit
1228 404 1359 469 tributi

115 505 132 520 ³
201 485 287 546 ratio.
326 485 454 546 Primam
480 485 567 544 luisse
594 485 669 546 hanc
694 483 924 565 descriptionem
944 484 1142 564 interpretor,
1172 482 1245 574 quia
1265 495 1357 544 tunc

200 561 317 624 Iudaeis
368 563 428 622 uasi
457 561 544 642 plane
574 560 691 622 domitis
716 561 885 644 impositum
910 559 966 620 luit
990 581 1099 620 novum
1125 569 1155 619 ct
1180 558 1355 620 insolitum

200 637 311 722 iugum.
383 659 426 697 ani
453 639 534 716 qiiod
559 637 608 698 alii
637 640 758 717 primam
783 637 876 697 luisse
897 637 1015 710 dicunt,
1045 657 1080 698 es
1124 655 1162 694 uo
1185 633 1354 716 Cyrenius

201 715 305 798 Syriae
325 715 509 795 praefuerat,
527 715 608 782 ,nihil
630 716 718 774 habet
738 714 856 776 coloris.
895 716 1033 774 Annuum
1055 658 1173 795 quidem
1194 723 1262 772 erat
1283 714 1352 772 tri-

199 790 312 865 butum,
331 793 382 851 aed
403 811 464 851 uon
485 791 641 872 quotannis
657 792 747 852 fiebat
756 789 932 872 descriptio:
953 809 1153 881 quaresensus
1166 799 1219 860 est,
1240 789 1351 871 louge

197 881 270 929 tunc
315 867 408 928 ravim
435 888 592 948 oppressos
618 869 704 931 luisse
729 869 864 928 Iudaeos.
904 869 1036 949 Varietas
1060 865 1091 926 iii
1113 865 1235 926 nomine
1256 865 1363 926 Pro-.

198 888 326 1006 consuis
351 943 424 1004 nibil
449 943 539 1006 habet
561 944 694 1022 absurdi,
725 947 792 1006 dmn
817 943 866 1003 alii
893 942 1071 1026 Cyrenium,
1099 941 1261 1016 Quirinum
1290 943 1348 1002 vel

200 1019 370 1096 Quirinium
389 1019 554 1101 appellant:
574 1022 679 1086 scimus
700 1021 790 1097 enim,
810 1017 943 1081 Gralcos
960 1021 990 1081 in
1001 1018 1150 1080 vertendis
1161 1017 1345 1078 nominibus

196 1097 308 1158 Latinis
334 1098 365 1158 in
389 1093 633 1178 pronuntiatione
658 1099 768 1180 aliquid
793 1098 857 1158 lere
882 1108 1003 1163 mutare.
1048 1097 1108 1156 Sed
1129 1096 1219 1176 longe
1236 1095 1346 1155 maior

84 1203 92 1228 t
197 1173 316 1234 aliunde
343 1174 469 1266 emergit
495 1175 665 1234 difficultas:
698 1175 787 1236 tradit
812 1175 890 1234 enlm
909 1175 1053 1255 Iosephus
1073 1171 1141 1236 libr.
1160 1173 1265 1252 Antiq.
1287 1179 1342 1237 18.

198 1271 271 1334 cap..
282 1259 320 1326 1.,
342 1252 517 1344 Quirinum,
535 1247 670 1334 relegato
691 1254 838 1312 Viennam
858 1251 1021 1326 Archelao,
1042 1247 1259 1310 Proconsulem
1281 1267 1341 1308 re-

196 1327 290 1404 abse,
320 1347 372 1408 qui
397 1327 535 1388 Iudaeam
560 1329 733 1407 provinciae
759 1327 862 1410 Syriae
887 1325 1070 1388 attribueret.
1103 1359 1106 1368 ι
1128 1325 1226 1387 Porro
1253 1327 1343 1386 inter

196 1405 356 1484 scriptores
389 1405 545 1480 convenit,
582 1405 759 1466 Archelaum
789 1405 927 1464 a‘mortc
948 1405 1042 1496 patris
1067 1401 1196 1462 Herodis
1220 1423 1339 1462 novem

151 1515 154 1533 ι
195 1499 290 1540 annos
309 1498 457 1564 regnasse.
495 1481 583 1540 Unde
604 1483 770 1556 conficitur,
790 1481 869 1542 inter
882 1479 992 1542 Christi
1012 1479 1137 1541 natalem
1159 1491 1337 1540 eticensum

196 1555 277 1616 illum
303 1557 418 1638 elapsos
444 1557 531 1618 luisse
557 1577 651 1618 annos
676 1559 794 1618 circiter
819 1558 971 1620 tredecim.
1027 1556 1226 1618 Subscribuiit
1252 1557 1337 1616 enim

195 1635 259 1694 sere
279 1653 382 1694 omnes
401 1633 571 1714 Epiphanio
581 1635 642 1712 'qui
663 1636 761 1710 tradit,
786 1635 936 1695 Christum
957 1635 1107 1694 tricesimo
1127 1633 1216 1693 tertio
1228 1633 1336 1694 Hero·

195 1711 239 1771 dis
260 1729 339 1770 anno
360 1729 424 1770 esse
444 1721 559 1781 natum,
592 1711 650 1771 hoc
671 1723 729 1786 est,
755 1723 824 1772 aute
844 1711 921 1772 illius
940 1721 1067 1771 mortem
1086 1711 1171 1770 annis
1192 1721 1334 1789 quatuor.

195 1788 263 1846 Iloc
282 1805 401 1866 quoque
422 1785 558 1846 nonnihil
578 1785 747 1868 perplexum
769 1799 828 1863 cst,
853 1788 934 1868 quod
954 1789 1031 1848 idem
1052 1788 1194 1879 Iosephus
1214 1807 1280 1867 cap.
1300 1797 1333 1854 3.

63 1869 70 1878 '
118 1888 121 1906 ι
195 1863 262 1924 libr.
287 1867 333 1928 18.
361 1883 480 1922 censum
505 1863 583 1923 huuc
604 1865 741 1942 incidisse
762 1865 834 1926 dicit
853 1865 883 1924 in
904 1885 1012 1924 anuum
1033 1877 1211 1924 tricesimum
1232 1865 1330 1943 septi-

193 1956 273 2000 mum
292 1939 432 2000 Actiacae
450 1939 603 2001 victoriae.
644 1941 736 2016 Quod
755 1943 779 2001 si
799 1961 900 2002 verum
921 1953 980 2016 est,
999 1941 1160 2021 supervixit
1177 1943 1331 2022 Augustus

103 2039 115 2048 ·
193 2015 278 2078 annis
298 2015 361 2076 lere
381 2027 493 2097 septem
514 2015 551 2082 ad
570 2039 722 2078 summum.
752 2019 797 2078 Ita
818 2028 969 2078 exactare
990 2029 1060 2078 octo
1077 2017 1124 2078 vel
1136 2037 1245 2076 uorem
1256 2018 1331 2080 anni

98 2419 105 2434 ¹
191 2401 233 2462 Ee
257 2418 327 2459 sane

193 2091 319 2152 detracti
338 2105 437 2152 erunti
458 2092 573 2173 patebit
591 2096 670 2155 enini
691 2115 727 2155 ex
745 2093 844 2156 Lucae
862 2102 890 2162 3.
912 2115 986 2174 cap,
1006 2114 1068 2156 non
1088 2093 1144 2154 uisi
1156 2095 1330 2184 quindecim

193 2180 264 2230 tunc
285 2169 373 2228 luisse
392 2189 546 2230 annorum.
588 2172 745 2234 Caeterum
766 2193 854 2250 quum
874 2171 977 2232 notior
995 2171 1085 2230 luerit
1106 2170 1216 2232 Christi
1236 2181 1330 2246 aetas,

192 2265 280 2324 quam
300 2244 382 2306 utin
403 2245 606 2337 quaestibuem
626 2249 727 2310 vocari
747 2248 864 2324 debeat,
884 2249 1042 2330 losephum
1064 2248 1117 2308 hac
1138 2247 1167 2307 in
1179 2257 1274 2327 parte,
1293 2259 1330 2306 ut

192 2323 256 2384 aliis
281 2343 348 2382 com
373 2322 499 2396 Iuribus,
529 2326 672 2386 memoria
697 2325 809 2406 lapsum
835 2325 924 2386 luisse
943 2345 1016 2388 vero
1036 2323 1169 2384 absimile
1189 2343 1252 2383 uoii
1272 2328 1328 2382 est.

351 2343 523 2476 Quirinium
549 2400 668 2464 annales
689 2403 799 2462 docent
818 2402 903 2462 anuis
922 2401 1118 2463 novendecim
1138 2411 1189 2460 aut
1207 2400 1329 2476 clrciter

120 2507 132 2514 -
191 2475 374 2540 antefuisse
400 2477 570 2553 consulem,
600 2497 686 2558 quam
706 2477 823 2540 devicto
843 2480 978 2540 Antonio
998 2478 1077 2540 solus
1097 2475 1223 2558 imperio
1265 2478 1327 2538 oti-

189 2564 273 2614 retur
291 2553 454 2634 Augustus:
474 2553 514 2614 ita
533 2553 619 2616 valde
638 2577 727 2618 senex
746 2555 778 2614 iii
798 2555 980 2637 provinciam
1000 2555 1101 2614 missus
1120 2555 1209 2614 foret.
1238 2499 1326 2614 lade

231 2630 271 2691 od
294 2629 371 2689 iutra
395 2641 467 2692 octo
490 2651 584 2692 annos
610 2644 736 2712 quatuor
761 2632 887 2694 Iudaeae
912 2632 1065 2692 Praesides
1092 2641 1226 2691 numerat
1244 2630 1326 2690 idem

208 2708 344 2788 osephus,
383 2727 452 2768 uum
472 2708 607 2782 fateatur,
627 2709 761 2790 quintum
781 2711 864 2770 annis
883 2710 1019 2770 undecim
1031 2707 1206 2792 praefuisse:
1225 2707 1248 2767 is
1268 2707 1327 2768 luit

188 2783 325 2845 Valerius
382 2797 477 2858 ratiis,
511 2785 558 2844 cui
585 2786 710 2848 Pontius
734 2786 845 2850 Pilatus
870 2786 1018 2849 successit.
1064 2785 1240 2865 Quanquam
1266 2781 1326 2844 alia

188 2870 290 2940 potest
307 2860 414 2928 ¹allerri
439 2860 565 2936 solutio,
595 2865 675 2944 quod
696 2885 815 2924 censum
835 2883 979 2945 peragere
999 2883 1061 2922 nou
1081 2861 1176 2920 statim
1198 2860 1325 2936 licuerit,

139 2948 150 2958 “
190 2955 225 2998 ex
253 2955 314 3015 quo
347 2937 458 2998 edictus
492 2937 601 2998 lucrat:
642 2952 741 2999 narrat
765 2939 844 3000 enim
870 2941 1030 3030 Iosephus,
1060 2936 1231 3017 Coponium
1255 2957 1323 2998 cum

190 3013 320 3074 exercitu
345 3013 462 3073 missum
488 3033 566 3090 esse,
602 3016 653 3108 qui
683 3017 809 3078 Iudaeos
839 3027 1059 3096 comprimeret.
1120 3015 1206 3074 Unde
1235 3013 1322 3075 lacile

122 3149 127 3154 ,
190 3087 355 3171 colligitur,
374 3109 493 3152 censum
513 3092 619 3184 populi
638 3093 765 3152 tumultu
785 3091 873 3154 luisse
893 3094 930 3153 ad
950 3105 1064 3174 tempus
1085 3090 1270 3170 impeditum,
1291 3104 1324 3152 ct

187 3165 280 3228 rerba
304 3166 403 3226 Lucae
428 3168 486 3228 hoc
511 3181 679 3248 patiuntur,
708 3170 788 3249 quod
812 3169 866 3230 sub
893 3179 1007 3261 tempus
1033 3165 1190 3228 nativitatis
1211 3167 1323 3228 Christi

189 3241 318 3302 edictum
342 3243 446 3305 exierit
469 3245 506 3305 de
530 3245 646 3326 populu
670 3247 836 3321 censendo,
867 3246 1027 3327 descriptio
1052 3257 1148 3306 autem
1175 3244 1238 3304 lieri
1258 3265 1319 3306 uon

188 3319 321 3456 potuerit
344 3319 401 3380 nisi
424 3333 537 3382 mutato
561 3322 647 3406 regni
672 3333 764 3398 statu,
793 3343 881 3414 quum
901 3323 933 3384 iii
953 3333 1065 3404 partem
1076 3321 1254 3402 provinciae
1271 3341 1321 3382 re-

210 3407 274 3456 acta
302 3407 379 3458 esset
396 3397 515 3460 Iudaea.
551 3397 597 3468 lta
619 3399 675 3460 hoc
695 3409 840 3480 posterius
859 3400 1023 3460 membrum
1042 3399 1107 3459 rice
1127 3398 1322 3462 correctionis

187 3471 318 3536 additum
345 3473 414 3534 erit:
444 3475 526 3536 Ilaec
551 3475 709 3556 descriptio
736 3477 830 3557 prima
851 3476 908 3536 luit
925 3475 1060 3558 praeside
1082 3474 1232 3558 Cyrenio,
1261 3476 1320 3536 boc

188 3559 233 3610 eat
256 3560 327 3610 tunc
350 3549 477 3631 primuni
502 3553 538 3612 ad
563 3551 703 3611 ellectum
729 3553 869 3634 perducta
896 3563 948 3614 est
993 3553 1169 3633 Qiauquam
1190 3552 1319 3612 nondum

187 3625 281 3690 soluta
312 3639 357 3688 est
386 3640 449 3690 tota
475 3629 624 3708 quaestio,
662 3649 729 3688 nani
754 3649 844 3708 quum
870 3630 1008 3690 Iudaeam
1024 3575 1170 3689 blcrodes
1194 3639 1319 3704 teneret,

187 3725 328 3784 quorsum
346 3704 465 3764 attinuit
472 3725 522 3824 po
544 3704 623 3764 ulum
644 3705 774 3780 censeri,
803 3706 853 3786 qui
873 3706 1016 3766 tributum
1035 3707 1172 3766 Romano
1193 3704 1318 3786 imperio

186 3780 300 3841 nullum
319 3781 480 3861 pendebat.
523 3725 717 3861 llespondco,
737 3782 809 3841 nihil
831 3803 894 3843 esse
914 3781 1041 3858 absurdi,
1061 3781 1085 3842 si
1105 3783 1263 3866 Augustus,
1282 3795 1316 3842 ut

186 3855 258 3941 iugo
278 3857 474 3920 assuefaceret
492 3857 634 3932 Iudaeos,
649 3865 780 3994 ¹quorum
800 3857 865 3940 plus
883 3859 951 3920 satis
971 3871 1042 3920 nota
1063 3871 1127 3919 crat
1145 3859 1320 3940 pervicacia,

186 3934 301 3994 censeri
321 3935 448 3996 volucrit
466 3934 553 3994 etiam
572 3934 627 3994 sub
679 3938 779 3996 crode.
812 3937 877 3996 Nec
897 3935 1012 3996 obstitit
1030 3936 1178 4017 peculiare
1192 3935 1317 3996 Herodis

186 4031 325 4093 regnum,
361 4013 432 4092 quiri
460 4009 563 4072 tributi
587 4011 709 4071 nomine
736 4011 846 4091 aliquid
872 4011 902 4071 iu
922 4011 1043 4094 'singula
1067 4012 1163 4092 capita
1183 4011 1315 4072 Romano

186 4087 312 4169 imperio
339 4089 505 4169 penderent
529 4087 640 4149 Iudaei.
685 4088 799 4148 Scimus
821 4089 915 4162 enim,
945 4089 1095 4149 Herodem
1116 4098 1228 4148 tantum
1249 4109 1314 4169 pre-

185 4165 266 4227 cario
287 4175 318 4224 et
336 4165 552 4244 propemodum
572 4165 718 4226 serviliter·
736 4183 884 4248 regnasse.
923 4165 1048 4238 Nescio,
1067 4166 1146 4226 uude
1165 4165 1316 4301 sumpserit
1343 4201 1352 4215 ·

183 4241 327 4308 Eusebius
348 4240 428 4319 quod
448 4243 547 4316 docet,
567 4261 687 4302 censum
698 4242 775 4302 hunc
786 4242 1049 4302 senatusconsulto
1061 4242 1213 4302 decretum
1235 4243 1314 4302 uisse.

258 4326 286 4384 7.
325 4317 396 4376 Non
418 4331 481 4376 mat
506 4317 587 4378 locas
609 4321 642 4377 iia
664 4317 833 4379 dliicrsoiin
878 4317 936 4377 Hic
964 4317 1095 4378 videmus
1125 4337 1187 4376 non
1217 4320 1315 4392 modo,

182 4405 291 4478 manea
309 4391 400 4453 luerit
418 4392 520 4474 inopia
532 4395 652 4476 Ioseph,
671 4396 832 4458 sedetiam
852 4413 939 4475 quani
957 4393 1063 4456 acerba
1077 4394 1167 4462 luerit
1176 4395 1315 4476 tyrannis,
