2790 4838
211 149 219 176 s
260 158 264 166 ι

175 249 235 312 mr
288 287 294 306 „
495 275 500 282 -
612 211 765 302 suerro
787 237 918 300 vnn,

177 417 217 460 ne
236 398 349 462 scilicet
387 407 500 458 atomus
522 413 577 456 nos
602 411 723 472 operam
743 392 884 473 perdere,
913 391 982 472 quia
1003 390 1098 452 minas
1118 389 1221 454 idonei
1236 384 1321 454 ¹sunt

106 507 107 515 ο
178 476 337 536 auditores.
401 495 471 534 orro
495 472 520 534 si
569 493 635 532 nem
655 467 803 529 nonsatis
824 468 934 530 afficiat
958 466 1134 549 promissio²
1156 467 1320 530 horribilis
1384 479 1385 536 l

178 551 368 615 comminatio
386 550 533 628 sequitur,
548 494 700 610 libristum
719 545 771 606 ubi
791 543 828 606 acl
847 543 986 606 iudicium
1004 544 1105 604 mundi
1126 547 1318 628 apparuerit,

177 628 390 710 abnegaturum
410 643 608 695 essoomnes,
633 622 683 712 ipsi
702 642 769 682 enm
782 621 901 758 perfide
926 621 1005 713 apud
1024 620 1161 682 homines
1177 643 1317 713 negave-
1358 699 1362 704 .

176 705 246 766 rint
283 706 363 764 liant
387 723 483 776 nnnc,
515 714 545 762 et
567 698 623 762 sihi
650 721 681 759 sn
705 720 755 758 sna
803 697 1012 758 issimnlatrone
1058 699 1172 758 laceant
1196 699 1318 760 inrmici
1384 769 1385 776 ἵ

178 779 283 854 crucis,
322 799 389 838 num
410 799 426 838 e
446 778 523 838 libro
543 777 619 837 vitae
640 773 772 836 Christus
791 773 871 854 ipsos
891 774 996 834 deleat
1026 720 1111 850 ὅπως
1133 774 1212 834 enim
1224 775 1315 835 Deus
1384 825 1385 828 ,

176 856 282 916 ultimo
301 800 349 914 ite
368 854 447 914 inter
466 853 541 914 lilios
561 863 713 930 agnoscet,
732 848 787 910 nisi
807 851 857 930 qui
877 873 892 912 a
915 849 1034 911 Christo
1055 849 1099 911 illi
1120 850 1317 914 offerentur?

97 995 99 1006 ,
157 930 271 1010 'Atqui
291 951 323 992 se
344 929 522 990 contrarium
548 929 608 1002 illis,
630 927 697 993 lore
715 939 820 988 testem
859 927 1026 998 renuntiat,
1055 947 1144 990 nese
1164 927 1240 987 salso
1262 929 1315 988 in·
1384 985 1385 988 ,

176 1006 304 1068 sinuent.
344 1005 437 1082 Quod
460 1019 599 1067 arumnis
623 1023 684 1066 esse
709 1004 814 1066 dicitur
834 949 967 1068 Christus
993 1005 1025 1064 in
1068 1003 1145 1064 los-io
1165 1008 1263 1084 pruma
1285 1019 1316 1064 es
1384 1011 1385 1020 ’

112 1107 115 1117 ·
177 1084 359 1158 magalonam,
379 1104 479 1144 sensus
499 1095 553 1158 est,
573 1082 699 1144 divinam
720 1081 779 1142 eius
800 1081 924 1170 gloriam
943 1093 1014 1140 tnnc
1026 1027 1104 1142 ciam
1116 1080 1314 1142 manifestans·
1384 1101 1385 1104 ¹

175 1159 243 1225 clam
263 1180 342 1234 esse,
376 1171 461 1220 etan
485 1159 563 1236 clos,
591 1169 624 1218 ut
649 1179 727 1220 nune
753 1157 856 1218 solmm
875 1157 1105 1240 Ileicingnnt,
1125 1169 1244 1239 praesto
1265 1157 1312 1216 illi
1384 1203 1385 1206 ,

175 1235 290 1296 futuros
310 1239 346 1298 ad
367 1181 611 1328 ornanijm'eius
630 1234 818 1294 maiestatem.
856 1233 952 1294 Locus
973 1255 1006 1294 ea
1025 1235 1122 1296 Lucae
1142 1235 1238 1313 capite
1258 1239 1311 1298 21.
1384 1233 1385 1244 ¹

175 1311 318 1372 Matthaei
338 1325 490 1384 contextus
507 1313 677 1393 respondet.
715 1309 809 1386 Quod
829 1321 924 1370 autem
945 1331 979 1370 ex
992 1318 1020 1376 9.
1034 1311 1139 1392 capite,
1161 1311 1310 1371 ethlarco
1384 1309 1385 1330 ¹

174 1387 339 1464 retulimus,
357 1389 474 1451 videtur
493 1389 551 1450 alio
572 1399 707 1468 tempore
728 1409 789 1450 esse
809 1387 927 1463 dietum,
946 1387 998 1450 sed
1018 1387 1086 1469 qnia
1104 1387 1206 1448 similis
1218 1407 1311 1468 pror-

175 1488 223 1528 sus
243 1476 308 1526 erat
323 1466 472 1540 doctrina,
491 1466 676 1547 coniungere
696 1464 814 1544 placuit.
1384 1509 1385 1540 ,

123 1549 125 1554 '
251 1543 333 1603 Luca
343 1550 390 1609 51.
427 1543 541 1602 Putatis
551 1543 631 1622 quod
638 1563 743 1618 pacem
759 1544 882 1602 emerim
899 1543 1058 1605 nameus?
1098 1539 1191 1614 Quod
1211 1561 1312 1620 nuper

145 1621 148 1628 ’
175 1641 193 1680 a
213 1619 361 1698 discipulis
380 1619 438 1680 suis
459 1617 592 1680 Christus
612 1617 786 1699 postulavit,
805 1617 889 1682 nullo
909 1616 1032 1699 negotio
1053 1637 1160 1700 prose
1181 1616 1310 1697 quisque
1335 1666 1339 1677 ,
1384 1673 1385 1676 ,

174 1708 309 1758 nostrum
321 1707 507 1775 ,praestarem
525 1695 549 1754 si
570 1707 648 1755 totus
667 1693 790 1755 mundus
809 1714 869 1754 uno
890 1711 1034 1756 consensu
1053 1691 1254 1755 subscriberet
1275 1695 1308 1754 in
1384 1771 1385 1774 Ἴ

172 1772 331 1853 Evangelii
350 1771 522 1832 doctrinam.
561 1770 620 1832 Sed
641 1771 708 1849 quia
723 1769 808 1834 'bona
826 1791 893 1851 pars
912 1791 974 1831 non
998 1771 1089 1830 modo
1110 1769 1231 1830 adversa
1252 1783 1309 1844 est,

174 1849 228 1910 sed
247 1848 353 1908 acriter
373 1847 460 1908 etiam
479 1851 637 1930 repugnet,
656 1867 719 1906 nou
761 1867 890 1908 ossumus
908 1849 973 1908 sine
993 1847 1153 1922 certamine
1174 1867 1209 1906 ac
1226 1847 1309 1906 mul-

127 1930 129 1939 '
172 1935 273 1986 torum
291 1923 362 1984 odio
383 1921 533 1984 Christum
552 1921 695 1986 confiteri.
733 1867 883 1986 ldmona
902 1923 992 2006 igitur
1010 1921 1252 1998 suosChristus,
1273 1935 1308 1984 ut
1384 1961 1385 1964 =

124 2010 152 2076 .‘
173 2001 262 2062 read
302 1999 628 2080 melium-comparent,
649 2001 716 2080 quia
725 2021 780 2091 pro
797 2000 968 2061 testimonio
988 1996 1118 2061 veritatis
1138 1999 1306 2060 necessario

174 2019 344 2137 bellaniam
361 2077 408 2136 sit
446 2079 488 2140 nt
509 2099 545 2138 ne
565 2077 605 2139 ita
624 2077 734 2156 duplies
754 2077 937 2138 offendiculo
957 2078 1100 2150 recurrit,
1127 2075 1209 2155 quod
1227 2076 1305 2137 alio-

173 2154 226 2234 qui
245 2173 307 2215 non
326 2174 428 2234 parum
449 2099 594 2214 tuilsasset
611 2153 739 2216 infirmas
758 2167 880 2216 mentes.
920 2155 1021 2230 Quum
1040 2153 1210 2234 Prophetae
1236 2151 1304 2211 ubi·
1338 2217 1344 2229 Ι

174 2250 232 2311 qne
256 2249 359 2312 pacem
385 2231 575 2310 tranquillum
598 2242 763 2294 aestatum
787 2231 841 2291 suh
863 2229 974 2293 Christi
997 2223 1092 2324 re'gno
1118 2228 1305 2310 promittant,

174 2307 244 2386 quid
273 2305 352 2366 alind
382 2320 550 2388 sperassent
576 2253 710 2388 liscipnli
737 2329 823 2387 qnam
849 2319 951 2388 pacata
975 2321 1072 2374 statim
1097 2307 1163 2367 lore
1192 2305 1306 2379 omnia,

173 2404 351 2476 quocunque
370 2385 525 2447 venirent?
563 2386 625 2444 Iam
646 2405 734 2520 gnum
754 2385 888 2446 Christus
907 2385 1021 2464 dicatur
1033 2405 1104 2463 por
1121 2397 1241 2460 noema,
1273 2394 1305 2441 et

171 2461 366 2544 ltvangehum
387 2483 442 2522 nos
452 2462 520 2522 Deo
534 2462 654 2522 reconci
668 2461 718 2536 iet,
737 2463 928 2541 consequitur
946 2463 1102 2522 fraternam
1121 2459 1207 2520 simul
1227 2479 1306 2518 con-

172 2537 303 2599 cordiam
322 2538 400 2598 inter
418 2561 474 2600 nos
484 2539 633 2600 constitui.
670 2541 754 2620 Ergo
766 2555 878 2621 pugnas
892 2550 921 2599 et
932 2540 1137 2600 contentiones
1149 2538 1179 2598 in
1189 2537 1304 2596 mundo

89 2631 93 2641 ·
170 2615 305 2690 accendi,
323 2615 376 2676 ubi
394 2617 587 2708 Evangelinm
606 2616 801 2695 praedicatur,
831 2635 893 2674 non
912 2615 1029 2678 videtur
1048 2609 1303 2697 congruere'cum
1384 2625 1385 2678 4

169 2691 387 2772 Prophetarum
411 2692 573 2770 vaticiniis,
601 2713 635 2752 ac
659 2692 752 2752 multo
778 2692 873 2751 minos
903 2713 967 2752 cum
994 2692 1094 2753 olhcio
1126 2690 1239 2750 Christi
1268 2711 1303 2749 ac
1384 2689 1385 2740 ἶ

110 2761 118 2787 ’
168 2768 326 2904 Evangelii
344 2781 456 2828 natura.
495 2769 555 2828 Sed
575 2789 629 2848 pas
649 2768 714 2842 illa,
740 2787 826 2849 qnam
846 2767 998 2829 celebrant
1017 2769 1200 2849 Prophetae,
1233 2766 1303 2848 quia

169 2865 238 2908 eum
279 2847 314 2905 de
338 2845 494 2905 coniuncta
520 2857 578 2921 est,
606 2865 669 2904 non
694 2843 748 2904 nisi
772 2843 851 2907 inter
873 2867 965 2924 puros
989 2845 1049 2906 Dei
1069 2843 1198 2906 cultores
1219 2856 1250 2902 et
1268 2843 1302 2902 in
1384 2883 1385 2910 ,

140 2917 143 2930 '
169 2921 226 3004 piis
251 2921 439 2982 conscientiis
455 2921 558 3004 ·viget:
592 2941 684 3000 usque
708 2919 745 2980 ad
769 2911 938 2986 incredulos
962 2943 1034 2983 vero
1063 2939 1126 2982 non
1153 2919 1303 3000 pervenit,

170 2997 301 3076 quamvis
326 2997 383 3057 illis
407 2996 567 3075 offeratur,
597 2996 691 3058 nihilo
717 2997 804 3058 etiam
828 2999 920 3081 magis
940 3019 1006 3075 cum
1024 3000 1092 3060 Deo
1118 2997 1148 3058 in
1175 2997 1301 3080 gratiam

58 3108 62 3129 0
169 3073 269 3134 redire
287 3073 447 3148 sustinent,
479 3095 538 3154 quo
565 3075 598 3135 lit
617 3087 650 3135 nt
669 3074 747 3154 pacis
768 3073 877 3157 legatio
898 3076 1039 3136 maiorem
1060 3071 1168 3136 inillis
1188 3072 1300 3132 tumul-

168 3161 232 3210 tum
253 3150 366 3210 excitet.
405 3149 484 3224 Quia
505 3149 582 3212 enim
603 3147 712 3225 Satan,
739 3151 789 3230 qui
810 3153 933 3233 reg‘num
954 3152 1129 3234 occupatio
1149 3149 1301 3230 reprobis,

167 3225 279 3300 insanit
302 3225 338 3286 ad
363 3247 473 3287 nomen
494 3225 620 3304 Christi,
657 3227 776 3288 simulac
801 3229 951 3307 prolertur
975 3227 1130 3312 Evangelii
1151 3227 1300 3300 doctrina,

168 3301 288 3364 illorum
307 3301 452 3382 impietas,
471 3325 546 3383 qnae
565 3306 645 3386 prius
664 3307 761 3386 sopita
780 3303 905 3378 iacebat,
924 3304 1045 3366 acuitur.
1085 3305 1136 3364 Sic
1152 3301 1301 3375 Christus,

168 3379 223 3460 qui
238 3379 360 3460 proprie
379 3381 459 3462 pacis
480 3393 524 3442 est
542 3396 655 3458 auctor,
674 3391 798 3462 propter
817 3382 966 3453 hominurn
986 3381 1123 3442 malitiam
1143 3379 1299 3442 turbarum

168 3468 214 3548 ept
233 3455 359 3518 occasio.
397 3457 475 3518 Hinc
487 3458 638 3534 discamus,
658 3472 766 3538 quanta
785 3457 824 3518 sit
842 3469 997 3537 corruptae
1019 3472 1138 3522 naturae
1159 3456 1305 3535 pravitas,-

168 3546 322 3628 quartam
342 3531 573 3614 incomparabile
593 3537 702 3596 donum
721 3554 783 3596 non
801 3533 892 3594 modo
905 3536 1094 3608 contaminat,
1113 3533 1164 3594 sed
1183 3534 1215 3592 in
1229 3554 1298 3613 pes·
1384 3589 1385 3600 ,

165 3629 268 3672 sumam
288 3630 393 3672 noxam
411 3613 568 3674 convertit.
617 3614 736 3672 Interea
759 3612 784 3670 si
803 3611 954 3673 exoriente
976 3612 1087 3673 (lhristi
1111 3629 1206 3692 regno
1231 3633 1297 3670 sur-

166 3699 242 3781 gunt
260 3687 415 3762 tumultus,
444 3711 483 3749 ne
502 3690 654 3750 turbemur
679 3689 759 3769 quasi
783 3709 815 3748 re
841 3707 918 3748 nova
940 3700 990 3748 aut
1012 3687 1144 3764 insolita,
1176 3687 1298 3766 qnando

166 3789 177 3826 ι
200 3778 230 3826 se
248 3764 442 3858 Evangelium
461 3784 544 3825 sunm
563 3765 662 3848 gladio
683 3776 849 3844 comparat,
877 3775 908 3824 et
926 3771 1111 3856 διαμερισμόν
1131 3783 1193 3823 esse
1215 3764 1296 3824 dicit.

169 3785 298 3918 guidam
318 3844 367 3916 lnc
387 3843 514 3905 describi
528 3863 658 3932 poenam
677 3853 790 3922 putant,
810 3861 885 3922 quae
904 3839 1058 3923 Evangelii
1078 3841 1297 3920 contemptori-

167 3919 221 3979 bus
240 3919 352 3980 inflieta
373 3927 426 3988 est,
444 3930 478 3978 ut
497 3919 546 3978 aln
565 3919 596 3978 in
609 3919 682 3978 alios
696 3917 844 3978 hostiliter
855 3917 1051 4000 insurgerent,
1069 3919 1121 3977 sed
1141 3929 1297 3977 contextus

83 4031 86 4047 ·
166 3995 363 4078 demonstrat,
393 3993 543 4057 Christum
567 3995 615 4056 hic
635 3994 752 4058 hortari
779 3993 937 4074 discipulos
967 3995 1005 4054 ad
1030 3991 1240 4073 constantiam,
1270 3995 1297 4055 si
1384 4009 1385 4050 f

167 4069 248 4133 bona
267 4093 333 4152 pars
353 4072 454 4132 mundi
473 4071 509 4132 ab
522 4071 589 4153 ipsis
603 4070 748 4145 dissideat,
768 4091 801 4132 ac
819 4089 870 4130 sua
890 4089 964 4134 voce
982 4071 1065 4150 quasi
1083 4069 1157 4130 tuha
1174 4071 1295 4134 militari
1384 4073 1385 4140 ζ

166 4147 338 4208 innumeros
358 4149 456 4208 hostes
474 4149 511 4208 ad
530 4169 609 4208 arma
628 4147 787 4213 concitent.
930 4195 932 4204 ,
1090 4161 1095 4199 t

242 4224 345 4286 lllattb.
364 4231 413 4289 35.
449 4223 600 4285 Dissidere
614 4226 743 4305 faciam.
782 4223 860 4284 Hinc
885 4217 990 4284 elarius
1014 4222 1191 4304 perspicitur
1212 4225 1293 4304 quod
1384 4215 1385 4230 ¹

167 4299 258 4382 paulo
277 4313 343 4360 ante
364 4299 493 4377 diximus,
513 4313 631 4384 praeter
642 4299 795 4382 Evangelii
815 4309 946 4362 naturam
967 4301 1125 4380 impiorum
1136 4299 1181 4362 cul
1205 4303 1292 4361 ahoe

167 4375 315 4458 accidere,
345 4387 380 4438 nt
399 4399 515 4460 pugnae
539 4391 569 4440 et
588 4377 726 4442 tumultus
745 4387 874 4458 surgant.
922 4377 999 4450 Nam
1020 4379 1100 4460 quod
1120 4377 1156 4441 de
1176 4323 1291 4442 lisura
1384 4439 1385 4442 ,

489 4599 496 4638 l
