2790 4838
80 2427 83 2460 ⁵
194 2435 282 2483 rnrtro
307 2425 385 2510 sapto
411 2427 529 2486 tandem
554 2445 570 2486 a

89 192 92 198 ’
184 219 243 286 ma
441 209 593 276 sucuro
612 209 650 274 s
688 207 782 284 mss
801 223 844 272 ss
864 207 1057 272 nameus

187 365 318 441 medius,
339 365 410 428 inde
427 363 572 430 refutatur
590 361 641 428 iila
659 361 773 444 opinio.
811 361 998 426 Probabilius
1017 363 1180 444 loquuntur
1199 361 1259 444 qul.
1274 363 1327 426 di.

189 441 420 521 cunt‘ultimum
439 438 527 508 fuisse
546 439 740 504 sollemnitatis
759 439 851 517 diem,
871 439 923 520 qui
942 459 1034 519 aeque
1054 437 1178 504 celebris
1199 451 1268 502 erat
1288 462 1328 504 ac

186 521 318 606 primus,
353 519 530 600 Quanquam
553 517 624 578 mihi
642 517 734 654 maqis
753 513 863 578 arridet
881 536 985 578 eorum
1004 515 1165 591 sententia,
1198 517 1251 598 qui
1271 539 1327 580 ge.

190 598 314 660 condam
339 595 408 656 anni
431 595 617 655 festivitatem
642 593 824 675 inteligunt:
855 604 887 653 et
905 613 1015 654 nomen
1036 593 1146 673 optime
1166 595 1328 676 congruit,
1388 601 1389 606 ’

192 671 354 737 Sabbatum
374 671 472 734 vocari
492 669 780 762 secundo-primum,
799 670 879 748 qnod
897 690 933 730 ex
952 669 1119 750 praecipuis
1138 668 1196 730 illis
1216 682 1249 732 et
1268 691 1328 730 an-
1388 689 1389 694 ¹

190 748 355 812 niversariis
385 748 660 830 ordine-temporis
691 745 849 808 secuudum
875 758 946 807 erat.
1004 746 1134 808 Primum
1158 765 1232 810 rero
1258 758 1330 810 erat

189 825 312 900 Pascha,
331 823 400 885 ideo
420 821 575 904 probabile
595 835 648 898 est,
667 834 736 883 tuuc
757 820 842 882 fuisse
884 821 1013 882 rimitias.

264 897 356 960 Marc.
375 907 422 965 at.
445 901 525 966 ,Gur
533 901 658 981 facium
675 895 809 961 sabbatis.
872 919 912 960 on
931 897 1158 980 reprehendunt
1169 897 1328 958 Pharisaei
1368 918 1389 972 ῃ

192 975 350 1057 discipulos
376 974 503 1052 Christi,
534 977 615 1056 quod
641 998 675 1038 ex
693 976 792 1036 alieno
812 995 884 1058 agro
905 976 1015 1038 vellant
1031 976 1140 1056 spicas,
1167 975 1220 1036 sed
1240 976 1327 1055 quod
1388 1047 1389 1052 η

91 1042 95 1068 i
190 1053 343 1116 sabbatum
367 1051 490 1114 siolent
549 1052 641 1128 Quasi
665 1073 737 1124 vero
761 1051 792 1112 in
816 1052 1005 1122 hubelinam
1031 1052 1197 1115 ordinatum
1222 1050 1329 1127 fuerit,

100 1111 124 1180 ἰ
190 1141 226 1189 ut
244 1139 368 1210 pereant
386 1128 513 1191 famelici
530 1128 664 1189 homines
684 1127 793 1210 potius,
811 1149 897 1209 quam
915 1127 1043 1190 inediam
1062 1149 1142 1188 snam
1155 1126 1326 1188 sublevent.

190 1203 284 1286 Atqui
302 1203 375 1265 haec
393 1216 507 1274 tantum
526 1205 584 1265 fuit
600 1205 713 1266 sabbati
732 1203 826 1280 ratio,
856 1215 889 1264 ut
907 1204 1033 1284 populus
1052 1212 1083 1265 se
1102 1205 1170 1264 Deo
1189 1203 1326 1264 sanctifi-

192 1301 261 1344 cans
285 1281 322 1340 ad
345 1303 446 1343 verum
473 1293 504 1342 et
521 1282 701 1362 spiritualem
721 1279 829 1342 cultum
849 1301 880 1342 se
900 1292 1062 1344 exerceret:
1093 1281 1198 1342 deinde
1215 1291 1250 1339 ut
1267 1299 1326 1340 so-

192 1357 271 1418 lutus
296 1358 333 1416 ab
346 1357 496 1428 ,omnibus
513 1358 646 1435 ,temesis
666 1357 793 1450 negotiis
812 1374 910 1418 sacros
930 1369 1090 1423 conventus
1108 1355 1328 1506 liberiusbaget-⁹
1388 1383 1389 1394 ι

1243 1453 1258 1492 e
1284 1452 1300 1491 a

102 1453 110 1504 ¹.
141 1465 156 1508 ,·
192 1447 248 1495 ret.
294 1435 395 1508 Quare
420 1433 551 1518 legitima
575 1434 740 1496 obsecratio
761 1433 798 1493 ad
816 1454 940 1514 scopum
958 1433 1039 1494 illum
1059 1433 1164 1494 referri
1183 1432 1219 1492 de

194 1511 263 1590 quia
287 1531 321 1570 ex
343 1522 443 1570 mente
466 1509 657 1593 Legislatoris
680 1511 809 1602 petenda
834 1522 879 1570 est
896 1510 1103 1601 interpretatio
1122 1508 1220 1601 Legis.
1257 1507 1325 1570 Sed

175 1621 178 1624 ss
193 1586 264 1678 binc
286 1599 425 1668 apparet,
454 1607 541 1666 quam
559 1586 687 1669 maligna
705 1597 743 1646 sat
762 1598 792 1645 et
810 1585 999 1666 implacabilis
1017 1585 1203 1722 superstitio,
1233 1603 1324 1667 prae·
1388 1585 1389 1640 ἕ

193 1675 294 1724 sertrm
318 1683 391 1723 vero
416 1683 502 1743 quam
521 1661 648 1724 fastuose
668 1674 700 1723 et
718 1661 875 1731 crudeliter
893 1661 1035 1724 insultent
1072 1661 1239 1754 ypocritae,
1270 1661 1324 1721 ubi

193 1729 316 1800 ambitio
347 1749 377 1798 et
404 1757 549 1818 personae
574 1737 678 1798 odium
708 1749 902 1799 concurrunt:
940 1761 1002 1799 non
1033 1759 1112 1798 enrm
1140 1737 1204 1798 sola
1234 1737 1324 1798 fictae

194 1813 405 1875 sanctimoniae
425 1813 586 1889 affectatio,
606 1814 849 1894 quemadmodum
869 1813 936 1890 dixi,
954 1815 1125 1895 Pharisaeos
1143 1824 1203 1874 tam
1224 1826 1325 1874 ausae-

194 1911 245 1952 ros
265 1893 295 1949 et
313 1890 424 1970 rigidos
444 1889 529 2026 feciq
543 1891 595 1952 sed
614 1911 703 1970 quum
723 1911 757 1950 ex
776 1891 910 1971 professo
931 1888 1190 1972 cuperent'omnia
1209 1889 1325 1954 Christi

196 1965 272 2028 dicta
298 1977 328 2025 et
348 1969 423 2027 facta
442 1985 508 2026 arro
532 1987 598 2041 ere,
627 1967 691 2029 fieri
710 1987 771 2025 non
790 1967 889 2046 potuit
908 1968 978 2048 quin
997 1968 1148 2032 traherent
1165 1967 1196 2026 in
1216 1967 1324 2028 malam

193 2052 319 2122 partem,
337 2043 369 2102 in
390 2041 493 2122 quibus
513 2043 586 2104 nihil
606 2055 668 2104 erat
686 2043 764 2117 sitii,
804 2045 1027 2105 uemadmodnm
1046 2042 1154 2104 sinistri
1171 2043 1324 2123 interpre-

194 2128 240 2178 tes
265 2117 370 2178 solent.
429 2119 522 2193 Quod
545 2119 708 2180 Matthaeus
735 2131 765 2180 et
822 2139 904 2180 arcus
929 2119 1077 2181 obiectum
1102 2119 1190 2179 fuisse
1209 2121 1324 2180 munera

193 2193 332 2258 Domino·
347 2193 495 2269 referrent,
517 2196 611 2255 Lucas
630 2209 728 2258 autem
746 2195 910 2277 discipulis,
935 2195 974 2256 in·
987 2216 1024 2258 eo
1043 2195 1117 2257 nihil
1136 2207 1181 2256 est
1198 2195 1324 2260 dissidiis

194 2270 351 2354 probabile
377 2271 454 2332 enim
481 2283 540 2347 est,
571 2272 611 2332 ita
630 2284 746 2334 vexatos
766 2271 854 2333 fuisse
872 2272 1044 2352 discipulos,
1071 2284 1106 2333 ut
1123 2271 1270 2333 accusatio
1289 2272 1323 2333 in
1388 2275 1389 2278 ’

193 2347 365 2441 magistrum
384 2349 477 2428 ipsum
496 2349 568 2410 strin
592 2361 698 2410 eretur.
736 2348 816 2410 Fieri
837 2348 924 2408 etiam
942 2349 1056 2429 potuit,
1085 2359 1118 2409 ut
1137 2371 1153 2409 a
1172 2349 1243 2409 disci
1266 2347 1323 2412 ulis

197 2421 205 2438 '
230 2424 237 2439 '
571 2367 591 2486 d
618 2424 766 2486 Christum
788 2425 959 2504 disceptatio
978 2425 1162 2516 pervenerit,
1193 2369 1266 2486 eti

1268 2425 1325 2486 ba·
1388 2477 1389 2486 ,

194 2499 281 2562 risaei
301 2500 409 2582 malitia
427 2522 477 2562 sua
496 2501 602 2580 perciti
622 2503 737 2584 eulpam
756 2500 798 2563 illi
817 2502 1039 2638 mpmrmrnt3
1060 2503 1139 2591 quod
1158 2501 1319 2583 discipulos
1388 2533 1389 2556 1

196 2595 265 2638 suos
285 2577 389 2638 tacitus
407 2577 523 2638 sinebat
540 2577 692 2639 sabbatum
710 2591 844 2660 transgre
867 2599 884 2636 a

271 2654 375 2716 araris.
398 2661 427 2720 s.
470 2653 541 2714 aaa
564 2653 685 2732 agras,
717 2653 908 2736 ,assasse
925 2651 1033 2714 nasa.
1073 2644 1216 2736 Quisque
1233 2675 1319 2746 uga-
1388 2615 1389 2618 Ὺ

195 2729 303 2791 mentis
321 2729 466 2790 refutatur
484 2751 500 2790 a
521 2730 641 2793 Christo
661 2751 762 2792 eorum
782 2731 934 2791 calumnia.
971 2731 1089 2804 Primo,
1107 2751 1174 2792 suos
1195 2732 1324 2813 discrpu-

195 2806 241 2867 los
261 2805 394 2886 exemplo
414 2807 534 2866 Davidis
554 2819 669 2870 excusat
687 2807 732 2883 (l.
753 2806 830 2869 Sam.
849 2814 899 2883 21,
917 2809 975 2886 (i).
1011 2807 1109 2870 David
1128 2807 1206 2868 enim
1226 2807 1324 2870 Saulis

97 2885 100 2891 ¹
194 2876 374 2945 irdcundiam
394 2881 520 2964 fugiens,
539 2903 627 2961 quum
645 2883 780 2943 viaticum
800 2894 917 2965 peteret
934 2883 1325 2963 asacerdotehchirnelecb,
1388 2913 1389 2932 ι

195 2977 252 3018 nec
270 2969 442 3037 suppeteret
459 2957 507 3018 vul
530 2958 587 3018 aris
606 2957 698 3034 cibus,
717 2959 848 3020 obtinuit
865 2971 899 3019 ut
916 2960 990 3020 sacri
1010 2981 1100 3042 panes
1109 2960 1165 3020 sibi
1176 2961 1324 3022 darenmr.
1388 3005 1389 3008 ,

198 3033 234 3091 Si
253 3034 409 3094 necessitas
422 3033 498 3094 Davi
520 3055 565 3095 em
586 3033 721 3110 absolvit,
740 3037 842 3097 eadem
861 3036 938 3097 ratio
957 3037 988 3096 in
1009 3035 1071 3098 aliis
1091 3037 1324 3128 valeatoportet.
1388 3049 1389 3100 3

193 3109 285 3168 'Unde
304 3110 446 3188 sequitur,
464 3130 527 3195 non
544 3109 648 3196 violari
668 3113 846 3174 ceremonias
865 3111 964 3196 Legis,
982 3111 1073 3174 modo
1093 3133 1131 3173 ne
1150 3119 1250 3193 pietas*
1262 3113 1325 3175 lae·

122 3201 127 3221 t
192 3185 290 3246 datur.
322 3184 418 3244 Sumit
436 3195 533 3256 autem
547 3184 678 3248 Christus
698 3209 754 3269 pro
774 3188 922 3262 confosso,
941 3188 1026 3270 culpa
1044 3209 1159 3250 vacasse
1168 3189 1325 3268 Davidem,

50 3310 56 3334 ,
140 3333 142 3344 ,
196 3261 264 3341 quia
293 3260 427 3321 laudatur
454 3262 590 3326 sacerdos
620 3263 745 3344 Spiritus
771 3266 863 3327 sancti
881 3265 1004 3357 elogii),
1035 3267 1086 3358 qui
1109 3285 1206 3326 saeros
1231 3287 1323 3347 panes

194 3357 310 3406 sumere
334 3336 376 3399 illi
399 3337 541 3418 permisit.
585 3339 686 3414 Quum
711 3342 795 3418 dicit,
824 3362 885 3403 non
911 3342 1025 3404 licuisse
1049 3341 1105 3402 ursi
1123 3342 1325 3404 sacerdotibus
1388 3379 1389 3384 ι

195 3411 265 3474 solis
286 3413 385 3506 edere·
389 3435 484 3551 panes
503 3415 579 3489 illos,
599 3417 793 3502 intelligamus
813 3418 877 3478 iure
897 3419 1045 3479 communi
1062 3419 1228 3498 (Exodhl),
1246 3421 1323 3498 3b)a

194 3509 387 3646 ¹qiiiietesieibut¹
399 3513 548 3645 Ciristns,
567 3571 617 3632 sed
638 3571 718 3652 quod
737 3571 859 3633 vetitum
879 3583 942 3632 erat
960 3572 991 3631 in
1011 3583 1123 3633 eertum
1142 3573 1248 3650 finem,
1267 3593 1321 3632 ne-

104 3663 109 3688 t
139 3681 148 3696 ι
188 3643 314 3708 'cessitas
331 3643 440 3704 licitum
462 3645 540 3704 fucit

252 3725 297 3784 “b
336 3719 469 3781 saltatu
485 3721 653 3784 sroeeasfotes.
695 3721 864 3785 Secundum
886 3683 1108 3808 ¹argumentum,
1136 3745 1196 3806 quo
1215 3725 1325 3806 probat

195 3793 329 3856 Christus
351 3797 470 3857 sabbati
494 3799 704 3875 violationem,
734 3801 771 3861 de
795 3821 851 3880 qua
876 3803 1031 3938 conquesti
1056 3813 1140 3862 erant
1165 3801 1325 3880 Pharisaei,
1388 3845 1389 3856 a

194 3863 295 3932 careri
315 3874 396 3932 omni
417 3873 516 3954 culpa:
540 3877 607 3966 quia
625 3876 752 3938 sabbatis
773 3875 843 3938 lieet
860 3877 949 3940 immo
963 3899 1012 3939 are
1031 3879 1178 3954 victimas,
1197 3878 1322 3940 eircum-

193 3946 292 4008 cidere
312 3949 450 4025 infantes,
471 3963 501 4011 et
520 3950 574 4010 alra
586 3971 655 4032 pera
680 3973 728 4012 ere
740 3973 930 4034 quaerunque
941 3955 979 4046 ad
990 3955 1048 4014 Dei
1059 3955 1168 4016 cultum
1179 3967 1322 4036 spectant.

110 4107 111 4112 η
193 4023 283 4085 Unde
307 4026 454 4107 sequitur,
483 4027 599 4118 pietatis
619 3971 716 4088 officia
735 4029 813 4090 inter
832 4051 862 4091 se
882 4031 1002 4091 minume
1021 4053 1165 4118 pugnare.
1205 4031 1321 4106 Quodsi

115 4167 120 4177 x
193 4101 336 4178 templum
364 4121 530 4164 manuarias
559 4102 676 4165 labores
706 4103 738 4164 in
768 4106 915 4166 sacrificiis
945 4120 975 4169 et
1003 4119 1069 4170 toto
1099 4121 1221 4170 externo
1247 4109 1324 4168 cultu

193 4175 369 4251 sanctificat,
398 4180 595 4258 praestantior
620 4193 664 4240 est
682 4180 745 4254 veri
764 4193 794 4242 et
811 4182 970 4262 spiritualis
988 4183 1092 4267 templi
1111 4186 1266 4261 sanctitas,
1292 4195 1325 4243 ut

193 4270 262 4311 suos
287 4253 414 4314 cultores
440 4256 521 4315 omni
545 4256 617 4318 vitio
635 4279 693 4338 pur
715 4264 760 4334 et',
792 4259 861 4319 dum
881 4259 986 4322 efhciis
1004 4262 1122 4341 pictatis
1140 4261 1322 4324 incombunt
1388 4289 1389 4330 ς

193 4323 290 4390 Porro
308 4328 340 4388 in
360 4329 435 4396 hanc
452 4351 573 4414 operam
591 4333 699 4398 intents
716 4345 802 4430 erant
820 4333 965 4420 discipuli,
982 4349 1016 4400 ut
1034 4338 1144 4404 animas
1164 4341 1324 4424 persar·

451 3505 548 3553 caster
571 3492 613 3554 fas
636 3505 777 3555 tentasset
800 3495 911 3571 David,
942 3495 1048 3556 frastra
1074 3495 1135 3556 eius
1159 3497 1323 3577 exemplum
1388 3565 1389 3570 η
