2756 4838
161 207 226 270 ‘m
324 199 441 264 SECT.
460 198 559 267 xvtt.
580 189 861 262 ‘nummorum
878 211 1167 264 momentosas.
1247 241 1251 250 .

170 353 283 416 scilieet
306 365 452 424 nontam
466 373 623 415 suafoausa
645 351 803 426 asseruerit
826 371 857 412 se
877 343 984 412 Filium
1002 351 1063 412 Dei
1086 369 1166 426 esse,
1191 371 1282 430 qnam
1298 366 1327 412 ut

171 431 259 490 fidem
271 425 408 490 ‘nostram
427 430 459 488 in
481 429 602 490 coelesti
621 451 670 488 sua
683 427 815 508 potentia
837 429 981 493 fundaret.
1020 428 1095 501 Nam
1115 439 1148 486 ut
1169 428 1267 487 carnis
1286 431 1326 487 in·

6 547 7 560 ,
90 508 104 524 “
172 505 303 579 firmitas,
324 497 380 584 qaia
400 524 431 566 se
451 505 540 564 nobis
559 506 758 598 propinquum
778 505 859 580 fecit,
879 503 1027 564 audaciam
1040 503 1128 564 nobis
1141 503 1277 585 prraebet,
1295 527 1327 564 ne

172 582 337 642 dubitemus
358 581 393 642 ad
414 601 480 642 eum
500 583 658 656 accedere,
677 594 726 640 ⁴ata
745 581 770 641 si
788 581 956 641 sola-nobis
977 593 1045 640 ante
1065 581 1173 641 oculos
1192 588 1328 653 vertebar,

170 671 253 720 metu
273 659 371 738 potius
390 671 423 720 et
440 659 646 738 desperatione
658 679 712 718 nos
723 656 869 738 implebit,
882 679 978 737 ,quum
991 658 1102 719 bonam
1116 657 1255 720 fiduciam
1266 677 1327 737 sug-

194 747 263 795 erat.
302 733 471 795 Notandum
491 747 590 794 tamen
611 747 665 810 est,
684 756 745 794 non
767 731 944 814 reprebendi
957 733 1066 796 scribas
1098 735 1169 813 quia
1184 733 1327 794 Christum

170 757 316 873 docerent
334 809 401 870 sore
421 809 541 872 Davidis
560 807 669 886 lilium,
699 811 750 870 sed
771 812 838 890 quia
857 831 968 870 merum
988 808 1044 871 sibi
1066 779 1220 870 bominem
1240 813 1326 892 linge-

161 901 253 961 ·rent,
296 887 346 966 qni
366 899 504 952 venturus
525 909 541 948 e
561 889 647 947 coelo
668 899 745 961 erat,
770 899 802 946 ut
820 887 950 947 bominis
969 899 1327 966 naturam-etpersonam

169 965 315 1024 indueret.
352 965 416 1026 Nec
436 964 472 1024 de
492 985 523 1024 se
542 964 607 1044 ipso
633 965 741 1028 diserte
760 964 851 1026 verba
869 964 941 1026 lacit
958 964 1122 1042 Dominus,
1142 985 1245 1042 verum
1264 965 1329 1022 sim-

114 1060 118 1070 ·
170 1041 290 1121 pliciter
310 1038 449 1114 ostendit,
468 1039 557 1122 impie
574 1059 672 1100 errare
689 1041 807 1118 scribas,
827 1039 1000 1119 quitantum
1022 1061 1038 1100 e
1059 1053 1138 1100 terra
1159 1053 1188 1100 et
1208 1040 1330 1100 hnmana

170 1116 316 1198 progenie
334 1117 567 1196 Redemptorcm
587 1139 634 1176 ers
658 1129 765 1177 ectent
805 1115 963 1177 Caeterum
989 1129 1155 1196 quanquam
1181 1115 1330 1176 intereos

170 1194 272 1252 tritum
293 1205 355 1252 erat
375 1195 493 1284 dogma,
512 1215 547 1254 ex
566 1139 725 1254 rossiaco?
736 1205 844 1256 umen.
856 1193 1032 1278 colligimus,
1051 1213 1150 1254 coram
1170 1193 1258 1274 plebe
1278 1213 1329 1252 ro-

173 1282 259 1352 gatos
278 1269 367 1330 fuisse
387 1271 457 1348 quid
476 1270 629 1330 sentirent
656 1281 660 1292 '

248 1353 295 1412 ta
338 1333 487 1430 (luomodo
506 1346 610 1408 Dauid
625 1345 791 1422 inspicit&
809 1399 811 1410 .
830 1347 924 1420 Quod
942 1347 1086 1420 Davidem
1107 1347 1136 1412 in
1153 1345 1266 1424 Spiritu
1283 1345 1330 1404 lo·

172 1434 293 1504 quntum
314 1445 377 1484 esso
397 1423 528 1484 Christus
553 1425 711 1498 admonet,
741 1423 938 1504 emphaticam
963 1436 1020 1484 est:
1059 1445 1128 1482 nam
1154 1424 1198 1482 rei
1218 1421 1331 1481 loturae

172 1499 342 1559 vaticinium
363 1491 405 1559 rei
426 1501 586 1580 praesentis
606 1501 776 1576 testimonio
802 1501 938 1580 opponit.
986 1499 1061 1558 Nam
1089 1499 1244 1574 cavillum,
1275 1520 1330 1578 quo

171 1576 262 1636 bodie
283 1577 432 1658 effugiunt
451 1577 566 1652 Iudaei,
596 1578 740 1656 anticipat
763 1578 817 1636 bac
835 1595 919 1636 voce.
957 1575 1074 1636 Dicunt
1092 1578 1151 1636 boc
1171 1575 1330 1656 praeconio
1369 1559 1370 1598 ¹

172 1651 317 1714 celebrari
336 1653 457 1719 Doridis
477 1675 616 1735 regnum,
647 1653 845 1733 quasiDeum
862 1653 920 1713 sibi
939 1653 1084 1734 regnandi
1103 1665 1257 1722 auctorem
1274 1664 1329 1710 sta-

171 1741 273 1804 tuens,
297 1741 401 1789 contra
422 1730 540 1790 insanos
561 1730 688 1800 bostium
706 1751 826 1790 suorum
846 1741 967 1796 conatus
987 1729 1173 1820 insurgeret,
1198 1751 1232 1789 ac
1252 1728 1327 1808 quic-

172 1826 258 1883 quam
279 1807 346 1864 Deo
367 1805 459 1865 invito
502 1805 667 1865 rofecturos
687 1818 819 1886 negaret.
839 1805 885 1866 Ne
905 1805 977 1884 quid
993 1805 1052 1864 tale
1068 1805 1246 1865 'obiicerent
1264 1803 1328 1863 scri·

171 1881 238 1954 bae,
259 1881 406 1960 praelatus
424 1827 622 1956 esrlhrisrus,
642 1881 845 1941 psalmum-de
865 1901 992 1962 persona
1003 1883 1127 1942 Doridis
1140 1883 1264 1940 minime
1274 1900 1328 1938 esse
1369 1889 1370 1902 ¹

171 1958 379 2036 compositum,
399 1959 451 2018 sed
470 1957 608 2016 dictatum
623 1958 736 2048 Spiritu
756 1959 945 2039 prophetico,
965 1970 997 2016 ut
1017 1960 1149 2020 t'uturunr
1163 1959 1275 2020 Christi
1285 1977 1326 2016 re·
1369 1997 1370 2040 ι

171 2052 263 2113 gnum
284 2032 478 2094 describeret:
508 2035 594 2123 sicuti
613 2047 701 2094 enam
721 2055 755 2093 cx
775 2046 913 2095 contextu
932 2035 1067 2094 evincere
1088 2047 1261 2114 promptum
1279 2045 1326 2104 est,
1369 2055 1370 2064 ¹

164 2127 270 2188 ¹neque
289 2111 320 2168 in
339 2111 500 2182 Davidem,
525 2122 632 2190 meque
654 2113 685 2170 in
698 2110 798 2170 :alium
843 2133 909 2170 uem
933 2111 989 2170 iam
1014 2131 1048 2170 ex
1064 2112 1200 2171 terrenis
1218 2110 1326 2192 regibus

139 2197 352 2266 ..competere
372 2208 446 2268 quae
464 2185 525 2248 illic
544 2187 710 2270 leguntur.-
730 2188 805 2247 Nam
823 2131 1106 2270 illicllavidregem
1127 2188 1245 2250 inducit
1255 2207 1326 2248 noro

171 2263 338 2326 sacerdotio
360 2277 504 2338 ornatum,
526 2285 585 2342 quo
606 2285 727 2323 necesse
748 2277 811 2327 erat
822 2263 960 2346 abrogari
973 2263 1087 2329 veteres
1096 2265 1189 2344 Legis
1211 2265 1325 2324 umbras

159 2341 257 2400 ‘Nunc
277 2337 445 2414 videndum,
465 2342 616 2420 quomodo
628 2340 777 2400 Christum
797 2340 906 2420 probet
922 2341 1040 2400 maioris
1054 2341 1245 2402 excellentiae
1256 2339 1325 2410 sore,

172 2428 311 2496 quam‘nt
328 2418 505 2498 progenitus
525 2427 638 2478 tanturn
657 2417 696 2477 sit
715 2439 749 2477 ex
768 2416 879 2478 semine
899 2417 1033 2478 deidis:
1053 2438 1164 2497 nempe
1185 2419 1251 2497 quia
1269 2418 1324 2476 lta-
1370 2432 1371 2490 ι

171 2493 229 2583 vid,
251 2494 370 2585 quirex
389 2506 453 2554 erat
472 2508 502 2560 et
522 2507 609 2575 caput
624 2493 853 2628 populi,·ipsum
864 2493 994 2584 appellat
1006 2493 1175 2573 dominum:
1198 2495 1325 2553 undese-
1370 2509 1371 2604 p

172 2584 280 2649 quitur,
300 2594 331 2629 ιιι
353 2571 520 2649 eo'aliquid
539 2569 656 2630 subesse
696 2591 795 2630 omme
814 2591 915 2630 marus.
954 2569 1080 2630 Videtur
1099 2583 1201 2630 tamen
1221 2571 1328 2628 inlirma

172 2660 203 2706 et
222 2647 326 2728 frigida
348 2667 410 2708 esse
431 2647 517 2724 ratio,
538 2648 605 2726 quia
626 2647 721 2725 excipi
740 2659 854 2727 potest,
874 2667 961 2724 quum
982 2647 1130 2706 Psalmum
1151 2647 1266 2728 populo
1285 2667 1326 2704 ca·
1370 2635 1371 2708 l

162 2727 302 2784 'nendum
322 2724 414 2799 claret,
437 2743 499 2782 non
520 2721 621 2782 babito
642 2743 786 2804 personae
806 2743 874 2783 suae
894 2725 1045 2813 respectu,
1066 2723 1190 2784 Christo
1204 2723 1242 2782 tn
1262 2721 1328 2782 alios
1370 2737 1371 2782 ι

72 2835 83 2846 -
170 2800 307 2862 tribuisse
327 2800 365 2858 im
408 2803 502 2866 rium„
530 2801 641 2858 Verum
661 2811 843 2889 ego·contra
863 2799 992 2879 excipio,
1021 2815 1112 2880 quum
1134 2801 1200 2880 ipse
1221 2821 1254 2860 er
1275 2802 1326 2858 lir-
1370 2819 1371 2834 ι

172 2878 278 2938 clesiae
297 2897 344 2935 me
398 2877 436 2936 ris
455 2897 545 2934 unum
565 2888 651 2948 esset,
670 2875 745 2934 nihil
763 2875 860 2956 minus
879 2875 1228 2948 suisscconsentaneum,
1250 2895 1327 2966 quan
1370 2865 1371 2950 l

173 2965 206 3012 ut
225 2975 256 3012 se
277 2953 425 3012 communi
447 2951 580 3012 doctrina
601 2951 739 3031 privaret.
763 2953 821 3011 llic
842 2952 922 3031 quasi
942 2969 998 3012 noa
1018 2973 1093 3012 voce
1113 2952 1239 3035 gloriari
1253 2951 1328 3011 rubet
1370 2961 1371 2976 ¹

174 3049 276 3088 omncs
295 3027 354 3086 Ilei
373 3028 466 3103 lilios,
498 3027 634 3088 coelestis
660 3040 691 3087 et
714 3029 816 3088 invicti
840 3028 918 3112 regis
938 3029 1084 3108 praesidio
1108 3051 1140 3088 se
1159 3041 1244 3088 tutos
1265 3051 1329 3088 esse.

173 3106 206 3164 si
227 3106 263 3164 ab
284 3105 433 3164 Ecclesiae
453 3123 581 3184 corpore
599 3117 762 3192 separetur,
781 3101 880 3164 salutis
899 3105 930 3163 in
947 3106 1066 3166 Christo
1086 3106 1253 3196 promissae
1269 3127 1329 3196 par-

163 3182 266 3261 'ticeps
287 3201 348 3239 non
370 3181 434 3240 crit.
473 3179 506 3240 Si
526 3182 599 3243 baec
620 3203 691 3260 vox·
734 3203 856 3241 ncorum
870 3193 962 3257 'esset
985 3182 1148 3241 domimum
1170 3183 1285 3244 Christi
1304 3203 1330 3240 sc

174 3279 235 3316 non
257 3257 428 3317 extenderet
446 3277 537 3338 nsque
558 3260 593 3318 ad
613 3259 689 3318 Davi
712 3277 766 3318 em.
804 3259 891 3317 Nunc
910 3279 982 3318 vero
1003 3260 1089 3318 nec'i
1110 3281 1159 3333 se,
1184 3279 1244 3319 nec
1265 3259 1330 3318 alius

174 3335 327 3415 qnisquam
347 3333 384 3394 ab
405 3335 465 3394 eins
485 3335 668 3396 subiectione
690 3336 774 3396 enimi
795 3345 908 3414 potest,
929 3334 1002 3414 quin
1020 3281 1108 3395 simul
1126 3336 1329 3414 excidataspe

160 3422 310 3473 'aeterme
329 3410 437 3488 salutis.
476 3413 559 3494 Ergo
580 3432 668 3490 quum
688 3411 797 3472 Davidi
817 3411 890 3471 nibil
908 3409 1012 3470 melius
1031 3410 1123 3472 luerit
1163 3433 1232 3470 uam
1253 3433 1330 3472 com-

195 3489 317 3550 rchendi
338 3490 368 3548 ἰιι
385 3489 528 3564 Ecclesia,
548 3490 730 3547 nunninus:
743 3487 799 3552 sibi
816 3509 912 3568 quam·
925 3485 1040 3567 reliquo
1060 3435 1178 3568 popuio
1189 3489 1331 3548 Psabnum

169 3511 251 3632 liunc
271 3565 398 3624 dictavit.
437 3565 473 3624 ln
499 3585 607 3625 sunnna
634 3565 692 3630 boc
717 3563 819 3646 elogio
841 3565 976 3624 Christus
1000 3565 1138 3624 statuitur
1156 3587 1280 3626 summus
1301 3577 1332 3622 ct

170 3644 275 3704 unicus
295 3643 372 3717 lter,
392 3642 442 3721 qui
460 3643 538 3702 inter
558 3661 659 3700 omnes
679 3641 779 3702 fideles
800 3642 936 3702 emineat
962 3639 1026 3700 Nec
1045 3641 1106 3701 ulla
1127 3641 1257 3722 exceptio
1277 3639 1330 3698 ad-

171 3722 249 3781 mitti
262 3717 360 3794 debet,
373 3719 455 3798 quin,
464 3718 515 3778 ubi
526 3717 694 3798 praeficitur
705 3717 857 3778 Ecclesiae
865 3719 1060 3797 Redemptor,
1079 3719 1116 3778 ad
1128 3741 1218 3778 unum
1227 3737 1332 3776 omnes

172 3800 204 3860 in
225 3799 359 3858 ordinem
379 3809 533 3878 cogantur.
572 3797 672 3871 Quare
696 3793 818 3854 minime
837 3795 959 3854 dubium
978 3807 1038 3871 est,
1069 3795 1142 3874 quin
1162 3817 1195 3856 se
1215 3815 1331 3874 quoque

172 3873 235 3935 eius
256 3875 386 3956 imperio
402 3870 671 3946 subnrlttatltarid,
691 3884 723 3932 ut
743 3871 842 3932 inltei
862 3869 975 3952 populo
996 3884 1161 3934 censeatur.
1202 3871 1264 3932 Sed
1284 3891 1331 3929 oc-

173 3952 265 4010 currit
284 3954 340 4012 iam
361 3950 416 4009 alia
437 3947 585 4030 quaestio,
615 3967 652 4006 an
672 3969 734 4007 non
754 3948 897 4028 extollere
916 3949 1048 4028 potuerit
1064 3949 1166 4021 Deus,
1192 3970 1284 4027 quem
1302 3969 1332 4006 er

173 4029 324 4088 bominum
339 4039 450 4110 genere
463 4026 693 4105 Redemptorem
704 4023 804 4098 dabat,
824 4037 856 4083 ut
867 4023 987 4084 Doridis
1001 4037 1077 4084 esset
1097 4025 1251 4100 dominus,
1270 4025 1332 4084 licet

173 4101 260 4160 filins.
298 4105 372 4164 Nam
390 4117 424 4164 et
443 4103 490 4164 hic
510 4123 572 4170 non
591 4101 782 4161 substantiale
801 4099 860 4162 Dei
880 4121 1000 4173 nornen,
1020 4105 1071 4160 sed
1090 4111 1210 4160 taurum
1220 4099 1333 4162 Adonai

174 4177 304 4255 ponitur,
324 4181 405 4258 quod
424 4201 510 4260 saepe
532 4180 617 4240 etiam
639 4177 806 4239 horninibus
819 4189 943 4268 aptatur.
969 4175 1164 4257 ltespondeo‚
1187 4177 1333 4238 Christum

173 4273 230 4333 pro
249 4255 385 4317 confesso
404 4277 531 4330 sumere,
550 4257 600 4336 qui
619 4273 744 4316 numero
761 4255 912 4323 bominum
926 4253 1071 4328 eximitur,
1091 4266 1122 4314 et
1142 4254 1175 4312 in
1198 4276 1268 4315 eum
1283 4255 1332 4312 bo-

173 4327 254 4392 noria
273 4333 394 4411 gradum
415 4333 562 4412 evehitur,
593 4343 627 4397 ot
644 4332 683 4396 sit
701 4351 844 4394 sunamum
862 4331 954 4397 totitas
972 4329 1127 4394 Ecclesiae
1147 4344 1258 4414 caput,
1274 4349 1332 4390 nou
