2790 4838
277 277 342 358 (8⁰.
367 276 469 340 hlessis
489 277 626 360 copiosa,
644 277 696 341 red
716 103 844 362 opediii
862 281 974 364 pauci.)
1130 291 1192 356 Μ

104 439 239 490 erenum
258 429 320 490 Dei
344 430 470 514 gratiam
493 431 534 492 ita
558 423 667 492 ell'erre
691 433 847 508 volebant,
878 445 912 495 nt
938 433 1087 517 prioribus
1114 437 1190 500 nuhil

73 505 256 568 etraherent.
294 507 336 566 Et
354 507 517 570 notandum
537 520 597 582 est,
620 529 684 570 nou
704 509 792 572 luisse
811 511 980 574 meditatam
999 532 1118 590 vocem,
1135 515 1189 576 aed

53 605 125 664 quac
146 605 183 643 ex
204 581 401 649 admiratione
419 582 518 646 subito
539 586 644 666 erupit.

123 665 173 726 34.
213 659 257 718 In
273 663 407 750 principe
424 657 639 722 dnarsmrimm
656 677 707 723 etc.
745 663 825 726 llinc
844 675 979 746 apparet,
1008 677 1119 746 quanto
1139 665 1189 726 t'u-

52 757 117 798 rore
138 736 249 828 perciti
271 737 397 812 luermt,
418 737 467 816 qui
486 749 545 829 tam
564 738 745 818 praeclarum
764 741 823 801 Dei
842 761 917 822 opus
936 741 1027 834 impio
1048 743 1187 804 convicio

13 877 14 882 χ
120 813 246 874 crnderc
274 833 337 905 non
366 826 435 873 sunt
453 827 548 874 rerrtr.
587 815 723 906 Notanda
750 817 830 878 enim
854 829 909 909 est·
928 818 1079 910 antptheris
1107 819 1187 880 inter

48 889 1187 1064 illiti‘'tl'sftlt‘ttl'lttlttt?...itti‘ttrltttssttltt

53 1063 310 1200 i‘lhe‘ipliii‘
322 1042 578 1180 restittit.
600 1055 679 1181 titi
701 1066 823 1183 titt?
842 1045 1188 1187 ‘tlt'ttaltttttiss

53 1219 127 1287 rum²
147 1195 202 1256 uhi
224 1195 262 1255 ad
283 1207 442 1287 extremum
462 1194 612 1257 coecitatis
631 1197 712 1257 venit
730 1197 879 1276 impietas,
912 1199 1023 1290 nullum
1043 1222 1105 1264 esse
1124 1213 1186 1262 tam

51 1271 904 1428 tttl‘ittdtttt‘titilttt‘tti‘t‘·..ll
925 1275 1186 1431 lilliimhiddli

53 1447 131 1508 gere,
149 1427 204 1486 sed
226 1446 265 1486 eo
285 1425 376 1508 magis
396 1425 526 1486 timenda
546 1437 591 1485 est
610 1425 659 1485 illa
680 1447 765 1504 quam
778 1425 835 1486 dixi
847 1425 1028 1506 excaecatio,
1047 1429 1189 1511 quattu,

52 1505 143 1564 minus
162 1501 275 1584 impios
294 1515 364 1584 post
381 1501 503 1585 longam
527 1501 716 1565 tolerantiam
735 1501 893 1567 ulciscitur.
940 1561 946 1568 .

88 1770 174 1850 (eu.)
226 1767 398 1836 ΜΑΤΤΗ.
429 1770 482 1836 ῘΧ.
533 1771 585 1840 35.
619 1773 663 1839 Et
694 1771 883 1840 circumibat
910 1773 1002 1841 lesus
1034 1765 1186 1841 ¹civitates

53 1891 162 1938 omues
183 1891 225 1934 ac
245 1873 352 1948 vicos,
384 1871 507 1938 docens
526 1874 562 1938 in
582 1878 755 1961 synagogis
775 1875 920 1954 illorum,
941 1885 974 1942 et
994 1875 1187 1964 praedicans

52 1969 264 2056 Evangelium
284 1973 386 2056 regni,
406 1982 438 2038 et
459 1993 575 2040 sanans
593 1995 720 2046 omnem
741 1975 952 2066 machumet
973 1997 1101 2044 omnem
1116 1977 1190 2044 lan·

52 2093 183 2158 gnorent
207 2073 242 2136 in
264 2071 402 2158 populo.
443 2075 494 2139 ³6.
517 2071 627 2160 Quum
640 2075 773 2142 vidisset
794 2088 900 2142 autem
921 2074 1044 2154 turbas,
1066 2077 1193 2144 allectu'
1232 2085 1238 2126 1'

51 2171 294 2238 misericordiae
315 2183 417 2241 tactus
439 2184 487 2240 est
509 2196 584 2260 erga
605 2176 697 2255 illos,
732 2175 821 2264 quod
849 2185 958 2242 essent
985 2175 1129 2243 destituti
1149 2199 1189 2244 ac
1288 2209 1295 2214 ·

52 2271 207 2360 dispersi,
228 2271 319 2338 velut
340 2295 419 2340 oves
439 2296 507 2341 non
529 2274 687 2344 hahentes
707 2289 878 2363 pastorem.
918 2277 971 2340 37.
992 2277 1087 2342 Tunc
1108 2278 1188 2344 dicit

53 2373 220 2461 discipulis
241 2376 316 2451 suis,
337 2375 410 2462 lpsa
422 2375 552 2462 quidem
572 2379 684 2444 messis
697 2380 839 2464 copiosa,
859 2374 917 2440 sed
929 2380 1070 2461 operarii
1081 2381 1186 2464 pauci.
1216 2457 1219 2469 y

53 2475 102 2541 38.
122 2477 251 2561 Rogate
272 2477 369 2560 igitur
390 2475 555 2544 dominum
576 2479 702 2557 messis,
733 2489 769 2542 ut
789 2479 959 2562 operarios
986 2477 1133 2578 extrudat
1151 2481 1187 2546 in

53 2593 186 2642 messem
207 2597 306 2642 Ellam.
331 2657 339 2690 r

126 2733 234 2793 blatth.
258 2737 307 2798 35.
352 2731 394 2792 Et
422 2731 589 2796 cimmuihut
615 2733 708 2795 Ieaua.
764 2731 833 2824 Hoc
868 2753 924 2826 per
961 2731 1188 2814 occupationem
1317 2738 1324 2752 '

55 2809 161 2870 dictum
182 2803 243 2882 est,
260 2805 307 2868 'ut
326 2809 466 2887 sciamus,
494 2823 589 2872 totum
611 2807 721 2874 Christi
745 2809 938 2890 ministerium
957 2808 1104 2892 sigillatim
1124 2831 1187 2869 non

56 2885 190 2960 describi,
210 2886 450 2966 quandoquidem
470 2887 501 2948 in
521 2908 571 2948 sua
593 2888 747 2949 functione
767 2886 894 2948 assiduus
907 2887 1007 2959 luerit,
1025 2907 1134 2968 nempe
1153 2898 1188 2946 nt

55 2963 150 3022 salutis
170 2963 336 3022 doctrinam
356 2963 531 3044 publicaret,
550 2965 659 3026 deinde
677 2984 741 3025 eam
759 2963 888 3026 sanciret
906 2963 1011 3031 additis
1031 2963 1187 3050 miraculis.

56 3037 245 3115 emigrem
263 3043 349 3114 regei
370 3038 407 3098 ah
437 3039 547 3100 ell'ectu
566 3041 683 3116 vocari,
713 3041 769 3101 iarn
789 3039 859 3100 alibi
879 3040 1013 3101 diximus:
1045 3039 1111 3119 quia
1132 3041 1188 3100 hac

57 3115 167 3175 ratione
188 3115 357 3194 dissipatum
377 3116 482 3177 misere
503 3117 644 3196 populum
661 3117 743 3177 Dens
763 3117 800 3178 ad
819 3138 851 3178 se
871 3115 1003 3200 collegit,
1023 3128 1054 3176 ut
1072 3117 1105 3176 in
1123 3137 1188 3177 me-

60 3191 105 3250 dio
124 3191 185 3252 eius
205 3203 361 3272 regnaret,
384 3205 416 3253 et
435 3193 702 3272 quidemtribunal
721 3215 804 3254 suum
824 3194 894 3256 ideo
914 3193 1020 3267 erexit,
1045 3205 1079 3252 ut
1098 3192 1186 3274 plena
1224 3250 1228 3271 ,

60 3267 274 3328 felicitatesuos
287 3289 388 3328 omnes
401 3269 534 3330 donaret.
559 3269 778 3348 Meminerimus
797 3283 906 3344 tamen,
925 3269 1031 3332 subiici
1050 3290 1105 3332 nos
1117 3269 1186 3331 Deo

60 3357 205 3426 oportere,
226 3343 309 3404 utin
330 3333 489 3408 coeleste‘m
508 3345 633 3428 gloriam
653 3345 690 3406 ab
711 3346 777 3427 ipso
798 3346 965 3407 evehamur.

126 3427 174 3489 36.
213 3421 344 3512 Affectus
370 3421 585 3483 misericordiae
614 3435 729 3484 merum
758 3422 988 3516 llincprimum
1012 3421 1187 3506 colligimus,

60 3497 147 3576 qualis
166 3499 257 3561 suern
273 3499 459 3560 sacerdotum
479 3499 611 3580 ignavia,
642 3497 707 3578 qui,
733 3521 823 3579 quum
843 3498 991 3562 distributi
1017 3509 1115 3560 essent
1133 3519 1189 3580 per

57 3583 144 3636 totam
164 3587 285 3648 terram,
305 3587 338 3634 nt
358 3575 493 3637 coelestis
514 3575 668 3636 doctrinae
689 3576 753 3636 lace
768 3575 990 3666 praelucerent,
1011 3575 1100 3636 otiosi
1118 3585 1204 3651 sunt,

57 3663 178 3711 tenues.
204 3650 342 3732 Superbe
363 3651 481 3732 quidem
500 3673 532 3712 se
551 3653 658 3733 populi
678 3652 822 3712 antistites
842 3651 1001 3725 iactabant,
1020 3672 1076 3710 nec
1095 3670 1187 3730 parva

57 3739 116 3786 erat
134 3749 238 3788 eornm
258 3726 497 3808 multitudo,·qni
517 3729 575 3790 hoc
594 3728 682 3789 titulo
697 3725 909 3810 gloriabantur.
935 3725 1069 3788 Christus
1088 3737 1188 3786 tamen
1219 3763 1226 3786 r
1256 3782 1258 3792 ,

57 3803 163 3864 nullum
185 3827 220 3866 ex
240 3803 296 3864 illis
316 3818 466 3894 pastorem
486 3826 501 3864 a
566 3805 630 3866 scit.
667 3807 782 3865 Eadem
802 3805 892 3867 hodic
912 3805 943 3864 in
956 3803 1069 3892 Papatn
1088 3799 1188 3860 cerni-

55 3891 101 3939 tur
117 3881 254 3956 vastitas,
278 3901 330 3959 qm
348 3893 445 3941 tamen
467 3903 482 3942 r
513 3894 592 3944 crtus
612 3891 657 3942 est
675 3881 810 3942 titulariis
831 3879 1018 3942 Pastorihus:
1044 3895 1185 3936 immensa

56 3957 129 4017 enim
149 3971 197 4020 est
216 3977 320 4018 eornm
341 3957 498 4033 colluvies,
523 3957 574 4036 qui
594 3955 648 4018 suh
669 3955 791 4018 nomine
812 3957 975 4022 Clericatus
995 3953 1114 4035 plebem
1135 3953 1188 4014 de-

55 4033 189 4168 glutiunt
215 4033 314 4094 Porro
334 4033 516 4124 quammuli
535 4032 594 4094 sint
613 4036 711 4110 canet,
731 4055 793 4094 non
813 4046 911 4094 tamen
933 4051 984 4091 eos
1004 4029 1096 4111 pudet
1107 4049 1188 4092 suam

75 4109 249 4172 ierarchiam
268 4109 409 4190 lerocrter
424 4131 543 4173 souare.
582 4109 643 4171 Sed
662 4110 808 4172 audienda
820 4133 875 4172 vox
889 4107 1011 4182 Christi,
1031 4127 1188 4188 qnaepro-

55 4187 167 4248 nuntiat
187 4187 287 4270 nullos
307 4207 369 4268 epse
389 4198 531 4267 pastores,
551 4185 603 4246 uhi
618 4207 680 4247 non
692 4197 761 4248 sunt
771 4187 914 4266 operarii:
933 4203 1021 4266 vagas
1032 4204 1065 4245 ac
1077 4184 1189 4264 disper-

55 4283 94 4324 sas
114 4285 177 4326 esse
198 4283 286 4337 oves,
317 4283 392 4342 quae
413 4263 568 4346 Evangelii
595 4262 730 4324 doctrina
750 4263 781 4322 in
800 4263 858 4324 Dei
879 4261 956 4324 ovile
978 4279 1039 4320 non
1060 4267 1189 4343 congre'·

56 4353 168 4418 gantur.
210 4337 306 4414 Quod
326 4351 423 4400 autem
442 4337 645 4400 misericordia
665 4338 813 4422 tangitur,
832 4339 948 4400 fidelem
968 4359 999 4398 se
1018 4337 1112 4398 Patris
1133 4337 1188 4396 ml-

52 4415 175 4480 uistrnm
195 4415 307 4498 prohat
325 4415 357 4476 in
377 4418 504 4478 curanda
524 4415 630 4498 populi
654 4417 763 4494 salute,
793 4415 875 4480 cuius
900 4434 985 4478 causa
1005 4435 1123 4476 carnem
1144 4413 1191 4472 in-

77 4517 171 4564 crtum
184 4529 272 4564 ecnu-
289 4515 314 4562 in
327 4513 407 4564 llalm.
422 4519 466 4568 liv.
484 4519 537 4565 t'ol.
553 4518 574 4559 1.
949 4497 989 4558 15
1020 4571 1023 4598 1
