2764 4854
390 203 540 282 (261-4.
581 201 661 263 lesus
680 165 781 308 noram
803 202 944 285 caipha.)
1189 217 1250 282 3ae
1303 193 1307 202 ¹
1368 263 1373 270 t

87 353 239 490 cer-‹tloltest
251 363 282 414 et
305 353 437 430 scribae,
467 354 606 432 quisine
633 354 736 418 colore
763 353 911 420 Christum
938 369 1036 420 tamen
1061 361 1098 422 sd
1124 375 1249 428 mortem
1309 341 1317 349 ³

86 450 224 510 posnan
240 474 246 488 .
289 477 290 482 ι
601 449 605 454 “

170 660 275 740 (204.)
321 661 497 728 ΜΑΤΤΗ.
528 664 644 730 xxvi.
692 667 743 732 62
778 665 836 746 Et,
859 686 994 752 surgons
1027 687 1167 738 summus
1198 693 1248 740 sa-

85 763 203 830 cerdos
236 767 280 830 ait
307 763 372 843 illi,
404 764 495 830 Nihil
527 767 727 852 respondes?
760 769 838 856 quid
865 771 917 836 isti
944 779 1056 836 eontra
1082 781 1114 836 tc
1136 771 1248 856 testifi-

85 870 217 932 centur?
253 870 303 932 63.
325 867 414 934 lesus
437 879 542 939 eutem
564 867 700 938 tacebat.
718 937 723 952 ,
738 870 780 937 Et
800 869 1004 957 respondens
1031 894 1171 944 summus
1197 901 1247 946 ea·

84 971 203 1038 cerdos
225 974 269 1036 eit
289 969 354 1050 illi,
381 970 508 1038 Adiuro
535 983 567 1037 te
595 963 657 1059 ¹per
683 973 789 1040 Deum
817 978 992 1055 viventem,
1019 987 1055 1042 ut
1079 977 1168 1046 diens
1187 1002 1247 1048 no-

84 1073 149 1152 bis,
178 1095 219 1140 an
247 1077 351 1140 tusis
380 1070 528 1140 Christus
554 1076 658 1142 Filius
684 1077 758 1144 Dei.
798 1079 849 1146 64.
876 1081 965 1146 Dicit
992 1079 1041 1146 illi
1062 1065 1168 1161 lesus,
1193 1085 1246 1150 Τιι

85 1173 203 1254 dixisti,
228 1187 439 1244 veruntamen
463 1177 537 1244 dico
564 1177 672 1258 vobis,
695 1203 713 1246 a
737 1181 834 1249 modo
863 1183 1016 1250 videbitis
1044 1184 1161 1251 Filium
1189 1183 1247 1251 hu-

8 1315 10 1320 *
83 1282 179 1344 minis
208 1279 376 1346 sedentem
404 1303 422 1346 a
449 1281 568 1348 dextris
597 1286 736 1363 virtutis,
768 1297 800 1352 et
830 1291 1013 1376 venientem
1041 1291 1075 1356 in
1103 1283 1245 1354 nubibus

84 1382 180 1449 coeli.
222 1385 274 1450 65.
312 1386 407 1451 Tune
442 1405 582 1451 summus
613 1387 766 1454 sacerdos
798 1388 926 1466 discidit
957 1393 1157 1456 vestimenta
1177 1413 1246 1470 sua,

83 1487 213 1566 dicens,
255 1487 510 1576 Blasphernavit:
546 1489 629 1576 quid
656 1494 790 1596 insuper
819 1513 948 1576 egemus
978 1491 1134 1558 testibus?
1169 1514 1245 1564 eece

83 1613 173 1658 nune
205 1591 338 1657 audistis
371 1595 440 1656 eins
475 1590 713 1679 blasphemiam.
756 1581 810 1662 66Ῐ
840 1593 931 1680 Quid
971 1597 1067 1663 vobis
1097 1594 1246 1668 videtur?

82 1697 127 1762 At
157 1694 206 1761 illi
236 1694 473 1782 respondentes
506 1695 669 1773 dixerunt,
698 1697 788 1762 Reus
823 1709 872 1763 est
903 1703 1022 1765 mortis.
1069 1700 1120 1768 67.
1151 1700 1246 1766 Τιιιιο

85 1810 279 1887 exspuerunt
303 1802 338 1866 in
365 1799 480 1866 sacient
508 1801 588 1877 eius,
619 1813 651 1866 et
672 1800 817 1887 colaphis
852 1825 925 1868 eum
953 1801 1153 1869 ceciderunt:
1191 1801 1246 1868 alii

85 1914 190 1970 autern
211 1902 333 1990 palmes
353 1907 386 1970 in
410 1905 525 1970 taciem
548 1907 617 1969 eins
645 1904 864 1984 incusserunt,
905 1907 958 1974 68.
982 1907 1155 1985 Dicentes,
1182 1907 1246 1972 Va·

83 2007 217 2074 ticinare
239 2005 344 2088 nobis,
366 2003 505 2086 Christe,
527 2010 599 2094 quis
623 2017 680 2086 est,
702 2009 812 2095 quite
834 2010 998 2094 percussit

165 2186 306 2258 mette.
329 2191 415 2258 XlV.
456 2191 507 2256 66.
537 2191 578 2254 Ε1
607 2210 742 2275 surgens
770 2209 910 2257 summus
934 2189 1087 2256 sacerdos
1114 2195 1149 2258 in
1176 2215 1241 2260 me-

82 2296 184 2373 dium,
206 2295 422 2377 'interrogavit
447 2293 564 2371 lesum,
593 2292 719 2369 dicens,
745 2291 822 2356 Non
844 2291 1024 2376 respondes
1050 2298 1242 2382 quicquam?

82 2397 242 2486 quidisti
270 2395 484 2460 adversante
512 2387 742 2463 testificantur?
782 2395 833 2458 61.
858 2395 898 2457 At
927 2393 985 2460 ille
1017 2395 1161 2478 tacebat,
1187 2421 1245 2466 ne·
1298 2399 1304 2413 ⁸

29 2535 36 2551 =
81 2523 148 2590 que
184 2502 354 2588 quicquam
385 2495 615 2585 respondebat.
663 2498 802 2562 Rursum
835 2493 975 2590 summus
1006 2498 1161 2564 sacerdos
1195 2503 1244 2576 in·
1289 2511 1308 2528 ⁸

82 2607 272 2694 terrogavit,
300 2610 333 2666 et
354 2600 432 2666 dicit
452 2598 518 2678 illi,
544 2601 597 2664 'l'u
618 2621 654 2666 es
683 2596 833 2666 Christus
854 2598 942 2664 lilius
964 2599 1156 2667 Benedicti?
1196 2606 1247 2671 62.

79 2709 171 2774 lesus
202 2716 306 2771 eutem
335 2701 521 2792 dixit,Ego
549 2725 634 2768 sum:
661 2711 693 2768 et
713 2701 864 2768 videbitis
887 2701 1002 2766 Filium
1030 2702 1168 2772 huminis
1195 2728 1246 2774 se-

82 2811 213 2878 dentem
236 2831 255 2874 n
276 2807 396 2873 dextris
417 2809 557 2885 virtutis,
579 2817 612 2873 et
631 2807 815 2874 venientem
837 2807 870 2871 iu
892 2790 1036 2872 nubibus
1058 2807 1152 2874 coeli.
1193 2811 1244 2876 63.

81 2916 230 2980 Summus
263 2921 370 2977 nutem
402 2910 555 2977 sacerdos
582 2910 722 2977 discissis
750 2907 895 2974 vestibus
923 2911 990 2974 suis
1026 2908 1117 2985 dixit,
1152 2907 1245 2998 Quid

83 3017 190 3086 adhhc
224 3039 307 3104 opus
341 3011 496 3081 hebernus
528 3011 684 3080 testibus?
735 3013 787 3078 64.
819 3011 964 3078 Audistis
997 3010 1244 3099 blasphemiam:

81 3123 162 3209 quid
191 3119 285 3188 vobis
301 3103 460 3185 videtur?
502 3115 554 3182 llli
587 3137 666 3182 vero
694 3138 806 3184 omnes
838 3117 1138 3184 condemnaverunt
1171 3139 1243 3214 eum
1315 3147 1320 3154 ¹

82 3247 154 3292 esse
190 3245 281 3290 reum
315 3226 435 3309 mortis.
476 3223 527 3288 65.
554 3221 597 3284 El
629 3228 808 3305 coeperunt
837 3217 966 3304 quidam
999 3243 1180 3308 conspuere
1210 3225 1244 3289 iu
1372 3287 1373 3312 ἦ

82 3349 171 3408 enm,
200 3338 233 3394 et
260 3323 415 3394 obvelare
444 3323 558 3390 laniem
586 3323 670 3401 eius,
701 3332 734 3388 et
761 3320 906 3410 colaphis
928 3344 1000 3389 eum
1028 3324 1184 3404 caedere,
1212 3339 1244 3393 ct

61 3429 192 3496 dicere
214 3429 273 3508 illi,
294 3431 422 3498 Divina.
464 3431 507 3496 Et
526 3428 663 3494 ministri
684 3425 830 3516 colaphis
853 3448 926 3494 eum
947 3425 1136 3496 caedebant.
1264 3454 1266 3458 ¹

106 3679 108 3684 .
166 3613 267 3683 LUC.
290 3613 388 3680 XXll.
412 3613 462 3680 ts
493 3557 546 3679 *Et
566 3614 641 3692 viri,
662 3613 718 3697 qni
740 3611 895 3679 tenebant
915 3615 1035 3702 lesum,
1061 3609 1244 3679 illudebant

84 3721 114 3782 ei
141 3718 323 3786 caedentes.
365 3719 417 3786 bl.
442 3717 485 3784 Et
511 3711 609 3804 quum
629 3737 711 3782 reum
738 3715 883 3802 undique
918 3716 1095 3793 velamem,
1128 3735 1244 3799 percu·
1372 3725 1373 3730 ’

82 3819 208 3888 tiebant
229 3821 342 3889 faciem
366 3825 444 3889 eius.
485 3821 528 3886 Et
547 3817 793 3907 interrogabant
819 3841 907 3896 eum,
934 3818 1093 3893 dicentes,
1122 3817 1245 3884 Vatini·

81 3947 178 4005 nere,
206 3931 277 4017 quis
300 3937 349 3994 est
368 3921 442 4006 ille,
462 3925 517 4011 qui
540 3935 570 3990 te
592 3925 791 4016 percussitta
811 3923 862 3987 66.
883 3921 925 3986 Et
947 3919 1010 3985 alia
1037 3918 1138 3986 inulte
1165 3941 1243 3986 eon·

81 4032 234 4094 vitiantes
263 4027 415 4096 dicebant
447 4027 481 4090 in
515 4049 596 4093 eum.
643 4023 694 4093 66.
722 4027 829 4112 Atque
862 4033 898 4090 ut
930 4020 1049 4104 illuxit,
1082 4044 1244 4090 convene·

81 4143 158 4199 runt
183 4133 331 4199 seniores
358 4125 479 4217 plebis,
503 4141 539 4196 et
559 4133 723 4218 principos
751 4125 969 4206 sacerdotum,
996 4139 1028 4193 et
1048 4125 1188 4208 scribae,
1210 4139 1244 4196 et

83 4234 244 4302 duxerunt
273 4231 363 4300 illurn
392 4237 426 4301 in
455 4233 629 4300 concilium
661 4254 770 4310 suum,
812 4231 862 4298 67.
889 4229 1059 4308 Dicentes,
1090 4231 1176 4297 Num
1207 4241 1243 4296 tu
1372 4253 1373 4256 ¹

84 4361 119 4404 es
149 4337 317 4426 Christus?
349 4336 402 4404 dic
432 4336 537 4406 nobis.
581 4338 621 4404 Et
651 4339 695 4404 ait
722 4335 804 4413 illie,
831 4333 865 4402 Si
892 4331 999 4484 το1ι1ὶι2
1011 4332 1147 4455 gicero,
1175 4354 1241 4400 nou
