2790 4838
311 251 375 330 (st.
395 203 592 332 Septuaginta
611 248 822 331 discipulorum
834 249 980 348 legatio.)
1158 249 1217 324 m
1286 239 1293 276 ³

77 402 186 464 melius
205 399 332 482 quadrat
349 401 423 464 lraec
442 401 598 479 sententia,
616 424 650 463 su
673 403 763 464 eriori
783 368 872 464 etiarn
889 402 1027 467 membro
1044 406 1218 486 respondet,
1235 471 1240 478 ,
1272 400 1280 424 ⁸

11 495 13 528 t
77 480 129 541 ubi
150 480 264 572 dictum
284 477 350 555 luit,
368 479 553 571 iustifipatum
567 501 583 539 a
595 423 684 574 pleis
703 480 912 572 inisseDeurn.
950 483 1035 563 Ergo
1057 482 1217 562 quamlibet

11 533 13 662 i
77 557 165 618 multr
190 567 344 636 apostatae
370 578 388 617 a
411 555 470 616 Der
493 556 627 618 Ecclesia
657 557 834 634 desciscent,
862 578 981 650 semper
1008 569 1107 620 tamen
1139 559 1218 639 apud

11 691 12 726 ,
77 633 343 796 fficiqffigcm’,
355 634 407 715 qui
425 640 584 696 rere‘sunt
603 655 638 696 ex
657 655 768 720 grege,
786 635 942 738 incolumis
960 637 1099 736 persistet
1116 637 1217 700 Evan-

11 875 12 938 ἶ
118 875 207 956 (94.)
250 871 354 941 LUC.
376 875 415 941 X.
456 874 486 939 1.
515 873 593 940 Post
618 873 700 940 lruec
727 886 834 944 autem
856 875 1219 976 designavit'Dominus

11 981 13 1108 p
79 986 111 1041 et
132 975 219 1042 alios
241 975 466 1062 Septuaginta,
499 977 653 1062 misitque
676 975 753 1046 flios
778 977 875 1046 binos
897 979 971 1046 ante
992 975 1107 1046 faciem
1127 1003 1219 1046 suam

11 1127 12 1144 t
77 1080 111 1142 in
139 1070 274 1143 omnem
301 1080 459 1142 civitatem
488 1087 520 1142 et
546 1075 669 1154 locum,
700 1099 766 1167 quo
794 1090 862 1145 erat
888 1069 1147 1168 ipsevventurus.
1188 1082 1220 1150 λ

11 1173 13 1290 f
78 1177 227 1244 Dicebat
249 1199 326 1272 ergo
348 1175 421 1257 illis,
441 1177 560 1244 Messis
581 1169 711 1263 quidem
732 1179 847 1259 multa,
867 1178 926 1246 sed
949 1184 1089 1265 operarii
1111 1186 1221 1270 pauci:
1299 1238 1304 1248 s

11 1305 12 1342 ς
79 1289 196 1365 rogate
219 1299 298 1363 ergo
312 1277 479 1344 dominum
499 1281 621 1356 messis,
642 1289 678 1358 ut
691 1280 838 1347 extrudat
856 1282 1023 1367 operarios
1037 1284 1071 1346 in
1084 1305 1221 1350 messem

11 1355 13 1478 i
80 1401 183 1446 suam.
225 1381 256 1446 3.
271 1387 274 1392 '
290 1381 355 1458 lte,
385 1400 463 1448 ecce
485 1401 547 1465 ego
568 1384 658 1448 mitto
679 1401 758 1458 vos,
787 1384 870 1448 sicut
891 1403 990 1467 agnos
1009 1383 1096 1446 inter
1115 1382 1221 1468 lupos.

11 1499 12 1508 ¹
80 1482 109 1548 1
129 1481 249 1548 Nolite
259 1491 390 1568 portare
400 1480 571 1559 saeculum,
591 1479 700 1569 neque
720 1503 841 1570 peram,
863 1503 972 1570 neque
986 1480 1221 1571 'calceamenta3

11 1575 13 1608 ⁸
82 1595 114 1648 ct
134 1585 301 1648 neminem
324 1603 384 1669 per
404 1586 487 1648 viam
500 1581 721 1652 salutaveritis.
746 1585 822 1651 atu
843 1576 1067 1673 quamcunque
1090 1583 1221 1651 domum

11 1699 12 1708 ¹
81 1685 299 1762 intraveritis,
326 1687 463 1770 primum
490 1683 604 1762 dicite,
635 1685 701 1750 Pax
727 1684 804 1755 huic
831 1681 950 1752 domui.
992 1687 1022 1753 u.
1054 1686 1097 1753 Et
1123 1690 1152 1758 ei
1172 1686 1221 1754 ibi

83 1785 184 1852 luerit
204 1783 298 1850 lilins'
315 1789 418 1872 pacis,
443 1789 627 1873 requiescet
642 1787 747 1873 'super
767 1808 842 1852 eum
863 1809 925 1873 par
940 1798 1066 1880 'vestras
1093 1790 1143 1855 sin
1165 1791 1224 1854 nri-

82 1889 163 1966 irus,
198 1885 241 1952 ad
262 1908 322 1956 vos
343 1887 532 1954 revertetur.
574 1888 603 1953 7.
630 1889 667 1952 ln
695 1887 810 1955 eadem
839 1899 947 1955 antem
973 1888 1071 1955 domo
1093 1901 1223 1958 manete

83 1989 223 2056 edentes
245 2001 278 2054 et
298 1983 457 2068 bibentes,
477 2011 563 2077 quae
584 1985 625 2054 ab
646 1989 711 2056 illis
732 1988 910 2056 dabuntur:
931 1988 1047 2074 diguus
1067 1994 1153 2058 enim
1175 2001 1225 2060 est

84 2094 258 2180 operarius
277 2089 429 2182 mercede
450 2112 518 2158 sua.
552 2091 668 2157 Nolite
683 2096 821 2157 transire
843 2090 886 2158 de
907 2091 1005 2156 domo
1026 2095 1061 2158 in
1083 2093 1224 2162 domum.

11 2193 12 2234 ³
84 2197 114 2260 S
145 2193 192 2260 Et
214 2195 249 2257 in
275 2211 500 2280 quamcunque
532 2194 691 2257 civitatem
717 2188 928 2270 intraueritis,
971 2203 1003 2258 et
1023 2198 1226 2281 susceperint

11 2323 12 2330 ¹
84 2317 160 2372 vos,
196 2294 283 2359 edite
309 2315 393 2380 quae
420 2301 628 2383 apponuntur
653 2290 763 2358 vobisc
804 2297 833 2358 9.
864 2294 907 2360 Et
934 2304 1045 2360 sanate
1069 2295 1225 2376 infirmos,

85 2399 145 2482 qui
164 2397 201 2460 in
221 2393 280 2459 illa
301 2404 384 2472 sunt,
404 2403 438 2458 et
461 2391 643 2470 dreiteillis,
664 2393 947 2480 Appropinlpnarit
967 2397 1001 2459 in
1019 2416 1224 2480 vosregnum

86 2496 167 2564 Dei.
208 2497 258 2561 10.
279 2495 316 2559 ln
338 2515 564 2583 quamcunque
586 2505 691 2559 autern
705 2498 863 2560 civitatem
885 2497 1089 2575 intraveritis,
1111 2507 1143 2562 et
1156 2518 1225 2564 non

87 2599 294 2683 susceperint
313 2617 385 2676 vos,
418 2607 570 2662 exeuntes
597 2597 632 2661 in
653 2594 778 2682 plateas
800 2598 870 2661 eius
892 2595 1006 2662 dicite:
1025 2596 1100 2662 ‘11.
1119 2595 1226 2664 Etiam

87 2697 274 2784 pulverem,
304 2701 362 2783 qui
383 2696 529 2763 adhaesit
548 2697 646 2765 nubis
667 2698 709 2764 de
732 2699 860 2762 civitate
880 2707 1003 2778 vestra,
1032 2700 1232 2782 extergimus

11 2839 14 2852 ·
89 2803 212 2866 invos:
232 2799 414 2864 tamenhoc
426 2805 549 2880 scitote,
570 2799 660 2889 quud
674 2801 947 2888 appropinquavit
967 2801 1000 2864 in
1021 2819 1228 2886 vosregnum

89 2901 168 2966 Dei.
211 2899 261 2965 12.
288 2900 376 2967 Dico
400 2900 509 2984 vobis,
539 2902 629 2991 quod
656 2901 808 2968 Sodomis
833 2897 874 3000 ip'
896 2899 951 2968 die
977 2897 1037 2968 illo
1063 2905 1228 2970 remissius

90 3005 170 3082 erit,
187 3024 285 3090 quam
305 3004 426 3068 civitati
445 3003 505 3070 illi.
600 3053 602 3062 1

169 3159 243 3222 Luo.
262 3169 290 3228 1.
328 3157 494 3222 Postloee
515 3165 611 3222 mem
633 3157 792 3239 designauit
808 3157 956 3234 Dmnines
973 3161 1057 3222 alios.
1094 3162 1229 3242 Aposto-

92 3235 138 3298 los
159 3239 241 3318 prius
261 3239 298 3298 ad
310 3238 459 3300 Christum
477 3260 610 3302 reversos
630 3238 704 3314 ess’e,
723 3259 810 3318 quam
826 3237 1057 3322 iiSeptuaginta
1076 3238 1229 3299 incorum

93 3313 194 3396 logum
213 3313 458 3398 subrogarentur,
478 3337 513 3376 ex
530 3315 629 3376 multis
650 3315 872 3377 circunstantiis
888 3315 1031 3398 colligere
1048 3316 1128 3376 licet.
1146 3315 1230 3378 Missi

94 3411 170 3474 ergo
190 3403 261 3451 sunt
279 3392 451 3468 duodecin,
476 3393 526 3473 qni
547 3395 579 3452 in
597 3413 680 3474 spem
699 3392 885 3475 propinquae
904 3393 1003 3454 salutis
1022 3393 1149 3454 Iudaeos
1170 3393 1245 3456 eri-¹
1266 3416 1268 3430 ·

94 3479 218 3550 gerent:
232 3479 309 3560 post
327 3469 444 3530 illorum
463 3469 606 3546 reditum,
628 3492 717 3550 quum
736 3469 843 3529 maiori
862 3471 1027 3532 attentione
1047 3491 1121 3552 opus
1140 3469 1231 3546 foret,

95 3545 241 3605 summissu
266 3558 335 3606 sunt
358 3547 457 3630 plures
481 3547 563 3608 velut
585 3546 750 3614 secundarii
778 3567 955 3626 praecones,
987 3547 1038 3627 qui
1061 3547 1167 3628 passim
1192 3545 1231 3607 de

97 3619 211 3682 Christi
238 3623 367 3684 adventu
398 3623 508 3696 famam
532 3623 564 3683 in
592 3624 713 3707 singulis
743 3621 817 3684 locis
880 3635 1027 3707 argerent
1073 3623 1233 3686 Caeterum

95 3697 178 3758 nulla
197 3697 256 3759 illis
276 3700 397 3783 proprie
418 3699 570 3762 commissa
589 3699 647 3760 fuit
665 3700 791 3783 legatio,
820 3645 878 3762 sesd
890 3713 1004 3762 tantum
1025 3698 1158 3761 Christus
1178 3719 1232 3778 ap-

97 3774 245 3856 paritores
269 3777 434 3868 praemisit,
466 3778 520 3860 qui
540 3777 646 3859 populi
670 3779 785 3838 anirnos
810 3789 951 3856 pararent
974 3777 1012 3838 ad
1031 3773 1233 3856 excipiendam

99 3853 161 3912 eius
181 3852 356 3914 doctrinam.
395 3856 431 3914 In
451 3875 576 3916 numero
595 3855 790 3938 Septuaginta
809 3853 924 3916 videtur
944 3875 1010 3915 eum
1029 3853 1166 3912 ordinem
1184 3873 1235 3914 se-

98 3941 207 4009 quutus
228 3949 302 4006 esse,
321 3931 368 3990 cui
387 3932 444 3992 iam
464 3931 537 3992 olim
555 3945 720 3992 assueverat
731 3929 871 4068 populus.
910 3930 1086 3992 Tenendum
1106 3940 1151 3989 est
1168 3951 1234 3991 me·

97 4007 206 4080 moria,
227 4009 308 4086 quod
328 4009 364 4068 de
383 4007 535 4088 Apostolis
555 4008 711 4070 duodecim
751 4008 868 4084 urnam,
908 4019 963 4066 uot
979 4007 1108 4066 florente
1129 4027 1168 4086 po
1191 4007 1234 4068 uli

98 4095 178 4144 statu
197 4082 317 4144 inerant
332 4085 444 4160 tribus,
473 4083 597 4146 totidem
624 4083 755 4147 delectos
776 4085 868 4158 luisse
915 4083 1049 4164 postolos
1074 4084 1156 4164 quasi
1171 4028 1234 4144 i’a-

99 4160 255 4236 triarchas,
274 4160 325 4240 qui
343 4163 475 4224 membra
494 4161 584 4224 laceri
604 4163 738 4244 corporis
758 4160 790 4221 in
809 4183 901 4222 unum
914 4159 1101 4244 colligerent,
1119 4174 1152 4222 ut
1164 4159 1235 4223 inde

100 4237 240 4318 prodiret
258 4235 375 4322 integra
384 4237 536 4300 Ecclesiae
554 4236 713 4301 restitutio.
750 4239 821 4300 Non
841 4233 980 4300 absimilis
998 4237 1029 4297 in
1041 4237 1237 4320 Septuaginta

103 4313 181 4375 ratio
201 4314 266 4375 luit
298 4315 423 4391 Scimus,
440 4315 558 4393 Mosen,
578 4336 667 4394 quum
687 4314 773 4376 oneri
791 4335 854 4378 non
873 4314 1032 4392 sufficeret,
1050 4315 1236 4412 septuaginta

104 4389 163 4453 ribi
179 4391 317 4456 ascivisse
334 4393 466 4469 ludices,
485 4392 536 4476 qui
556 4393 699 4476 poputum
719 4413 778 4456 una
796 4413 862 4456 eum
881 4391 948 4476 ipro
968 4404 1109 4477 regerent
1128 4391 1236 4472 (huod
