2764 4846
174 217 253 317 ,tau
370 243 376 252 ·
457 225 461 231 ·
632 225 688 286 10.
702 224 878 290 saurim
979 242 985 254 =

244 383 300 444 ns
318 333 667 455 noanna'noanm,
687 379 812 442 aaran.
828 457 835 470 ι
850 381 917 464 ugo
938 379 1066 440 loannes
1087 379 1239 454 cuatus,
1261 380 1338 439 mi-

67 455 73 462 ’
181 449 273 522 nister
291 457 374 520 verbi
393 456 454 516 Dei
473 456 503 514 in
525 455 645 516 ecclesia
665 456 847 530 Genevensr,
860 458 960 518 *variis
974 455 1087 516 morbis
1108 475 1268 536 oppressus
1293 469 1342 516 et

181 537 318 610 afflictus,
338 546 372 594 nt
390 532 475 592 facile
496 532 625 592 animum
643 533 790 614 inducam,
808 533 970 593 Dominum
985 533 1081 592 Deum
1102 533 1247 608 statuisse,
1271 555 1335 592 me

179 611 355 695 propediem
375 631 408 669 cx
427 609 485 670 boc
504 610 615 669 mundo
637 611 778 683 educere,
811 611 950 670 constitui
979 610 1077 670 lacere
1104 622 1333 668 meum‘testa-

180 699 328 762 mentum,
347 706 508 765 meamque,
521 685 651 746 ultimam
670 686 853 746 voluntatem
874 685 964 747 literis
983 687 1141 763 mandare,
1161 706 1205 756 ea
1217 685 1331 746 lorma

90 814 102 836 ,
180 786 256 847 quae
274 763 471 854 subsequitur.
510 761 641 822 Primum
666 763 798 824 omnium
822 763 929 846 gratias
955 783 1012 846 ago
1032 763 1117 837 Deo,
1149 763 1230 842 quod
1254 764 1331 822 mei

178 843 324 916 unbertus,
342 859 431 930 quem
451 851 566 899 crearet
585 851 616 899 ct
633 839 665 898 in
684 840 742 902 boc
761 841 872 901 mundo
893 840 1064 914 collocaret,
1083 839 1253 900 nonsolum
1268 861 1328 900 me

180 917 373 998 sprofundrs
392 915 579 976 idololatriae
597 915 743 990 tenebris,
767 917 800 976 in
819 937 889 997 quas
910 917 1057 978 demersus
1078 937 1172 991 cram,
1193 916 1329 996 eripuit,

179 1015 268 1086 quem
287 994 319 1054 in
338 992 492 1075 Evangelii
511 979 564 1053 sui
574 993 670 1054 lucem
690 993 859 1069 adduceret,
879 1005 909 1054 et
928 995 1081 1054 doctrina'e
1099 992 1199 1052 salutis
1218 992 1326 1074 parti-

179 1091 275 1164 cipem
294 1069 422 1144 laceret,
462 1089 518 1149 qua
539 1089 617 1130 eram
637 1069 698 1130 indi
722 1071 867 1131 nissimus:
899 1089 996 1150 neque
1016 1068 1110 1130 solum
1152 1089 1185 1128 ro
1207 1069 1325 1129 eadem

177 1145 377 1208 misericordia
398 1159 429 1206 ct
448 1145 631 1230 benignitate
650 1091 741 1208 multa
766 1168 830 1207 mea
850 1147 920 1208 vitia
940 1159 971 1207 et
990 1157 1109 1228 peccata
1129 1089 1261 1238 benigpe
1287 1157 1326 1204 et

179 1225 341 1286 clementer
363 1221 517 1296 toleravit,
555 1242 611 1303 pro
638 1224 743 1302 quibus
766 1237 865 1284 umen
889 1223 1027 1284 merebar
1045 1223 1081 1283 ab
1103 1222 1155 1283 illo
1175 1243 1260 1282 rencs
1286 1233 1326 1282 et

170 1299 495 1376 'exterminartwemm
515 1300 603 1359 etiam
622 1311 703 1360 tanta
723 1317 793 1392 erga
812 1321 860 1362 me
880 1301 1034 1362 clementia
1046 1299 1323 1360 etmansnetudine

177 1389 223 1439 est
240 1397 320 1454 usus,
338 1389 372 1436 ut
390 1397 482 1457 opera
500 1397 566 1436 mea
586 1376 614 1436 di
658 1389 720 1438 atos
739 1377 838 1438 satuti
857 1378 889 1438 in
910 1376 1106 1459 praedicanda
1126 1387 1158 1436 et
1175 1375 1322 1456 promul-

177 1453 274 1545 ganda
293 1453 417 1514 veritate
436 1453 481 1512 sui
501 1454 622 1536 Evange
636 1453 670 1512 ii:
700 1466 852 1534 testorque
872 1476 907 1516 ac
926 1453 1085 1535 profiteor,
1104 1451 1175 1513 mihi
1195 1472 1256 1512 esse
1281 1451 1320 1510 in

176 1549 287 1606 animo,
308 1531 389 1610 quod
408 1530 555 1610 reliquum
574 1541 620 1597 est
637 1529 714 1593 vitae
733 1531 764 1590 in
786 1531 886 1592 eadem
908 1531 965 1592 lide
986 1542 1017 1590 et
1035 1529 1181 1611 religione
1202 1529 1318 1587 transi-

88 1620 89 1623 ’
175 1628 260 1699 gere,
279 1627 367 1686 quam
385 1606 457 1666 mihi
477 1627 532 1697 per
541 1605 734 1690 Evangelium
755 1627 837 1668 suum
857 1608 987 1682 tradidit,
1006 1625 1104 1685 neque
1124 1605 1201 1664 aliud
1222 1625 1318 1685 prae-

176 1684 283 1744 sidium
304 1693 355 1742 aut
372 1682 541 1764 perfugium
565 1683 664 1743 salutis
690 1683 815 1762 habere,
845 1705 931 1766 qnam
951 1684 1106 1766 gratuitam
1126 1681 1216 1762 ipsius
1234 1681 1317 1740 ado-

174 1760 328 1842 ptionem,
367 1779 424 1838 qua
443 1779 502 1818 una
520 1759 596 1820 salus
616 1781 681 1820 mea
700 1760 819 1834 nititur,
858 1781 891 1820 ac
911 1772 976 1820 toto
997 1771 1121 1842 pectore
1146 1757 1319 1838 amplector

174 1835 415 1910 misericordiam,
436 1856 492 1914 qua
510 1848 634 1916 propter
650 1839 746 1898 Iesum
759 1837 909 1899 Christum
927 1857 996 1919 erga
1013 1855 1059 1896 me
1072 1847 1116 1896 est
1128 1855 1204 1910 usus,
1225 1854 1314 1894 com-

196 1933 302 1974 ensans
329 1931 395 1972 mea
423 1911 546 1972 crimina
571 1935 637 1972 cum
662 1914 771 1973 merito
796 1913 898 1974 mortis
918 1926 948 1973 et
988 1912 1108 1973 assionis
1132 1912 1236 1991 ipsius,
1276 1921 1316 1970 ut

173 1935 231 2052 bac
249 1989 366 2051 ratione
385 2009 441 2068 pro
460 1988 630 2050 criminibus
641 2002 671 2050 et
681 1990 795 2052 delictis
808 1990 880 2051 meis
892 1933 1029 2049 omnihus
1040 1988 1169 2074 satisfiat,
1189 2007 1314 2047 eorum-

195 2087 233 2126 ue
251 2065 393 2126 memoria
413 2065 553 2126 deleatur.
592 2067 701 2128 Testor
720 2069 808 2128 etiam
828 2085 862 2129 ac
882 2067 1042 2147 profiteor,
1067 2086 1114 2124 me
1134 2063 1313 2144 suppliciter

174 2089 211 2204 db
238 2162 275 2202 eo
323 2154 418 2216 utere,
458 2153 492 2201 nt
514 2142 554 2202 ita
579 2163 627 2203 me
659 2143 789 2205 ablutum
819 2155 850 2203 et
871 2143 1042 2204 mundatum
1067 2141 1139 2201 velit
1162 2139 1312 2222 sauguine

174 2219 279 2280 summi
298 2239 308 2276 1
331 2219 374 2278 ins
393 2219 506 2280 Redem
530 2221 602 2280 toris
623 2220 718 2281 elsuso
738 2242 794 2301 pro
815 2220 933 2280 humani
974 2218 1070 2280 enoris
1090 2216 1233 2298 peccatis,
1273 2229 1311 2275 ut

174 2294 249 2370 mihi
268 2295 356 2355 liceat
374 2295 451 2374 apud
471 2239 601 2357 tribunal
620 2296 715 2379 ipsius
730 2298 890 2358 consistere
915 2240 973 2356 sub
984 2295 1079 2375 ipsius
1099 2293 1311 2372 Redemptoris

173 2371 310 2455 imagine.
349 2372 425 2438 Item
445 2371 599 2452 profiteol,
618 2373 779 2435 mesedulo
800 2395 855 2454 pro
875 2374 965 2434 modo
986 2373 1096 2455 gratiae
1112 2382 1148 2430 >et
1166 2370 1310 2451 benigni-

97 2509 106 2529 ,
128 2461 131 2470 ¹
172 2449 251 2519 tatis,
271 2466 328 2528 qua
340 2449 422 2508 Deus
442 2469 510 2532 erga
530 2471 577 2510 me
597 2471 665 2510 usus
685 2464 738 2526 est,
758 2471 880 2532 operam
900 2450 1023 2522 dedisse,
1043 2461 1077 2507 ut
1095 2469 1160 2508 cum
1179 2448 1209 2506 in
1229 2467 1308 2512 con-

174 2523 320 2599 cionibus,
339 2535 401 2585 tum
422 2527 509 2586 etiam
529 2526 561 2586 in
580 2527 694 2608 scriptis
715 2539 746 2588 et
764 2526 981 2588 commentariis
993 2545 1070 2618 pure
1091 2537 1121 2586 et
1139 2535 1217 2584 caste
1236 2543 1307 2582 ver·

172 2601 243 2664 bama
262 2601 353 2682 ipsius
372 2603 589 2682 praedicarem,
611 2616 643 2665 et
660 2604 787 2664 fideliter
805 2603 926 2663 Sacram
945 2603 1034 2694 ipsius
1055 2601 1236 2682 scripturam
1256 2599 1306 2657 in-

171 2689 361 2760 terpretarer.
401 2679 511 2740 Testor
530 2681 617 2742 etiam
642 2701 676 2741 ac
697 2681 855 2760 profiteor,
884 2700 932 2740 me
962 2701 992 2738 m
1013 2677 1253 2738 contentionibus
1274 2689 1306 2736 et

161 2755 418 2836 ,disputationibus
431 2755 579 2830 omuibus,
594 2756 752 2838 quaemihi
764 2777 829 2816 cum
841 2756 974 2816 hostibus
985 2756 1139 2838 Evangelii
1151 2753 1305 2815 habendae

172 2831 308 2908 luerunt,
337 2830 425 2892 nullis
444 2833 626 2912 praestigiis,
651 2832 838 2908 nullismalis
857 2833 967 2893 artibus
987 2843 1018 2892 ct
1035 2831 1201 2912 sophisticis
1221 2849 1303 2889 usum

173 2927 247 2983 esse,
267 2907 319 2968 sed
338 2907 462 2968 candide
482 2927 515 2968 ae
535 2909 649 2970 sincere
668 2909 701 2967 in
712 2910 835 2969 veritate
846 2911 1061 2991 propugnanda
1071 2919 1217 2969 versatum
1231 2923 1301 2967 esse.

170 2979 299 3059 Verum,
329 2982 381 3044 hei
399 2983 485 3059 mihi,
514 2984 642 3046 studium
667 2984 739 3046 illud
765 3007 861 3044 meum
887 2997 918 3045 et
939 2985 1019 3045 zelus
1045 2985 1085 3064 (si
1106 2987 1161 3045 boc
1182 2983 1302 3043 nomine

172 3061 279 3144 dignus
299 3063 357 3135 est)
377 3059 452 3120 adeo
472 3061 607 3121 remissus
626 3073 657 3121 et
677 3061 829 3146 languidus
850 3061 905 3122 tuit
950 3074 984 3122 nt
1002 3061 1154 3121 innumera
1175 3059 1245 3118 mihi
1264 3061 1301 3121 ad

173 3158 279 3198 munus
298 3157 395 3196 meum
409 3137 560 3216 praeclare
571 3137 751 3222 lungendum
765 3137 890 3199 defuisse
902 3106 1005 3213 lateat,
1024 3158 1068 3212 ac,
1088 3138 1143 3198 nisi
1163 3137 1302 3197 immensa

171 3206 232 3274 Ilei
256 3212 423 3294 benignitas
448 3213 520 3272 mihi
545 3213 690 3292 alluisset,
729 3227 823 3276 totum
849 3215 921 3276 illud
945 3215 1071 3275 studium
1096 3235 1194 3274 meum
1214 3213 1301 3273 inane

171 3301 261 3350 atne
286 3290 442 3350 evanidnm
468 3289 724 3367 saturantium,
782 3291 833 3351 uin
864 3291 951 3352 etiam
971 3311 1119 3373 agnosco,
1157 3290 1213 3350 uisi
1231 3289 1302 3350 mihi

170 3311 275 3427 eadem
293 3365 462 3448 benignitas
481 3367 626 3441 affuisset,
660 3367 748 3427 animi
763 3313 862 3444 bona,
895 3389 970 3459 qnae
989 3367 1060 3427 mihi
1080 3367 1162 3426 Deus
1181 3365 1300 3448 largitus

170 3442 336 3525 est,¹magis
355 3464 389 3502 ac
407 3463 453 3501 ma
477 3442 501 3503 is
519 3465 566 3504 me
587 3445 690 3524 culpae
710 3457 798 3526 atque
817 3445 950 3527 ignaviae
966 3465 1048 3504 reum
1068 3445 1146 3524 apud
1166 3443 1227 3503 eins
1245 3443 1299 3502 tri-

168 3518 262 3580 bunal
280 3529 436 3599 peractura
455 3463 557 3581 inisse:
577 3538 647 3600 quas
669 3519 708 3582 ob
729 3541 775 3582 res
794 3534 888 3583 testor
906 3541 940 3581 ac
956 3519 1111 3601 profiteor,
1130 3520 1241 3579 nullum
1251 3541 1298 3580 me

167 3595 250 3656 aliud
268 3595 445 3678 praesidium
463 3593 562 3658 balutis
580 3617 709 3678 sperare,
728 3597 785 3658 nisi
805 3599 862 3658 hoc
882 3619 987 3673 unum,
1013 3597 1092 3676 quod
1113 3618 1201 3676 quum
1221 3597 1299 3657 Deus

168 3683 256 3754 pater
284 3671 501 3741 misericordiae
529 3674 569 3734 sit
591 3693 654 3734 sese
679 3675 766 3749 mihi,
826 3675 857 3733 ui
881 3695 928 3735 me
953 3673 1090 3734 miserum
1114 3685 1299 3753 peccatorem

151 3771 320 3834 agnosco,
351 3762 465 3830 patrem
484 3750 628 3811 ostendat.
668 3749 759 3826 Quod
779 3696 924 3833 reliquam
944 3763 1001 3826 est,
1026 3751 1097 3811 volo
1117 3763 1186 3830 post
1203 3771 1298 3810 meum

170 3845 207 3887 ex
231 3825 286 3890 hac
311 3826 371 3890 viu
397 3827 570 3904 discessum,
601 3849 709 3909 corpus
738 3850 836 3889 meum
859 3841 955 3889 terrae
974 3827 1106 3888 mandari
1133 3847 1169 3888 eo
1190 3827 1246 3886 ritu
1264 3847 1298 3888 ac

169 3904 274 3977 modo,
298 3904 349 3983 qui
368 3904 399 3963 in
418 3903 474 3964 bac
493 3905 616 3966 eeclesia
636 3917 666 3966 et
685 3899 942 3979 civitatelusitatus
962 3917 1021 3982 cst,
1041 3905 1109 3964 dum
1129 3904 1232 3963 beatae
1250 3925 1297 3964 re-

169 3979 361 4042 surrectionis
386 3980 447 4041 dies
472 3981 616 4043 adveniat
663 3983 814 4060 Quantum
838 3985 875 4044 ad
893 3997 996 4042 tenues
1020 3982 1190 4056 facultates,
1249 4001 1297 4041 nas

169 4057 243 4117 mihi
253 4057 336 4117 Deus
355 4056 476 4142 largitus
497 4070 551 4136 est,
570 4059 681 4142 dequo
701 4061 732 4120 in
751 4060 810 4120 hoc
828 4071 1004 4120 testamento
1026 4059 1183 4139 disponere
1202 4071 1243 4117 sta
1277 4057 1296 4131 i,
1367 4103 1371 4134 ,

168 4131 273 4195 haeres
292 4155 374 4196 meus
394 4147 457 4196 esto
478 4135 624 4198 Antonius
646 4137 800 4211 Calvinus,
830 4135 921 4196 irater
940 4157 1020 4196 meus
1040 4135 1218 4209 carissimus,
1245 4136 1295 4193 sed

169 4209 292 4272 honoris
312 4231 397 4273 causa
417 4213 568 4274 duntaxat:
598 4213 821 4292 praecipitoqne
842 4235 876 4272 ac
894 4211 950 4273 sihi
971 4211 1080 4287 habeto
1101 4223 1231 4292 pateram
1250 4231 1295 4270 ar·

89 4305 102 4331 ⁰
169 4302 323 4370 genteam,
349 4311 423 4370 quac
442 4289 513 4348 mihi
532 4311 549 4348 a
568 4288 720 4348 Varannio
741 4290 822 4350 dono
842 4289 907 4348 data
928 4300 984 4362 cst,
1010 4309 1067 4366 qua
1087 4310 1152 4348 eum
1174 4299 1293 4348 conten-

169 4376 231 4428 tum
251 4386 315 4430 esse
333 4367 431 4450 cupio.
456 4367 733 4446 Namquaecunque
753 4365 783 4426 in
805 4365 985 4426 haereditate
1004 4387 1069 4446 mea
1088 4366 1201 4444 reliqua
1220 4375 1294 4440 sunt,

231 4489 234 4498 ‹
284 4470 291 4509 l

511 4620 516 4634 c
545 4645 556 4706 1
1098 4655 1105 4689 ¹
