2766 4840
68 2211 71 2221 ,
175 2169 279 2214 omnes
299 2151 386 2212 adse
406 2151 558 2234 colligere.
595 2153 667 2213 Non
688 2173 760 2235 ergo
782 2154 829 2214 hio
848 2176 889 2214 no
914 2154 936 2214 is
952 2175 1089 2214 arcanum
1100 2151 1164 2214 Dei
1177 2150 1332 2214 eonsilium,

168 245 228 310 sss
310 216 443 299 ‘SEG'R
460 235 559 312 xvtt.
584 242 860 302 ‚ruamsanomu
876 247 1168 298 uacumarroses.

148 393 230 456 ,tiae
249 403 348 452 tamma
367 409 436 453 suae
455 409 572 451 curuum
589 389 751 453 continuat.
790 387 899 451 Subest
912 399 1012 452 tamen
1026 390 1058 450 in
1077 388 1232 450 bisvarbis
1244 389 1328 452 altior

170 468 301 530 nomn:
321 487 428 547 nempe
448 466 651 546 quodludaei,
669 467 843 546 simulatque
864 488 915 526 eos
932 465 1079 530 Dominus
1099 465 1277 550 collegerat,
1295 465 1327 526 Α

172 547 181 561 “
204 566 236 606 so
257 538 441 606 dilll'uebant.
480 543 559 604 Hinc
577 555 636 604 tam
657 543 825 623 frequentes
851 543 916 604 dissi
940 543 1068 618 stiones,
1090 545 1178 622 quod
1201 543 1256 602 sub
1276 544 1330 602 Dei

170 567 224 684 iulis
244 624 290 683 six
309 621 346 682 ad
365 632 546 682 momentum
567 613 659 700 quieti
677 631 842 695 manerent,
861 566 953 709 qualis
974 621 1060 679 etiam
1080 620 1174 680 hodie
1188 621 1288 685 [eritas
1301 621 1330 680 in

170 700 283 762 muodo
304 697 445 770 cernitur,
465 707 495 756 et
515 697 651 758 omnibus
670 696 791 757 saeculis
811 697 932 762 exstitit:
951 696 1020 756 ideo
1032 718 1155 756 neeesse
1168 708 1224 771 est,
1243 711 1331 756 utra-

172 781 279 870 gos'et
296 769 428 855 palantes
447 773 527 834 Deus
548 773 634 835 adse
654 769 783 834 revocet.
821 773 882 833 Sed
908 771 956 834 bic
981 784 1026 832 est
1045 775 1221 863 desperatae
1241 786 1271 833 et
1288 773 1328 832 ul-

171 867 260 914 bmae
279 850 430 934 pravitatis
448 849 595 934 cumulus,
615 851 682 912 dum
703 849 867 910 bonitatem
885 847 945 908 Dei
966 851 1162 929 pertinaciter
1180 851 1330 930 repudiant
1366 901 1367 912 ,

171 929 305 992 homines
326 940 356 988 et
374 927 427 986 sub
449 926 510 988 eius
528 927 588 988 alas
607 925 708 988 venire
727 939 871 990 recusant
910 927 1007 986 Porro
1028 927 1111 1006 quod
1130 927 1255 986 antehae
1268 926 1331 998 diri,
1366 959 1367 996 q

174 1005 323 1066 Christum
342 1003 475 1083 loquiin
488 1004 547 1064 Dei
566 1025 703 1085 persona,
723 1005 763 1064 sic
775 1003 924 1086 intelligo,
941 1013 1110 1064 sermonem
1124 998 1205 1063 bunc
1213 1003 1333 1092 proprie

155 1083 205 1143 sin
224 1093 373 1142 aeternam
394 1080 455 1142 eius
464 1079 613 1141 Deitatem
634 1094 813 1162 competere.
843 1081 949 1171 Neque
963 1080 1040 1140 euim
1054 1080 1243 1152 hic-dissent,
1263 1080 1332 1159 quid

172 1160 271 1220 lacere
290 1157 446 1237 inceperit,
466 1178 500 1217 ex
539 1178 579 1218 uo
599 1159 656 1218 suit
675 1158 706 1218 in
726 1177 814 1218 carne
833 1157 1043 1232 manifestatus,
1063 1158 1118 1216 sed
1138 1169 1274 1247 quantum
1296 1156 1333 1214 de
1366 1203 1367 1228 ,

173 1235 266 1297 salute
286 1235 390 1316 populi
409 1233 486 1294 illius
505 1180 542 1295 ab
563 1235 648 1294 initio
665 1235 903 1295 sucritsollicitus
914 1234 1072 1314 praedicat.
1105 1232 1334 1302 Sermusantem,
1366 1247 1367 1252 ’

172 1312 335 1374 Ecclesiam
354 1311 395 1373 ita
415 1310 504 1372 luisse
524 1311 660 1373 divinitus
680 1311 889 1394 gubernatam,
908 1322 941 1370 ut
961 1312 988 1372 ei
1008 1310 1181 1390 praefuerit*
1191 1309 1334 1381 Christus,
1366 1291 1367 1368 l

196 1402 318 1460 uateuus
337 1400 458 1449 aeterna
479 1401 542 1448 erat
558 1388 616 1447 Dei
634 1388 795 1470 Sapientia.
835 1389 907 1463 Quo
927 1409 1013 1448 sensu
1029 1386 1140 1447 Paulus
1161 1406 1222 1454 non
1235 1383 1335 1444 Deum

131 1468 133 1477 ’
172 1412 292 1526 intrem
309 1466 341 1525 in
357 1467 485 1540 deserto,
504 1466 556 1525 sed
569 1463 718 1525 Christum
738 1465 833 1544 ipsum
853 1465 941 1526 fuisse
959 1475 1104 1524 tentatum
1125 1463 1207 1536 dicit,
1246 1463 1334 1520 rimae

174 1544 211 1604 sd
229 1541 406 1604 scariothios
426 1563 490 1622 cap.
506 1547 554 1616 10,
569 1547 611 1607 9..
671 1541 847 1602 undantem
865 1541 948 1601 locus
969 1541 1016 1601 hic
1036 1541 1072 1600 ad
1094 1539 1212 1622 proban
1233 1560 1283 1598 um
1301 1537 1334 1596 li·
1366 1555 1367 1590 l

173 1619 279 1680 berum
290 1618 453 1694 arbitrium,
474 1629 648 1678 etarcanam
690 1619 717 1677 ei
730 1618 1030 1698 praedestinationem
1052 1617 1231 1677 abolendam
1251 1637 1267 1673 a
1286 1635 1333 1672 so·
1366 1625 1367 1634 ¹

174 1696 277 1788 pbistis
290 1695 438 1775 arripitur,
459 1694 551 1754 facilis
564 1707 608 1756 est
617 1695 737 1755 solutio.
767 1691 996 1754 VultDnminus
1017 1707 1120 1756 omnes
1141 1714 1202 1753 con
1254 1711 1333 1770 gare,

173 1773 325 1851 inquiunt:
352 1791 426 1853 ergo
452 1770 588 1832 omnibus
613 1771 739 1831 liberum
758 1783 804 1838 ‚est
822 1771 941 1845 venire,
965 1792 1023 1831 ner
1041 1790 1147 1831 eorum
1166 1791 1207 1830 uo
1220 1781 1334 1827 untasa
1366 1769 1367 1816 l

173 1847 405 1908 Ilei-electione
430 1848 550 1926 pendet.
594 1847 791 1938 Respondeo,
809 1848 997 1918 ,voluntatem
1019 1846 1097 1922 Dei,
1127 1847 1210 1908 cuins
1235 1845 1281 1904 tic
1304 1844 1333 1900 fir
1366 1891 1367 1920 ,

172 1922 298 1996 mentio,
317 1921 353 1980 ab
375 1921 486 1982 ellectu
506 1943 568 1982 esse
587 1923 840 1984 considerandam.
874 1925 948 1984 Nam
969 1928 1058 2004 quum
1079 1922 1174 1983 serbo
1195 1943 1248 1982 suo
1268 1941 1334 2000 pm-
1366 1923 1367 1936 ¹

173 1999 283 2060 misene
305 2001 406 2060 omnes
426 1997 604 2059 adsalutem
623 2011 721 2074 vocet,
741 2013 830 2080 atque
846 2001 894 2061 bic
911 2002 951 2060 sit
966 1999 1199 2081 praedicationis
1213 1997 1284 2068 finis,
1302 2007 1332 2052 ut

102 2120 104 2130 ,
174 2076 208 2136 in
225 2075 293 2156 ‘eius
320 2075 480 2136 custodiam
509 2087 539 2135 et
563 2076 651 2136 fidem
671 2097 774 2137 omnes
795 2077 984 2214 confugiant,
1007 2077 1116 2137 merito
1138 2075 1246 2136 dicitur
1262 2071 1331 2131 selle
1366 2125 1367 2158 ,

105 2261 108 2268 ⁴
174 2228 385 2302 sedvoluntas,
405 2247 479 2310 quae
513 2230 668 2312 erspieitur
678 2251 712 2292 er
724 2231 808 2292 verbi
818 2243 931 2306 natura,
952 2229 1136 2292 describitur.
1167 2230 1242 2288 Nam
1259 2237 1332 2286 certe

149 2353 152 2363 .
176 2327 251 2387 quos
272 2304 432 2366 efficaciter
452 2251 601 2387 colligere.
614 2307 687 2382 vult,
707 2328 758 2368 eos
778 2307 891 2399 Spiritu
911 2329 964 2370 suo
983 2309 1061 2368 intus
1081 2307 1185 2382 trabit,
1210 2325 1269 2365 non
1288 2323 1332 2360 es-

175 2395 261 2444 terna
281 2381 376 2444 solum
395 2381 521 2443 hominis
542 2404 614 2444 voce
633 2383 748 2444 invitat.
778 2384 811 2444 Sr
823 2385 887 2466 quis
900 2385 1035 2465 excipiat,
1054 2382 1183 2444 absurde
1196 2381 1333 2461 duplicem

174 2459 208 2520 in
227 2459 296 2520 Deo
316 2459 499 2520 voluntatem
518 2458 607 2541 fingi,
626 2462 809 2542 respondeo,
828 2482 891 2522 non
910 2462 996 2523 aliter
1015 2481 1070 2520 nos
1092 2461 1237 2531 credere,
1257 2475 1333 2535 quam

174 2537 293 2598 unicam
313 2549 343 2596 et
362 2535 523 2617 simplicem
543 2559 605 2598 esse
628 2538 688 2598 cius
708 2538 906 2600 voluntatem:
931 2539 983 2600 sed
1008 2537 1075 2616 quia
1101 2537 1139 2596 ad
1164 2533 1335 2616 profundam

174 2634 300 2674 arcanae
319 2613 473 2686 electionis
494 2613 530 2673 ab
552 2635 626 2676 ssum
647 2626 760 2676 mentes
780 2626 901 2676 nostrae
917 2636 980 2675 non
1000 2623 1174 2694 penetrant,
1193 2633 1249 2691 pro
1262 2609 1336 2668 infir-

175 2690 285 2751 mitatis
303 2701 422 2750 nostrae
440 2635 565 2750 modulo
584 2690 720 2751 bilariam
739 2691 826 2774 nobis
845 2691 906 2752 Dei
923 2692 1106 2753 voluntatem
1126 2686 1271 2770 proponi.
1296 2685 1336 2743 Ae

176 2767 270 2828 miror
289 2767 430 2857 quosdam
450 2768 489 2826 ita
509 2765 676 2846 praefracto
693 2788 755 2828 esse
768 2767 905 2844 cerebro,
924 2779 957 2828 ut
976 2769 1250 2848 drtproucrrdtsmr,
1270 2779 1338 2842 quse

177 2844 283 2924 passim
298 2864 330 2901 m
341 2842 501 2922 seripturis
519 2845 760 2904 occurrensnibil
774 2865 825 2923 eos
839 2845 977 2918 ostendit,
997 2853 1112 2902 tantum
1133 2842 1189 2902 bac
1208 2841 1240 2899 in
1262 2847 1336 2926 parts

177 2919 413 2978 nonadmittant
445 2920 507 2980 Sed
527 2922 594 3000 quia
615 2921 672 2980 boc
691 2933 897 3012 argumentum
916 2920 1039 3058 copiose
1059 2917 1133 2979 alibi
1152 2926 1337 3005 tractamur

178 2995 210 3054 in
230 3015 262 3054 re
283 3014 461 3074 supervacua
482 3017 562 3058 nnnc
583 2997 634 3057 loo
660 2999 705 3056 ior
722 3019 791 3074 srm,
815 3009 929 3059 tantum
979 2995 1088 3056 reviter
1114 2993 1201 3066 dico,
1224 2989 1337 3050 simulac

178 3071 325 3144 doctrina,
365 3089 419 3132 uae
438 3068 558 3134 unitatis
570 3017 706 3134 tealdum
717 3085 771 3150 est,
791 3075 822 3134 in
835 3076 961 3135 medium
973 3070 1137 3153 profertur,
1156 3068 1260 3128 Deum
1271 3065 1338 3129 selle

178 3167 282 3208 ornnes
302 3091 371 3207 colli
395 3168 461 3222 ere,
487 3161 521 3209 nt
545 3151 713 3231 quicunque
738 3173 800 3212 non
825 3151 949 3212 veniunt
967 3150 1026 3210 sint
1044 3143 1270 3206 inexcusabiles.
1304 3139 1338 3199 Et

141 3269 143 3276 .
177 3221 317 3284 uoluistis.
388 3245 423 3285 oc
448 3235 508 3286 tam
535 3229 571 3288 ad
595 3239 689 3288 totam
713 3240 835 3310 gentem
857 3227 962 3288 referri
989 3234 1088 3316 potest
1108 3243 1197 3302 quam
1218 3223 1258 3282 ad
1276 3241 1339 3280 serr·
1366 3229 1367 3302 p

178 3299 282 3362 basae
307 3321 326 3360 o
344 3313 443 3362 tamen
465 3303 501 3362 de
521 3303 565 3364 his
586 3305 683 3385 potius
703 3305 895 3386 interpretor,
915 3313 943 3363 a·
953 3303 1057 3384 quibus
1069 3300 1194 3358 maxime
1205 3297 1340 3378 impedita

178 3377 237 3438 suit
261 3321 408 3440 cellectio.
446 3379 522 3440 Nam
548 3393 577 3442 et
602 3392 668 3442 toto
694 3393 833 3444 contextu
853 3382 884 3442 in
906 3401 956 3442 eos
976 3380 1110 3439 invectus
1131 3388 1179 3436 est
1199 3375 1340 3434 Christus:

179 3468 210 3518 et
229 3475 319 3530 nune,
338 3477 427 3593 quum
447 3456 588 3540 singulari
602 3479 727 3519 numero
738 3457 974 3541 Hierosolymam
986 3455 1157 3532 alloquutus
1175 3451 1265 3524 iacet,
1285 3470 1341 3534 nors¹
1366 3485 1367 3498 ι

179 3545 291 3596 temere
316 3533 343 3594 vi
366 3545 432 3593 etur
455 3553 524 3594 mox
549 3555 703 3594 numerum
728 3547 870 3596 mutasses
901 3537 954 3594 Est
980 3543 1077 3592 autem
1098 3530 1181 3590 inter
1199 3529 1269 3587 uelle
1285 3527 1341 3583 Der
1366 3529 1367 3580 l

179 3621 211 3670 et
233 3610 365 3700 ipsorum
388 3609 465 3669 nolle
490 3632 535 3672 ern
559 3612 654 3671 batica
679 3613 848 3692 oppositio,
880 3611 948 3691 quia
977 3605 1153 3688 exprimitur
1185 3601 1342 3668 diabolicus
1366 3589 1367 3652 i

178 3685 330 3748 hommum
350 3687 444 3761 furor,
485 3687 516 3747 ui
535 3633 605 3756 lled
623 3687 761 3750 reluctari
781 3709 845 3749 non
865 3685 1009 3747 dubitant.
1300 3755 1307 3767 .

253 3769 301 3830 38.
339 3761 417 3824 Ecce
438 3708 621 3846 relinquitur.
671 3764 791 3845 Templi
820 3763 1012 3825 vastationem
1044 3771 1076 3820 et
1104 3759 1199 3820 totius
1224 3755 1343 3846 politiae

177 3839 330 3903 interitum
350 3841 513 3902 denuntiat.
551 3841 747 3918 Quantumvis
765 3841 845 3902 enim
863 3840 1025 3922 impietate,
1043 3836 1185 3918 flagitiis,
1207 3851 1343 3917 emurque

177 3917 299 3978 infamia
318 3917 474 3996 deformes
497 3931 610 3995 essent,
638 3939 777 3999 perversa
802 3930 901 3978 tamen
928 3915 1040 3976 externi
1064 3915 1163 3974 cultus
1189 3925 1222 3972 et
1248 3907 1343 3988 templ

178 3993 283 4055 fiducia
303 3993 345 4055 sic
365 4008 451 4056 erant
469 3996 634 4070 excaecati,
657 4007 691 4056 ut
709 3994 808 4058 Deum
831 3995 888 4056 sibi
915 3991 1088 4054 obstrictum
1115 4001 1268 4070 putarent.
1305 3989 1343 4044 A:

178 4091 295 4150 semper
314 4071 362 4131 bic
382 4070 502 4154 clypeus
518 4072 548 4132 in
565 4085 705 4164 promptu
720 4073 868 4147 illiserat,
889 4067 990 4146 Quid?
1010 4090 1047 4128 an
1063 4067 1213 4148 migraret
1225 4068 1305 4126 Deus
1316 4081 1344 4120 et

178 4143 238 4232 hoc
257 4147 337 4220 loeo,
356 4169 443 4226 quem
462 4148 520 4211 sibi
539 4171 630 4210 unum
649 4171 681 4208 m
700 4149 785 4209 terris
807 4147 936 4232 delegit?
957 4143 1076 4219 Quodsi
1098 4142 1218 4202 babitat
1239 4144 1270 4202 in
1288 4159 1343 4198 mt-

181 4217 232 4276 dto
256 4233 402 4298 nostrum,
427 4227 547 4287 tandem
571 4248 626 4296 nos
652 4224 766 4285 restitui
790 4245 910 4285 necesse
937 4223 1002 4282 erit.
1041 4221 1187 4297 Denique
1209 4217 1343 4296 templus

181 4289 331 4352 habebant
349 4318 404 4376 pro
425 4301 536 4362 invicto
557 4302 801 4440 propugnaculo,
822 4301 903 4381 quasi
925 4301 955 4391 in
975 4297 1093 4391 gremio
1113 4297 1178 4357 Ilei
1198 4299 1345 4357 sennem:

182 4361 315 4428 Christro
325 4377 538 4440 autemsrustm
551 4400 602 4444 eos

208 4492 215 4521 l

646 4401 673 4442 er
683 4380 850 4466 praesentia¹
862 4377 984 4461 glossari
997 4373 1168 4452 contendit,
1184 4393 1273 4453 quen
1291 4366 1344 4428 suis
