2756 4838
238 267 320 349 (ffb
360 265 527 348 Responsio
547 216 1061 346 deresnrrectionemortnorum.)
1157 268 1216 338 Μ

50 425 85 484 ln
106 425 218 484 summa
237 396 370 484 videmus
389 439 423 480 ex
442 418 564 482 dirersis
584 420 683 481 castris
703 438 836 501 egressos
851 429 930 499 esse,
950 418 1001 500 qui
1020 419 1163 500 impeturn
1181 423 1214 484 in

51 499 201 562 Christum
214 499 362 559 facerent:
383 509 414 558 et
432 497 490 558 boc
510 497 579 557 ideo
601 517 664 557 esse
684 495 803 572 factum,
863 498 890 556 ia
903 515 1007 558 omnes
1017 497 1214 560 communiter

49 577 144 636 lucem
170 595 258 637 sanae
284 574 437 635 doctrinae
466 573 600 636 oderant„
646 573 804 634 Caeterum
849 572 1213 653 adducaei'qnaestionem

48 659 226 734 proponunt
245 649 376 725 Christo,
394 662 429 710 ut
445 649 544 742 specie
565 649 750 712 absurditatis
769 650 816 710 rel
837 657 903 710 eum
918 650 955 709 in‘
965 650 1073 710 erroris
1084 649 1221 712 societa?
1311 669 1323 690 ··

48 742 106 790 tem
120 728 303 810 pertrabant,
322 728 380 804 vel,
398 727 424 787 si
436 727 599 801 dissentiat,
618 727 764 787 infament
783 747 816 787 ao
836 725 965 792 ludibrio
986 725 1116 787 babeant
1134 728 1213 820 apuli

47 807 120 866 rude
140 817 173 866 et
191 805 343 866 indoctum
362 803 474 887 vulgus.
513 805 642 864 bobert
660 803 777 884 quidem
798 815 908 884 potest,
927 813 961 862 ut
980 804 1086 863 eodem
1107 804 1212 866 cautio

47 883 127 1017 priuq
147 881 446 1018 vexaredearisaeos
465 880 546 944 soliti
565 878 685 956 fuerint,
704 882 757 941 sed
776 881 900 942 eandem
920 901 1000 940 nunc
1016 877 1138 945 Christo
1159 881 1211 942 de-

46 962 71 1020 ci
94 981 173 1018 uana
192 971 243 1018 ten
266 969 328 1018 unt.
1143 983 1157 1006 l

73 982 92 1040 Ρ
122 1036 228 1096 Matth.
246 1042 295 1100 23.
337 1031 396 1128 prs·
418 1033 518 1096 dicum
540 1055 600 1094 nors
623 1043 687 1094 esse
705 1035 949 1096 neumaticnem·
991 1029 1095 1105 Qualis
1120 1033 1212 1094 fuerit

46 1113 287 1173 Sadducaeorum
303 1132 402 1194 orrgo,
421 1110 491 1171 alibi
508 1111 638 1171 diximus.
677 1109 775 1172 Porro
794 1129 857 1170 non
877 1111 973 1171 solum
992 1106 1126 1178 ultimam
1147 1131 1211 1170 car-

45 1191 89 1250 nis
111 1189 359 1252 resurrectionem
380 1207 488 1248 eosne
528 1208 584 1264 sse,
602 1189 654 1250 sed
675 1187 790 1247 animae
812 1195 931 1269 quoque
950 1185 1213 1262 inmortalitatem,

43 1267 139 1328 Lucas
164 1265 399 1346 testatur'(rlct.
419 1271 474 1338 23,
527 1265 551 1342 ).
589 1265 630 1324 Et
656 1275 736 1324 certe
755 1263 780 1322 si
800 1264 897 1346 probe
916 1261 1211 1344 expenditurScrip-

44 1355 130 1404 turae
150 1341 296 1416 doctrina,
316 1342 430 1402 animae
449 1341 508 1401 sita
528 1339 591 1401 sine
610 1345 662 1420 spe
681 1339 906 1400 resurrectionis
924 1356 1039 1398 merum
1055 1339 1114 1398 en't
1130 1359 1211 1402 som-

44 1421 136 1480 nium.
174 1421 280 1498 Neque
304 1418 383 1478 enim
402 1417 485 1478 Deus
504 1417 679 1497 pronuntiat
698 1417 807 1478 animas
827 1437 843 1476 a
862 1427 960 1476 morte
981 1419 1045 1472 esse
1069 1415 1211 1496 supersti-

42 1509 106 1572 tes,
138 1496 219 1576 quasi
238 1495 294 1555 iarn
316 1493 464 1584 praesenti
482 1493 615 1629 perfecta
635 1493 748 1576 gloria,
773 1504 803 1554 et
826 1509 877 1553 sua
900 1488 1086 1552 beatitudine
1109 1493 1211 1552 fruan-

42 1585 104 1650 tur,
123 1574 175 1632 sed
196 1581 295 1642 earum
315 1591 397 1657 speqn
418 1571 449 1634 in
468 1570 601 1630 utimum
622 1591 714 1652 usque
735 1569 812 1631 diem
831 1569 991 1650 suspendit
1021 1565 1045 1624 F
1048 1579 1134 1628 ateor
1145 1569 1211 1650 qui-

44 1647 334 1730 demphilosopbos,
394 1647 460 1708 ibus
479 1647 582 1729 ignota
603 1660 666 1708 erat
685 1647 863 1708 resurrectio
877 1645 981 1720 carnis,
1003 1643 1040 1702 de
1052 1643 1211 1707 immortali

42 1729 160 1786 animae
173 1723 297 1786 essentia
308 1745 357 1784 mu
371 1737 399 1784 ta
410 1725 567 1786 disserere:
586 1724 638 1786 sed
657 1733 717 1784 tarn
737 1723 863 1786 futiliter
881 1722 1016 1804 garriunt
1037 1719 1073 1782 de
1094 1723 1211 1782 futurae

41 1805 220 1877 sitanstetn,
239 1799 366 1862 ut-nihil
385 1799 515 1864 babeant
533 1801 674 1882 ponderis
695 1808 799 1878 ‘eqrnm
818 1809 993 1864 commenta·
1026 1800 1126 1878 Quum
1138 1815 1212 1862 vero
1274 1823 1276 1830 ⁴

40 1880 135 1940 tradit
153 1879 317 1960 Scriptura,
337 1898 372 1939 er
391 1897 444 1960 spe
463 1877 688 1942 resurrectionis
707 1877 839 1958 pendere
859 1871 1042 1957 spiritualem
1060 1875 1161 1950 vitam,
1181 1885 1212 1936 et

40 1957 155 2016 animas
176 1955 385 2035 ac'orporibns
405 1954 515 2016 solutas
534 1954 604 2015 illuc
623 1954 772 2034 respicere
814 1953 864 2034 qui
900 1952 944 2011 uis
963 1952 1211 2026 resurrectionem

37 2030 197 2106 eonvellit,
216 2031 326 2092 animas
346 2053 467 2124 quoque
486 2030 707 2098 immortalitate
726 2051 780 2110 spo
793 2029 843 2090 iat.
911 2039 1043 2090 aeterum
1059 2029 1210 2108 hineper-

42 2131 54 2169 s
78 2109 169 2169 icitur
181 2109 329 2170 horrenda
342 2110 473 2170 iudareae
483 2107 634 2168 Ecclesiae
647 2107 794 2181 confusio,
809 2099 889 2184 qubd
900 2105 955 2164 reli
979 2105 1055 2166 'onis
1066 2105 1210 2165 antistites

41 2133 161 2246 lilturae
181 2185 258 2244 vitae
278 2206 361 2266 spem
380 2182 539 2257 tollebant,
558 2193 592 2242 ut
633 2193 679 2242 ost
692 2182 786 2242 carnis
796 2181 950 2241 interitum
984 2180 1125 2246 ominesa
1139 2179 1209 2239 bru-

40 2263 79 2323 tis
101 2260 275 2324 animalibus
294 2261 369 2320 nihil
389 2259 556 2320 differrent
624 2277 665 2316 on
684 2256 835 2338 negabant
850 2257 968 2336 quidem
979 2268 1081 2316 sancte
1094 2265 1125 2314 et
1134 2255 1209 2316 iuste

40 2339 214 2410 vivendum,
233 2347 368 2398 nectam
388 2333 507 2416 profani
528 2343 633 2404 erant,
652 2343 686 2391 nt
704 2331 763 2392 Dei
783 2333 892 2392 cultum
912 2351 1124 2422 supervacuum
1145 2335 1209 2393 e'sse

39 2419 189 2478 ducerent
208 2411 296 2502 §quin
311 2411 411 2492 potius
426 2408 605 2485 asserebant,
625 2407 722 2474 D'eum
743 2427 805 2468 esse
823 2407 927 2468 mundi
944 2407 1090 2485 audirem,
1102 2427 1136 2468 ac
1148 2408 1210 2470 eius

39 2489 236 2574 providentia
260 2507 307 2548 res
332 2487 471 2548 humanas
493 2507 527 2546 re
551 2486 597 2564 i),
622 2484 674 2544 sed
701 2503 790 2564 quum
813 2495 874 2544 tarn
900 2480 1068 2544 mercedem
1092 2483 1210 2566 piorum
1224 2479 1233 2536 ἶ

39 2585 132 2650 quarn
145 2561 258 2623 debitas
268 2563 366 2644 impiis
378 2581 490 2644 poenas
503 2505 550 2624 ari
550 2571 736 2642 praesentem
749 2559 838 2623 vitam
854 2559 1082 2642 restringerent,
1097 2559 1210 2622 etiamsi

36 2665 112 2706 vere
135 2640 287 2716 dixissent,
310 2661 391 2701 nnnc
416 2658 563 2720 quemque
588 2637 739 2698 bominem
765 2635 929 2718 aequaliter
951 2655 1008 2716 pro
1028 2656 1082 2698 sun
1102 2637 1210 2696 merito

37 2718 180 2794 tractari,
200 2718 257 2777 boc
272 2723 375 2777 'tamen
397 2727 461 2776 erat
479 2715 564 2774 nimis
584 2725 822 2796 praeposterum,
861 2710 1051 2773 remissiones
1070 2711 1130 2771 Dei
1151 2723 1207 2773 tam

39 2795 175 2879 angustis
195 2794 302 2854 finibus
322 2793 482 2854 includere.
522 2793 584 2852 lam
611 2789 791 2871 experientia
818 2736 896 2856 cflre
921 2790 1119 2862 demonstrat,
1164 2788 1208 2850 lus

40 2893 131 2954 quam
159 2891 285 2930 crassum
305 2869 394 2932 fuisse
414 2891 517 2930 eorum
537 2879 706 2949 stuporem,
732 2889 822 2950 quum
847 2866 943 2948 palam
968 2865 1007 2924 sit
1031 2885 1209 2941 meterem,

41 2970 119 3030 quae
131 2947 219 3008 bonis
230 2946 360 3083 reposita
372 2957 425 3022 est,
445 2945 585 3026 suspendi
602 2943 635 3004 in
655 2943 742 3004 aliam
761 2944 862 3020 vitam
881 2963 993 3078 poenas
1010 2943 1097 3003 etiam
1112 2941 1208 3080 impiis

39 3026 163 3086 minime
182 3043 269 3104 perso
282 3024 312 3083 vi
330 3023 361 3082 in
381 3024 440 3084 boc
457 3023 591 3083 munder
617 3021 757 3100 Denique
771 3019 829 3084 boc
845 3019 950 3082 delrio
967 3019 1041 3092 nibil
1056 3019 1144 3080 absur
1164 3019 1209 3099 ius

41 3103 116 3184 fingi
132 3111 248 3181 potest,
260 3101 395 3162 homines
407 3102 442 3160 ad
458 3099 615 3182 imaginem
626 3098 687 3160 Dei
702 3108 817 3158 creatos
836 3097 929 3158 instar
945 3097 1092 3180 pecudum
1107 3108 1210 3157 morte

40 3178 197 3260 exstingui.
236 3177 334 3253 Quam
354 3198 427 3238 vero
448 3177 568 3238 foedum
587 3175 662 3235 illud
682 3185 712 3235 et
726 3174 935 3309 prodigiostnn
955 3173 1022 3250 fuit,
1041 3173 1209 3254 qnuruuhi-

63 3275 100 3315 uc
118 3253 252 3338 gentimn
271 3255 348 3334 apud
361 3253 503 3334 profanos
517 3265 547 3312 et
557 3271 663 3322 coecos
673 3252 724 3311 ido
738 3251 844 3312 olatras
854 3251 957 3312 saltem
968 3249 1064 3332 aliqua
1074 3261 1209 3312 maneret

40 3277 160 3392 futurae
179 3330 256 3391 vitae
278 3331 399 3412 opinio,
428 3329 651 3412 apudsludaeos
677 3327 872 3408 (peculiarem
891 3327 1130 3462 Dei‘populumg
1150 3326 1210 3388 boc

41 3409 160 3488 pietatis
184 3427 287 3468 semen
314 3407 457 3468 abolitum
479 3407 556 3468 esse!
597 3405 713 3466 Omitto
735 3405 831 3485 quod,
858 3427 946 3486 quum
966 3416 1084 3466 sanctos
1130 3415 1207 3484 atres

41 3494 204 3544 cernerent
221 3504 396 3564 properasse
415 3484 452 3544 ad
472 3483 631 3544 coelestem
650 3483 751 3558 vitam,
771 3493 801 3542 et
819 3481 924 3544 foedus
945 3479 1026 3572 quod
1038 3481 1121 3540 Deus
1142 3497 1208 3538 eunt

40 3561 98 3620 illis
120 3561 277 3642 pepigerat
298 3581 360 3622 esse
379 3559 531 3640 spirituale
552 3571 583 3619 et
602 3571 765 3634 aeternum,
780 3557 849 3642 plus
890 3579 956 3618 uam
977 3556 1099 3618 hebetes
1118 3553 1208 3614 fuisse

42 3649 193 3716 oporteat,
212 3638 263 3717 qui
283 3639 314 3696 in
334 3636 400 3699 luce
419 3649 477 3696 tam
500 3636 576 3698 clara
584 3636 790 3699 eoeeutirent.
831 3581 890 3696 Sed
902 3635 1029 3716 primum
1045 3634 1118 3692 haec
1133 3631 1210 3690 insta

39 3713 98 3772 fuit
118 3733 222 3773 eorum
241 3733 365 3789 merces,
405 3713 436 3772 ui
454 3713 513 3773 Dei
532 3713 698 3774 Ecclesiam
717 3712 747 3771 in
767 3723 860 3772 sectas
873 3711 1080 3776 distraxerant:
1100 3705 1210 3768 deinde

40 3790 100 3849 hoc
120 3792 212 3851 modo
232 3791 310 3850 ultus
331 3802 375 3850 est
425 3790 540 3850 ominus
560 3789 683 3872 impimn
704 3790 857 3852 doctrinae
876 3807 945 3849 suae
957 3795 1177 3864 contemptum.

117 3873 165 3932 24.
205 3865 364 3945 Magister,
385 3865 489 3927 Moses
507 3865 593 3926 rests
635 3867 736 3942 Quum
754 3865 905 3926 sufficeret
923 3883 987 3924 rem
1006 3861 1115 3922 nudam
1134 3879 1209 3942 pro-

38 3963 169 4077 ponere,
190 3965 330 4024 quorsum
349 3944 388 4018 ita
405 3943 600 4036 praefentur?
619 3961 728 4026 nempe
748 3955 842 4004 astute
855 3941 946 4002 Mosis
967 3959 1078 4000 nomen
1098 3935 1215 4006 obern,

58 4031 125 4094 unt,
146 4031 179 4080 ut
189 4021 320 4156 probent
329 4021 460 4158 legrunra
475 4039 536 4080 esse
549 4019 637 4080 conio
662 4021 697 4095 'a,
718 4041 793 4112 quae
810 4029 963 4080 contracta
980 4025 1065 4076 erant
1075 4033 1139 4078 non
1150 4013 1209 4074 bo·
1255 4023 1257 4028 ’

37 4095 151 4156 minum
172 4097 299 4178 pacito,
328 4119 359 4159 se
399 4097 539 4158 mandato
560 4107 646 4159 etur
668 4097 801 4158 inatrone
821 4096 830 4152 i
852 4095 909 4154 sius
928 4091 996 4152 Dei.
1034 4089 1133 4152 Porro
1152 4111 1210 4151 ne-

36 4193 121 4233 cesse
143 4185 203 4248 est,
227 4186 261 4232 ut
283 4195 381 4236 secum
400 4174 483 4234 Deus
509 4173 572 4254 ipse
597 4173 773 4234 consentiat
841 4169 893 4231 alis
918 4189 991 4253 ergo
1017 4179 1081 4228 erat
1105 4187 1208 4228 eorum

36 4239 151 4329 captio,
172 4250 205 4309 Si
217 4250 298 4312 Deus
319 4251 389 4312 olim
409 4249 510 4312 fideles
529 4250 559 4308 in
580 4271 705 4332 regnum
725 4271 808 4311 suum
829 4246 962 4330 colliget,
982 4245 1064 4326 quod
1080 4244 1137 4304 illis
1155 4247 1208 4306 de-

34 4325 124 4416 derat
143 4327 176 4385 in
195 4327 318 4420 mundo²
337 4327 484 4389 restituet:
505 4327 575 4408 quid
596 4347 670 4464 ergo
691 4327 742 4387 fiet
759 4324 887 4400 mulieri,
906 4343 993 4417 quam
1003 4323 1086 4384 Deus
1095 4334 1209 4404 septem

34 4402 109 4464 vrris
132 4403 333 4466 addixit?·Src
353 4405 436 4486 impii
455 4419 559 4468 omnes
581 4423 614 4465 ac
656 4402 778 4467 aeretici
797 4402 955 4466 calcuumas
966 4399 1124 4476 fabricant,
1144 4397 1210 4478 qui-
