2766 4834
182 233 224 296 aa
346 223 499 287 secato
519 223 572 286 lv.
610 221 688 284 Iesu
707 227 892 284 aceruatos
910 229 955 278 aa
976 226 1173 280 sarcasmo.¹

185 375 281 438 etiam
299 373 434 512 specialis
457 373 584 436 vocatio.
636 371 728 449 Quod
755 393 772 436 a
796 372 948 436 Mattbaeo
981 383 1012 432 et
1034 371 1137 434 lllarco
1167 389 1229 432 non
1256 369 1323 430 uisi

167 453 288 520 ,dnos
327 465 339 512 t
358 451 488 524 mentio,
512 451 562 511 sic*
577 471 643 510 com
661 449 760 510 verbis
780 449 877 510 Lucae
898 447 1040 522 concilia,
1066 447 1209 512 loannem
1233 446 1324 520 inter
1371 499 1372 508 ,

184 531 310 606 vicinos,
330 527 501 608 quibuscum
521 525 682 604 habitabat,
702 525 810 586 obiisse
830 525 958 586 docendi
975 525 1119 585 officium:
1139 545 1208 584 mox
1226 523 1323 587 latius

183 604 380 688 Euangelium
404 625 489 663 suum
510 604 665 682 sparsisse,
690 615 724 666 ut
742 600 874 682 pluribus
894 602 967 662 locis
992 603 1207 675 innotesceret,
1231 601 1322 662 unde

184 683 295 744 lactum
323 692 367 740 cst
397 691 430 736 ut
460 679 696 760 Hierosolymam
731 699 824 756 usque
854 689 987 740 manaret
1017 677 1100 742 brevi
1132 678 1194 741 eius
1223 677 1323 738 sama.

186 759 364 835 Quanquam
395 754 446 815 ille
476 756 611 816 Iordanis
639 766 748 815 tractus
778 755 924 814 desertum
953 755 1052 835 potuit
1075 755 1184 816 vocari·
1240 751 1328 812 Non'

133 843 137 866 ¹
184 833 264 896 enim
284 830 473 896 solitudinem
491 825 648 913 significat,
666 831 719 892 sed
738 852 870 911 asperam
891 843 922 892 et
938 842 1125 892 montuosam
1144 830 1321 914 regionem,

185 929 262 990 qaae
280 907 398 991 minore
418 907 585 986 frequentia
607 908 757 968 lominum
777 907 893 968 colitur.

232 1037 235 1048 .
260 983 365 1064 Matth-
384 991 412 1049 2·
455 989 663 1048 Paenitentiam
685 987 789 1060 agite.
814 985 850 1045 ln
877 985 934 1047 hoc
954 981 1057 1045 dissert
1080 997 1098 1044 a
1122 981 1239 1044 duobus
1265 1003 1321 1042 re-

139 1053 206 1140 ,Ὶί
228 1059 466 1134 uastantem,
486 1062 566 1141 quod
582 1061 616 1120 in
636 1061 757 1122 Ioannis
776 1081 903 1141 persona
923 1069 1061 1120 summam
1075 1059 1228 1120 doctrinae
1251 1059 1320 1120 eius

183 1081 287 1212 talen,
307 1135 351 1196 illi
370 1147 467 1196 autem
486 1138 545 1198 suis
563 1135 669 1198 verbis.
716 1137 894 1216 Quanquam
912 1138 1029 1198 Marcus
1041 1133 1116 1216 tplus
1135 1157 1195 1195 uno
1216 1135 1323 1202 verbo,

183 1211 277 1277 babet
295 1230 383 1292 quam
391 1213 502 1280 Lucas:
522 1213 594 1278 dicit
606 1214 695 1287 enim,
718 1211 756 1272 V
751 1218 808 1274 enit
825 1213 976 1290 baptizans
994 1227 1021 1272 et
1034 1211 1322 1288 praedicambapse‘·

183 1305 277 1352 mam
299 1293 497 1364 pauimentis.
542 1287 701 1350 Caetemm
721 1289 757 1351 in
782 1311 814 1350 re
838 1291 901 1370 ipsa
921 1288 1048 1369 optimus
1074 1301 1119 1352 est
1142 1309 1318 1362 consensus,

182 1385 253 1502 guia
273 1364 488 1446 poenitentiam
507 1386 609 1426 omnes
629 1389 696 1428 cum
714 1366 886 1428 remissione
904 1377 1094 1457 peecatorum
1115 1365 1316 1458 coniungunt.

95 1539 97 1546 ι
184 1442 1316 1610 ,sulactala:tatastat:talamascas

183 1594 257 1662 dicit
275 1595 413 1669 Ioannes,
432 1615 557 1677 reguum
574 1595 633 1658 Dei
653 1617 689 1676 ap
712 1596 914 1679 ropinquasse,
932 1595 1079 1677 significat
1096 1593 1243 1670 hommes,
1263 1594 1316 1673 qui

183 1668 304 1732 alienati
327 1692 344 1730 a
370 1671 479 1732 iustitia
503 1672 563 1732 Dei
589 1617 758 1732 exsulabant
781 1693 797 1731 a
823 1690 917 1756 tegno
942 1671 1110 1746 coelorum,
1135 1693 1250 1732 rursum
1276 1671 1314 1730 ad

183 1746 282 1809 Deum
310 1745 568 1829 colligendosput
594 1749 647 1810 sub
669 1750 730 1809 eius
754 1769 841 1810 manu
866 1747 986 1824 vitant.¹
1025 1749 1092 1808 Hoc
1116 1760 1214 1808 autem
1242 1746 1315 1809 lacit

92 1891 98 1900 ,
207 1823 453 1903 ratuita·adoptio
474 1837 705 1906 etpeccatorum
725 1825 820 1898 venia,
841 1825 1114 1906 qaasibiindignos
1127 1823 1314 1886 reconciliat.

182 1843 222 1965 ln
245 1919 371 1974 summa,
387 1923 518 1976 :regum
536 1900 881 1966 coelorum.'nil1il·aliud
907 1913 951 1962 est
974 1920 1060 1980 qnam
1084 1900 1161 1960 vitae
1186 1901 1315 1974 novitas,

184 1997 242 2056 qna
261 1975 343 2036 Deus
362 1997 417 2040 nos
435 1977 577 2038 instaurat
595 1979 627 2038 in
646 1999 727 2060 spem
748 1977 851 2038 beatae
871 1976 1104 2038 immortalitatis.
1149 1977 1226 2036 Nam
1247 1997 1313 2036 cre-

184 2065 257 2134 ptos¹
281 2053 473 2119 enservitute
493 2054 605 2133 peccati
630 2067 661 2116 et
679 2054 781 2114 mortis
807 2053 863 2116 sibi
882 2075 938 2114 nos
958 2055 1098 2116 vindicat:
1123 2064 1156 2112 ut
1182 2053 1314 2112 interra

203 2129 408 2218 ¹eregrinautes
420 2129 582 2194 coelestem
591 2131 680 2192 vitam
690 2131 747 2190 lide
758 2129 817 2196 iam
828 2131 1036 2211 possideamus,
1046 2129 1314 2210 adpresios‚l,l.

183 2149 326 2280 Quamvis
347 2206 425 2269 euim
443 2207 552 2272 similes
571 2206 694 2270 mortuis
708 2207 811 2280 simus,
830 2207 920 2270 vitam
938 2218 1037 2270 umen
1058 2218 1186 2270 nostram
1205 2205 1314 2266 scimus

184 2281 299 2354 intuto
321 2299 399 2358 esse,
424 2285 492 2355 dum
513 2297 557 2345 est
576 2285 606 2344 in
628 2283 748 2369 lllpristp
768 2283 956 2373 abscpndits,
981 2283 1098 2346 Coloss.
1117 2289 1146 2356 3,
1165 2288 1194 2346 3.
1234 2281 1314 2342 Hinc

113 2369 117 2382 ·
183 2370 322 2438 tanquam
348 2381 383 2420 ex
402 2360 487 2424 sonte
513 2360 678 2433 exhortatio
706 2361 976 2441 adpoenrtentiam
999 2359 1161 2422 deducitur.
1205 2358 1314 2438 Neque
1347 2417 1378 2422 .,

184 2435 263 2504 casim
284 2435 355 2506 dicit
373 2437 517 2512 Ioannes,
535 2437 756 2502 Poenitentiam
775 2437 871 2518 agite,
891 2449 923 2500 et
940 2435 998 2497 laoc
1016 2435 1108 2496 modo
1129 2435 1238 2498 deinde
1258 2457 1313 2516 ap-

183 2513 396 2604 propinquabit
406 2515 542 2651 Regnum
561 2510 731 2575 coetorum?
746 2515 798 2578 sed
818 2515 918 2592 priore
938 2511 1006 2572 loco
1018 2512 1078 2572 Dei
1097 2511 1219 2594 gratiam
1240 2532 1314 2594 pro.

183 2601 287 2669 ponit,
312 2591 436 2650 et⁴inde
477 2602 590 2650 ortatur
609 2584 759 2662 homines,
783 2600 817 2653 ut
840 2590 1022 2670 resipiscant.
1070 2588 1158 2650 Unde
1185 2600 1316 2664 constat,

183 2665 392 2746 poenitentiae
412 2667 634 2732 fundamentum
660 2687 722 2728 esse
741 2666 801 2727 Dei
826 2665 1069 2738 misericordiam,
1096 2685 1151 2743 qua
1177 2665 1313 2744 perditos

183 2743 319 2807 restituit.
369 2745 433 2814 Nee
456 2744 514 2804 alio
545 2762 632 2808 sensu
659 2743 778 2808 tradunt
800 2743 914 2806 blancus
941 2753 972 2800 ct
993 2743 1103 2815 Lucas,
1128 2741 1313 2819 praedicasse
1342 2744 1346 2756 '

183 2819 398 2908 poenitentiam
417 2821 668 2882 inremissionem
689 2831 887 2899 peecatorum.
930 2819 1001 2882 Non
1021 2818 1100 2878 enim
1126 2821 1175 2898 (ut
1194 2818 1314 2897 quidam

182 2896 318 2976 imperite
338 2895 468 2976 lingunt)
488 2896 571 2977 prior
590 2896 705 2956 locatur
723 2897 922 2976 poenitentia,
947 2895 1028 2972 quasi
1048 2915 1133 2961 caasa
1152 2895 1190 2954 sit
1209 2894 1314 2954 remis-

182 2973 283 3044 sionis
299 2985 503 3051 peccatorum,
529 2973 696 3043 ‚velvlleum
720 2973 903 3052 praeveniat,
928 2984 961 3030 ut
986 2971 1109 3050 incipiat
1135 2969 1223 3036 nobis
1250 2991 1314 3030 esse

183 3049 341 3128 propitius,
360 3050 413 3112 sed
431 3050 602 3130 resipiscere
622 3049 762 3116 iubentur
781 3049 925 3120 homines,
944 3059 978 3108 ut
996 3047 1162 3126 percipiant
1182 3046 1314 3110 oblatam

182 3125 240 3184 sibi
255 3125 536 3190 reconciliationem.
577 3123 735 3190 Caeterum
754 3138 788 3188 ut
806 3125 912 3188 ordine
932 3124 1083 3203 praecedit
1096 3123 1240 3203 gratuitus
1252 3123 1313 3184 Dei

183 3222 280 3274 amor,
307 3222 367 3278 quo
393 3205 515 3266 miseros
540 3204 675 3268 homines
695 3203 881 3282 amplectitur
905 3211 1024 3280 peccata
1044 3192 1106 3258 laon
1128 3199 1313 3278 imputando,

182 3279 406 3346 sicnotandum
426 3295 483 3356 est,
503 3281 617 3345 veniam
637 3279 933 3358 nobispeccatorum
952 3277 983 3335 in
1006 3276 1125 3342 Christo
1147 3275 1228 3353 lieri,
1249 3297 1312 3334 non

183 3366 217 3419 ut
232 3353 559 3442 'ealleusiodulgentia
578 3378 628 3418 sua
648 3355 757 3428 foveat,
777 3355 829 3414 scd
849 3353 947 3434 potius
967 3364 1001 3411 ut
1020 3373 1074 3411 nos
1095 3353 1131 3412 ab
1149 3351 1205 3410 illis
1219 3356 1311 3411 sanct.

182 3433 245 3492 Nec
265 3449 338 3496 veto
358 3435 421 3502 sinc
440 3436 556 3526 peccati
576 3431 646 3494 odio
674 3445 704 3492 ct
722 3431 861 3494 vitiorum
879 3429 1063 3510 displicentia
1089 3428 1233 3507 quispiam
1252 3427 1312 3488 Dei

181 3508 307 3590 gratiam
331 3507 470 3592 gustabit.
510 3511 570 3572 Sed
591 3509 705 3589 plenius
724 3529 758 3568 ex
778 3507 950 3566 delinitione
971 3505 1174 3585 poenitentiae
1194 3516 1225 3564 et
1243 3503 1313 3567 fidei

181 3587 304 3669 agnosci
323 3591 449 3668 poterit,
474 3585 729 3668 quamindividua
748 3584 955 3662 situtriusque
976 3581 1164 3642 coniunctio:
1190 3582 1260 3642 ideo
1280 3582 1312 3640 iu

180 3662 238 3731 leae
258 3665 567 3732 doctrinatractanda
586 3660 795 3742 stunparcior.
841 3660 992 3734 Quantum
1014 3659 1050 3718 ad
1071 3658 1231 3736 praesentis
1253 3657 1310 3720 loci

180 3761 299 3808 sensum
330 3743 477 3833 pertinet,
512 3739 669 3800 observare
701 3735 855 3810 conuenit,
893 3748 988 3796 totum
1017 3733 1210 3814 Evangelium
1241 3734 1311 3794 dua-

182 3816 237 3876 bus
263 3820 404 3897 partabas
422 3827 573 3891 constare,
606 3813 789 3876 Remissione
820 3824 1026 3891 peccatorum,
1059 3823 1089 3870 et
1114 3811 1310 3873 Paenitentia.

151 3937 158 3950 .
184 3893 285 3966 Quum
304 3913 375 3960 vero
396 3895 561 3958 Matthaeus
581 3891 661 3971 prius
680 3889 844 3953 membrum
864 3889 997 3972 designet
1018 3908 1072 3967 per
1083 3888 1127 3946 lte
1152 3909 1220 3946 num
1242 3908 1311 3946 coe-

181 3969 290 4046 lorum,
309 3973 378 4036 laiac
398 3969 539 4052 colligere
558 3968 639 4042 licet,
659 3965 764 4030 hostile
784 3965 952 4028 homiuibus
972 3985 1033 4024 esse
1054 3985 1119 4024 cam
1130 3907 1206 4023 ilco
1228 3964 1311 4026 dissi·

183 4047 280 4122 dium,
305 4060 336 4110 et
360 4067 478 4125 prorsus
503 4045 653 4106 abdicatos
679 4063 748 4104 esse.
766 4061 782 4104 a
801 4062 896 4122 regno
922 4039 1059 4115 coelesti,
1084 4041 1180 4100 donec
1207 4059 1258 4100 eos
1283 4037 1312 4098 in

182 4126 307 4206 gratiam
332 4121 414 4202 chs
443 4122 575 4202 recipiat.
626 4119 804 4197 Quanquam
826 4131 924 4180 autem
950 4118 1078 4178 Ioannes
1102 4115 1161 4176 Dei
1189 4115 1311 4198 gratiam

184 4220 357 4280 prqpoucns
386 4201 423 4259 ad
448 4195 661 4278 poenitentiam
686 4197 821 4255 hortetur
846 4193 995 4268 homiues,
1023 4191 1185 4252 tenendum
1215 4204 1311 4254 tamen

184 4287 238 4348 ast,
258 4275 332 4334 hanc
353 4295 472 4354 quoque
494 4295 556 4334 nou
575 4273 669 4332 minus
686 4277 752 4332 esse
772 4271 830 4332 Dei
851 4271 971 4342 doraum,
995 4290 1082 4358 quam
1101 4269 1312 4329 haereditatem

183 4351 268 4434 regui
296 4350 438 4418 coelestis.
485 4351 569 4412 Sicut
593 4349 672 4416 enim
692 4359 813 4432 peccata
839 4345 928 4411 uobis
945 4357 1034 4428 gratis
1059 4345 1203 4432 ignoscit,
1228 4343 1313 4410 stab
