2764 4854
127 237 194 322 *stt
263 236 390 320 'SEC'R
410 255 476 316 XX.
518 269 652 317 cusum
671 266 900 314 manasterio
922 267 965 316 ns
985 237 1161 325 sseuusso'.

136 430 224 492 supra
235 408 360 492 angelos
370 429 531 488 omnesque
550 420 696 470 creaturas
717 408 856 482 emineat,
874 418 906 468 ut
926 427 981 487 per
1001 407 1064 468 eius
1083 428 1205 468 manum
1215 407 1306 470 Pater

136 487 278 546 mundum
298 486 456 569 gubernet,
475 498 508 545 ut
527 486 655 565 denique
676 507 777 546 coram
798 505 834 546 eo
854 485 992 546 flectatur
1006 503 1095 544 omne
1107 505 1199 566 genu,
1222 487 1308 568 Ergo

160 562 262 624 erinde
288 574 334 626 est
359 563 416 628 acsi
439 574 564 625 uocetur
582 563 641 624 Dei
666 563 807 638 vicarius,
839 561 890 642 qui
911 561 974 621 eius
993 579 1154 641 personam
1174 563 1306 622 sustinet

136 585 242 778 §uere
263 640 362 702 locum
382 639 510 723 aliquem
529 639 683 722 imaginari
709 627 772 700 riou
800 637 958 714 convenit,
988 659 1079 718 quum
1100 640 1307 718 metaphorice

158 731 261 777 emta-n
280 717 439 778 secundam
460 716 555 778 aDeo
576 727 752 797 potestatem
771 715 928 800 significet.
959 714 1106 776 Consulto
1128 728 1230 774 autem
1252 716 1308 778 boc

54 813 56 823 ’
137 795 251 855 addidit
267 795 400 870 Marcus,
420 806 452 854 ut
470 793 620 869 sciremus,
638 813 702 854 uon
722 805 875 882 receptum
895 791 984 852 luisse
1007 789 1162 852 Christum
1183 792 1215 850 iu
1237 813 1308 852 eoe-

137 872 198 947 los,
217 884 251 932 ut
269 871 386 932 beatam
407 871 536 952 quietem
557 871 662 952 proeul
682 891 698 930 a
718 869 806 932 uobis
827 868 916 946 colat,
934 869 1039 930 sedut
1057 869 1173 930 mundo
1195 870 1308 949 praesi-

100 963 113 982 ⁸
138 949 208 1010 deat
225 948 259 1008 in
280 947 403 1010 salutem
424 947 553 1018 omnium
573 946 701 1027 piorum.

91 1033 93 1040 ⁴
213 1031 261 1092 2⁰·
298 1021 353 1084 1112·
369 1047 436 1086 uero
454 1027 563 1102 «pessi
575 1023 827 1100 praedicaveram.
865 1022 1003 1084 Breviter
1021 1021 1071 1084 bic
1090 1021 1215 1104 attingit
1230 1023 1309 1084 blar-

137 1123 207 1178 cus,
245 1122 320 1193 quae
344 1101 475 1164 seeundo
500 1101 578 1162 libro
596 1101 691 1166 Lucas
718 1099 1092 1192 bisto'ricepprosequitur,
1133 1099 1263 1180 pusillae
1281 1113 1311 1159 et

137 1178 279 1262 iguobihs
299 1177 451 1240 bominum
478 1177 610 1243 cohortis
635 1191 752 1244 sorem·
766 1177 951 1260 pertonuisse
975 1196 1069 1256 usque
1095 1177 1133 1236 ad
1160 1187 1311 1236 extreme

136 1254 220 1316 orbis
239 1255 321 1317 lines.
359 1257 435 1317 Nam
455 1275 519 1336 quo¹
535 1275 582 1316 res
600 1255 696 1316 miuus
715 1269 780 1316 erat
798 1254 966 1328 credibilis,
994 1274 1031 1314 eo
1061 1253 1174 1313 certius
1194 1252 1313 1312 refulsit

137 1332 274 1394 eoelestis
300 1333 453 1413 potentiae
478 1331 660 1394 miraculum.
706 1329 857 1394 Christum
883 1344 979 1392 morte
1005 1329 1100 1390 crucis
1126 1329 1178 1390 vel
1200 1330 1310 1390 exstin-

138 1420 218 1470 ctum
231 1417 359 1490 'prorsus
380 1429 442 1472 esse
462 1429 564 1470 omues
584 1421 746 1491 putassent,
764 1408 812 1472 vel
831 1409 872 1470 ita
892 1425 1077 1490 oppressum,
1096 1417 1130 1466 ut
1150 1405 1236 1466 nulla
1255 1429 1311 1466 un-

137 1505 225 1566 quam
254 1485 341 1546 fieret
367 1487 429 1553 eius
460 1487 572 1548 mentio
601 1486 657 1548 nisi
688 1486 834 1567 probrosa
861 1497 892 1546 et
918 1483 1111 1546 detestabilis.
1157 1483 1311 1562 Apostoli,

137 1583 212 1700 geos
232 1561 288 1626 sibi
308 1574 397 1626 testes
417 1563 559 1645 elegerat,
577 1561 632 1624 illo
652 1564 780 1644 turpiter
791 1562 909 1624 deserto
928 1580 992 1622 sese
1012 1561 1042 1619 iu
1063 1559 1207 1620 tenebras
1227 1560 1310 1620 abdi-

159 1652 257 1700 eraut:
277 1651 359 1700 lanu
380 1652 444 1720 erat
463 1659 567 1700 eorum
585 1639 700 1700 inscitia
720 1661 757 1700 ac
779 1640 906 1713 ruditas,
925 1649 1023 1698 uuus
1043 1637 1153 1698 deinde
1174 1649 1309 1697 contem-

138 1727 223 1808 ptus,
242 1728 275 1777 ut
293 1721 399 1778 vdcem
419 1718 450 1776 iu
469 1716 596 1796 publico
612 1717 748 1778 emittere
767 1717 813 1778 vix
833 1717 985 1776 auderent
1010 1716 1059 1774 Au
1079 1713 1117 1774 ab
1141 1713 1312 1774 homiuibus

138 1793 267 1857 indoctis
287 1794 454 1874 nulliusque
476 1795 574 1873 pretii,
592 1806 683 1873 atque
705 1793 792 1854 etiam
811 1791 971 1874 transfugis
990 1790 1172 1871 sperandum
1194 1789 1261 1865 luit,
1281 1800 1311 1848 ut

45 1877 49 1896 ¹
119 1869 263 1930 '‘oris‘sui
281 1869 381 1933 sonitu'
400 1881 447 1930 tot
488 1883 571 1932 entes
589 1870 732 1949 dispersas
752 1870 806 1931 sub
827 1867 955 1931 crucifixi
975 1867 1132 1948 imperium
1146 1865 1310 1950 cogerent?

137 1945 280 2027 Magnum
300 1966 374 2029 ergo
395 1890 512 2026 pondus
531 1947 633 2018 subest
651 1947 696 2008 bis
715 1946 830 2021 verbis,
855 1946 936 2027 quod
956 1945 1068 2036 egressi
1087 1943 1203 2080 ubiepue
1223 1964 1307 2023 prae-

138 2021 315 2098 dicaverint,
346 2022 397 2102 qui
414 2022 530 2104 trepide
550 2041 646 2103 nuper
665 2022 697 2082 iu
717 2042 771 2082 suo
793 2021 942 2104 ergastulo
965 2021 1107 2084 silebant.
1171 2022 1306 2080 lomento

137 2096 216 2159 euim
237 2110 297 2160 tam
316 2098 469 2180 inopinata
491 2099 645 2162 conversio
665 2099 832 2160 humanitus
852 2097 985 2162 accidere
1006 2117 1070 2158 non
1091 2097 1199 2178 potuit,
1219 2097 1302 2156 ideo·

161 2195 197 2236 ue
216 2175 298 2238 addit
317 2177 451 2253 Marcus,
469 2175 599 2238 Dorsum
617 2191 799 2252 uesperum,
818 2175 984 2258 significans
1005 2174 1064 2236 boc
1085 2195 1158 2234 vere
1176 2173 1301 2232 divinum

136 2195 227 2325 inisse
248 2274 332 2334 opus.
371 2255 477 2333 Neque
497 2266 600 2314 tamen
621 2253 676 2314 bac
695 2253 840 2333 loquendi
857 2253 953 2313 forma
979 2250 1060 2312 iuter
1078 2250 1207 2330 ipsorum
1227 2269 1299 2328 ope-

136 2350 199 2392 tam
219 2329 267 2392 vel
286 2329 420 2392 laborem
441 2343 471 2394 et
489 2330 549 2391 Dei
568 2317 693 2414 gratiain
712 2329 854 2421 partitur,
886 2327 967 2408 quasi
991 2347 1127 2390 seorsum
1149 2326 1203 2417 ipsi
1243 2324 1304 2384 uie·

137 2427 225 2487 quam
246 2407 460 2488 praestiterint:
479 2429 582 2468 venun
598 2406 772 2488 simpliciter
791 2405 891 2466 aDeo
910 2403 1001 2466 luisse
1020 2403 1139 2464 adiutos
1160 2347 1309 2485 iutelligit,

137 2481 208 2562 quia
232 2484 393 2546 secundum
419 2501 537 2544 carnem
558 2483 664 2544 frustra
688 2481 821 2565 aggressi
841 2493 954 2556 esseut,
983 2480 1065 2560 quod
1085 2481 1174 2560 peri
1196 2502 1244 2540 sos
1263 2493 1307 2540 tu·

61 2637 65 2642 ,
136 2573 272 2642 ιιιειιιειῐ
290 2559 465 2641 perlectum.
503 2562 614 2621 Fateor
634 2559 751 2640 quidem
772 2558 867 2619 Verbi
885 2557 1158 2628 ministros‚vooari
1177 2503 1238 2618 lui
1257 2578 1308 2617 co-

137 2636 290 2700 adiutores
310 2637 350 2717 (I.
372 2637 444 2700 Gor.
461 2643 491 2712 3,
511 2645 538 2704 7.
557 2639 615 2713 9.),
636 2647 779 2718 quatenus
798 2637 929 2716 ipsarum
948 2632 1115 2696 ministerio
1135 2635 1242 2708 utitur,
1260 2633 1308 2694 sed

137 2716 300 2778 tenendum
321 2726 381 2787 est,
401 2714 509 2774 nullam
531 2713 587 2774 illis
606 2713 746 2774 virtutem
765 2724 934 2794 suppetere,
953 2709 1010 2771 uisi
1029 2732 1119 2790 quam
1139 2711 1222 2770 idem
1242 2709 1308 2770 sub-

137 2789 297 2852 ministrat:
332 2791 439 2854 deinde
459 2789 621 2871 plantando
642 2802 674 2850 et
691 2790 819 2872 rigando
840 2787 913 2849 nibil
933 2788 1099 2869 prolicere,
1124 2787 1183 2848 nisi
1205 2785 1243 2847 ab
1263 2807 1307 2846 ar-

138 2887 212 2926 eana
224 2866 351 2948 Spiritum
371 2867 502 2930 ellioucia
520 2867 678 2948 proveniat
696 2865 922 2926 incrementum.
960 2863 1002 2923 Et
1018 2885 1182 2925 maen
1201 2865 1308 2944 confir·

137 2959 242 3004 nante.
281 2945 339 3004 llic
358 2965 427 3006 meo
453 2944 562 3006 iudicio
586 2943 717 3024 speciem
742 2943 878 3022 designat
896 2943 1013 3002 blareus
1036 2941 1100 3004 eius
1127 2941 1214 3020 quod
1259 2963 1306 3000 ro·

138 3019 215 3080 xime
235 3020 266 3082 iu
286 3041 397 3106 genere
417 3021 531 3102 posuit:
551 3041 621 3081 nam
640 3019 702 3082 aliis
722 3019 841 3099 quidem
861 3019 957 3079 modis
976 3039 1035 3079 coo
1058 3029 1160 3080 eratus
1181 3031 1228 3078 est
1272 3039 1305 3076 o-

139 3097 246 3172 minus,
265 3119 304 3158 ne
323 3098 405 3175 irrita
426 3109 503 3158 esset
512 3097 668 3180 Evangelii
686 3097 731 3156 sui
751 3096 944 3176 praedicatio,
962 3095 1015 3156 sed
1035 3039 1094 3156 doc
1115 3094 1235 3156 illustre
1253 3095 1304 3153 luit

138 3174 237 3236 auxilii
256 3175 317 3236 eius
337 3176 558 3252 documentum,
577 3174 658 3255 quod
673 3172 821 3233 miraculis
832 3194 896 3234 eam
916 3172 1048 3232 sancivit
1087 3171 1194 3233 Docet
1214 3183 1307 3232 autem

139 3247 188 3310 bic
209 3250 306 3326 locus,
319 3253 476 3331 ''quorsum
502 3251 608 3312 referri
633 3249 763 3310 debeant
781 3248 937 3323 miracula,
969 3249 1024 3308 uisi
1046 3267 1080 3308 ea
1101 3248 1134 3308 iu
1156 3269 1307 3329 perversas

140 3323 323 3409 corruptelas
342 3328 460 3410 trahere
479 3327 587 3389 libeat:
617 3348 724 3418 nempe
745 3338 779 3386 ut
796 3326 959 3408 Evangelio
980 3324 1180 3388 subserviant.
1222 3327 1306 3385 Unde

139 3405 281 3484 sequitur,
300 3417 431 3466 sanctum
450 3405 510 3466 Dei
530 3403 665 3466 ordinem
684 3403 802 3480 inverti,
821 3403 845 3463 si
867 3425 881 3464 a
897 3401 995 3466 uerbo
1016 3401 1076 3462 Dei
1096 3401 1210 3478 avulsa,
1231 3403 1309 3462 cuius

139 3492 208 3542 suut
227 3483 423 3620 appendices,
447 3481 484 3543 ad
504 3483 650 3545 ornandas
678 3479 781 3562 impias
808 3479 957 3542 doctrinas
981 3477 1031 3542 ’cel
1051 3479 1202 3542 lucendus
1220 3480 1308 3540 vitio-

140 3582 189 3624 sos
209 3581 245 3622 cu
258 3571 302 3622 tus
321 3560 486 3624 trabuntur.
507 3593 516 3602 -
