2756 4838
220 247 302 327 (lib
347 245 516 328 Responsio
536 246 810 317 des-esurrectione
827 199 1040 340 nouimus)
1151 255 1217 344 m-

1039 361 1047 390 Ι
1281 389 1283 392 .

62 410 124 472 stns,
142 397 207 477 qnia
227 419 293 460 cum
310 397 489 460 Sadducaeis
511 411 573 461 erat
592 397 758 482 negotium,
778 397 827 478 qui
841 397 1000 478 Prophetis
1012 419 1074 462 non
1084 401 1208 466 multum

62 472 200 534 habebant
215 475 301 536 lidci:
321 473 423 536 saltem
445 496 507 535 non
527 476 586 538 alio
606 476 674 536 loco
696 496 746 538 eos
766 473 916 536 habebant
936 497 1021 556 quam
1034 497 1089 538 nos
1101 472 1209 540 librum

61 550 257 622 Ecclesiastici,
276 549 324 610 vel
344 551 590 626 Maccahaeorum
607 551 768 612 historiam.
806 551 924 612 Deinde
946 552 1013 631 quia
1029 553 1136 614 Mosen
1156 555 1209 616 ad-

61 627 206 700 duxerant,
230 627 287 688 illis
313 629 439 688 eundem
464 649 603 710 regerere
628 625 744 702 maluit,
771 649 858 718 qnam
878 649 967 708 unum
988 630 1155 710 quempiam
1174 652 1211 694 ex

61 701 207 793 Prophetis
228 723 392 785 opponere.
431 705 515 766 Adde
537 706 617 784 quud
638 703 758 764 minime
776 726 807 762 ιιι
827 703 885 764 hoc
904 703 1053 777 incubuit,
1073 717 1106 766 ut
1124 693 1209 774 luchs

61 777 219 858 scripturae
246 799 347 840 omnes
372 779 542 874 colligeret,
568 780 653 841 sicuti
678 779 807 840 videmus
830 777 992 860 Apostolos
1017 802 1078 842 non
1103 781 1208 846 iisdem

59 875 166 934 semper
183 855 226 914 uti
247 856 422 918 testimoniis
441 881 471 918 ιιι
494 859 596 918 cadem
617 877 710 933 causa.
748 858 854 945 Neqoq
883 869 981 916 tamen
1007 855 1085 918 hunc
1109 857 1208 920 locum

59 952 121 1020 prae
140 932 202 990 aliis
222 944 334 992 temere
355 933 479 1013 arripuit
500 933 643 1005 Christus,
661 933 711 993 sed
733 933 846 1012 optimo
865 932 976 992 iudicio
996 933 1107 1016 delegit
1125 936 1210 1014 (linet

58 1009 227 1087 inspeciem
246 1008 338 1070 videri
359 1021 458 1088 posset
478 1009 661 1085 obscurior),
682 1009 749 1090 quia
770 1004 910 1090 imprimis
930 1007 1079 1070 celebrem
1097 1033 1131 1072 ac
1144 1033 1209 1073 mc-

58 1084 222 1160 morabilem
244 1105 305 1146 esse
326 1085 451 1146 decebat
470 1088 547 1167 a'pud
566 1087 707 1159 Iudaeos,
732 1107 821 1166 quum
847 1095 972 1145 testetur
991 1085 1045 1145 hac
1065 1087 1102 1147 de
1122 1109 1218 1150 causa-

58 1161 219 1239 redemptos
239 1161 326 1221 luisse
347 1183 363 1222 a
383 1163 531 1236 Domino,
559 1163 627 1244 quia
646 1161 698 1222 lilii
719 1174 802 1222 erant
820 1159 965 1222 Abrahae.
1004 1161 1070 1222 lllic
1090 1165 1209 1244 quidem

57 1235 221 1313 pronuntiat
240 1237 339 1312 Deus,
363 1259 394 1298 se
420 1240 521 1299 venire
541 1252 574 1298 ut
593 1238 705 1300 alilicto
724 1237 838 1316 populo
863 1249 1027 1312 succurrat,
1049 1239 1102 1301 sed
1121 1239 1209 1301 simul

58 1313 138 1386 addit,
157 1312 238 1373 illum
256 1313 399 1394 populum
413 1335 444 1374 se
460 1335 621 1397 agnoscere
633 1334 762 1395 prosuo,
782 1313 952 1393 adoptionis
971 1325 1116 1393 respectu,
1136 1337 1208 1396 pro-

56 1401 117 1466 pter
135 1389 238 1452 locdus
258 1411 324 1450 cum
345 1390 493 1452 Abrabam
514 1411 692 1471 percussum-
738 1389 799 1463 Qui
824 1389 857 1448 fic
882 1400 915 1448 ut
939 1401 1073 1450 mortuos
1098 1392 1210 1471 potius,

58 1487 134 1542 quarn
153 1466 236 1527 vivos
255 1467 395 1546 respiciat
413 1466 506 1541 Dens,
526 1468 581 1527 nisi
601 1467 668 1548 quia
711 1464 814 1524 rimum
834 1461 957 1526 honoris
976 1465 1098 1546 gradum
1109 1467 1208 1528 Patri-

56 1539 104 1600 bus
121 1543 240 1618 tribuit,
265 1544 342 1622 npud
363 1563 437 1623 quos
457 1543 560 1604 iocdns
580 1565 664 1603 suum
685 1487 882 1662 deposuerat?
921 1541 1084 1615 Quomodo
1111 1555 1208 1605 autem

55 1619 277 1696 praecellerent,
300 1620 325 1678 si
350 1631 446 1680 morte
467 1633 565 1680 essent
586 1619 733 1680 exstincti.
779 1619 847 1678 Hoc
867 1616 954 1678 etiam
975 1616 1054 1678 clare
1075 1620 1210 1699 exprimit

54 1694 166 1756 relatio:
187 1719 255 1756 nam
275 1695 359 1758 sicuti
378 1708 463 1778 pater
483 1695 579 1759 nullns
599 1717 662 1758 esse
678 1705 778 1773 potest
796 1693 906 1773 absque
918 1692 1030 1766 liberis,
1049 1715 1146 1775 neque
1157 1718 1209 1758 rex

54 1769 157 1852 absque
177 1772 307 1854 populo,
327 1773 368 1833 sic
388 1773 509 1853 proprie
529 1773 675 1833 Dominus
696 1771 754 1830 nisi
770 1771 904 1830 vivorum
925 1769 1024 1832 vocari
1043 1771 1125 1832 Deus
1145 1794 1209 1834 non

54 1859 154 1924 potest.
193 1850 370 1929 Quanquam
391 1870 452 1908 non
473 1859 530 1908 tam
551 1871 585 1910 ex
604 1848 753 1910 communi
775 1845 1029 1927 loquendilorma
1047 1849 1208 1913 ratiocina-

54 1933 97 1982 tur
110 1924 253 2000 Christus,
293 1947 359 1988 uam
380 1947 414 1987 ex
433 1927 628 2006 promissione
650 1946 725 2004 quae
745 1923 789 1984 his
809 1922 906 1984 verbis
925 1922 1036 1983 inclusa
1048 1935 1100 1986 est.
1132 1927 1209 1988 Nam

54 1997 102 2059 hac
121 2002 188 2084 lege
202 2002 252 2062 Do
295 2023 348 2063 nus
367 2023 399 2063 se
418 2001 507 2064 nobis
527 2003 556 2062 in
572 2001 670 2062 Deum
692 2002 793 2072 ollert,
813 2011 845 2060 ut
864 2020 919 2060 nos
938 1998 1063 2060 vicissim
1083 2001 1209 2082 recipiat

53 2073 80 2132 in
97 2077 249 2158 populum,
267 2080 346 2157 quod
362 2101 453 2138 unum
465 2079 501 2138 ad
515 2079 649 2140 fiduciam
682 2078 768 2136 lenae
782 2074 971 2136 beatitudinis
980 2075 1096 2136 suflicit.
1117 2079 1209 2138 Unde

52 2149 97 2212 ills
116 2175 172 2214 vox
191 2154 340 2214 Ecclesiae
360 2155 437 2234 apud
457 2153 638 2234 Prophetam
658 2099 798 2212 llabacue
818 2156 861 2286 ql,
881 2155 963 2226 tn),
982 2151 1030 2208 Tu
1050 2151 1131 2211 Deus
1151 2173 1208 2212 no-

51 2239 107 2288 ster
126 2231 163 2290 ab
186 2229 281 2302 initio,
299 2230 550 2289 non'moriemur.
591 2229 691 2303 Quum
705 2247 778 2308 crgo
797 2247 826 2286 sa
840 2236 919 2284 utem
937 2225 1209 2305 omnibuspromit-

51 2313 100 2376 tat,
121 2306 231 2385 quibus⁸
246 2327 278 2364 sc
298 2305 423 2364 allirmat
444 2325 505 2364 esse
518 2305 627 2377 Deum,
647 2314 677 2364 et
697 2303 753 2362 hoc
774 2303 810 2362 dc
830 2299 989 2375 Abraham,
1008 2301 1100 2377 Isaac,
1120 2304 1208 2364 ctIa-
1249 2301 1258 2326 “

49 2381 105 2440 coh
131 2379 284 2470 praedicet
303 2391 371 2514 post
390 2380 508 2470 illorum
526 2390 672 2470 mortem,
701 2377 833 2468 sequitur
854 2375 1000 2465 residuam
1025 2377 1100 2438 vitae
1126 2399 1210 2459 spem

50 2475 110 2516 esse
130 2466 264 2514 mortuns.
326 2479 336 2513 ι
356 2477 421 2534 qurs
441 2467 583 2534 cxcrprat,
602 2473 690 2534 posse
710 2467 819 2514 anunas
839 2462 1007 2531 supersutes
1026 2473 1157 2530 manere,
1175 2467 1210 2516 ut

49 2532 128 2591 nulla
147 2531 186 2589 sit
205 2531 301 2592 carnis
320 2531 513 2605 resurrectio,
554 2530 622 2590 aulo
642 2541 711 2591 ante
730 2527 880 2608 respondi,
900 2527 954 2588 ista
974 2529 1033 2587 duo
1053 2543 1116 2590 use
1136 2535 1211 2592 con-

49 2627 131 2683 nexa,
151 2606 221 2743 quia
241 2609 356 2670 animae
375 2609 412 2670 acl
431 2609 519 2668 haere
541 2608 642 2668 itatem
660 2597 718 2668 sibi
736 2605 895 2686 repositam
914 2603 1060 2683 aspirant,
1079 2616 1211 2668 utnon-

50 2685 115 2744 dmn
137 2707 155 2744 o
181 2685 293 2744 tineant
311 2705 394 2744 suum
414 2696 529 2746 statum.
1208 2704 1211 2714 ¹

124 2767 172 2828 38.
215 2759 321 2821 Omnes
339 2765 414 2822 enirn
431 2761 477 2818 nn
494 2764 598 2819 aivum.
637 2759 721 2836 Haec
744 2756 880 2839 loquutio
907 2753 987 2817 rarIc
1012 2755 1153 2837 accipitur
1177 2757 1210 2816 in

51 2837 221 2918 scripturis,
239 2839 290 2898 sed
302 2837 350 2898 hic
362 2837 502 2930 intelliqit
512 2835 645 2899 Christus
665 2837 775 2910 fideles,
796 2846 863 2915 post
884 2855 951 2900 aaut
962 2832 1073 2892 mundo
1086 2832 1210 2894 interic-

52 2914 123 2989 rint,
149 2935 239 2997 agcre
265 2914 423 2976 coelestem
449 2927 536 2976 urtam
565 2935 630 2978 curu
648 2910 732 2975 Deo:
765 2911 856 2974 sicuti
896 2909 978 2970 aulus
1003 2910 1040 2970 ad
1059 2909 1212 2972 Romanos

52 3011 113 3070 cap.
134 2999 169 3064 6,
189 2997 236 3056 lll-
257 2989 423 3064 Christum,
451 3002 605 3072 postquam
626 2989 656 3050 in
677 2989 835 3050 coelestem
855 2985 981 3068 gloriam
1001 2997 1136 3066 receptus
1157 2997 1212 3061 est,

53 3063 116 3127 Deo
137 3067 237 3128 rivere
258 3067 341 3142 dicit,
359 3069 426 3148 quia
448 3078 596 3158 exemptus
610 3078 654 3126 est
666 3066 748 3126 huius
762 3066 888 3125 caducae
902 3061 976 3124 ritae
992 3061 1212 3153 infirmitatibus

53 3154 81 3200 ct
92 3144 247 3204 aerumnis.
275 3144 336 3204 Sed
356 3145 492 3204 consulto
514 3144 559 3204 hrc
580 3143 720 3204 admonet
733 3141 875 3213 Christus,
895 3159 1029 3208 nonense
1043 3137 1080 3201 dc
1092 3160 1212 3219 prorum

52 3219 107 3280 rita
127 3221 282 3282 serendum
302 3220 440 3280 iudicium
462 3241 494 3280 ex
516 3219 609 3280 carrus
628 3241 726 3292 sensu,
746 3218 813 3298 quia
826 3215 1091 3277 reconditasitsuh
1104 3237 1211 3278 arcana

54 3293 109 3354 liei
130 3297 272 3376 custodia.
309 3297 384 3356 Nam
405 3297 428 3356 si
448 3297 569 3358 mortuis
590 3307 658 3354 sunt
678 3293 739 3354 se're
755 3293 873 3367 similes,
893 3293 960 3353 dum
974 3291 1002 3352 in
1017 3291 1128 3352 mundo
1140 3313 1210 3374 per-

53 3373 237 3461 egrinantur,
265 3371 359 3432 multo
385 3373 479 3432 miuus
504 3383 573 3452 post
597 3371 861 3440 carnisinteritum
882 3369 912 3428 in
937 3368 978 3430 eis
1004 3379 1128 3447 apparet
1151 3367 1210 3428 ulla

53 3460 124 3510 ntae
144 3450 268 3530 specics.
297 3451 339 3510 At
355 3449 437 3510 Deus
456 3449 549 3510 fidelis
569 3461 623 3524 cst,
642 3459 780 3528 utsupra
800 3445 953 3510 hominum
973 3465 1091 3506 sensum
1109 3461 1211 3506 coram

54 3544 83 3596 se
103 3527 184 3587 rivos
205 3536 369 3587 conservet.
793 3582 796 3596 ,
987 3525 992 3534 ”

126 3611 173 3670 39.
213 3599 430 3677 Resporrderrtes
452 3599 570 3682 quidam
593 3597 771 3661 Ser-idonens.
813 3597 914 3673 Quum
939 3615 1040 3656 omnes
1064 3592 1139 3654 male
1165 3591 1210 3652 al-

54 3675 143 3738 lectos
164 3679 254 3740 luisse
275 3676 430 3758 probabile
450 3679 499 3756 sit,
516 3678 617 3738 divino
639 3677 779 3736 instinctu
798 3673 988 3754 quibusdam,
1006 3689 1113 3748 nempe
1132 3669 1211 3758 eng-

55 3753 160 3828 risneis,
179 3767 293 3816 extorta
315 3755 370 3815 luit
389 3755 461 3816 haec
480 3753 637 3816 consessio.
675 3753 767 3812 Forte
780 3771 946 3835 quanquam
960 3756 1111 3836 optassent
1121 3743 1211 3834 Chri·-

54 3839 125 3894 sturn
137 3834 267 3912 turpiter
279 3832 386 3893 victum
398 3831 611 3903 obmutescere,
631 3830 697 3909 quia
716 3840 815 3888 tamen
834 3836 960 3886 armatos
980 3843 1011 3882 se
1030 3821 1131 3881 vident
1149 3840 1212 3910 erus

54 3926 201 3987 responso
218 3909 355 3968 adversus
374 3907 551 3968 contrariam
572 3907 742 3980 factionem,
761 3903 832 3965 lacit
850 3901 972 3962 ambitio
992 3909 1025 3958 ut
1041 3908 1155 3977 partam
1168 3917 1212 3956 rr-

54 3985 175 4044 ctorinm
196 3983 238 4046 illi
259 3984 451 4066 gratulentur.
490 3985 581 4042 Forte
601 3984 689 4044 etiam
708 3981 813 4041 urebat
832 3999 883 4039 eos
902 3975 1025 4064 invidia,
1044 3992 1083 4033 ne
1101 3971 1214 4062 pellent

18 4065 19 4070 ’
53 4078 69 4116 a
89 4061 267 4122 sadducaeis
282 4060 431 4122 Christum
453 4057 590 4152 opprimi.
629 4058 753 4118 Interim
773 4053 936 4144 admirabili
947 4051 1006 4142 De!
1025 4049 1212 4140 providentra

54 4133 163 4198 lactum
183 4151 238 4210 cst,
258 4149 290 4198 ut
309 4138 370 4198 eius
390 4131 887 4198 doctrinacsubscriberent'ctiam
906 4127 1083 4218 rnlesttssrmr
1103 4124 1212 4185 hostes.

53 4209 76 4266 F
81 4225 179 4273 renata
207 4213 294 4274 etiarn
319 4235 422 4274 eorum
448 4212 567 4273 audacia
596 4211 669 4286 luit,
693 4230 755 4269 non
781 4207 871 4268 modo
897 4225 965 4287 qqra
990 4213 1124 4283 paratum
1150 4220 1212 4260 esse

56 4285 205 4348 Christum
226 4286 365 4348 videbant
385 4290 421 4350 ad
442 4287 559 4369 quosvis
578 4286 701 4348 insultus
712 4285 908 4357 sustinendos,
925 4281 977 4342 sed
989 4279 1057 4371 qnia
1070 4276 1224 4370 tint-ebant!

55 4381 118 4422 cum
139 4365 286 4426 dedecore
305 4365 421 4446 repelli,
441 4367 521 4446 qood
541 4365 601 4425 iam
616 4361 733 4443 saepius
751 4360 906 4424 acciderat.
942 4355 1063 4418 Dernde
1075 4375 1143 4436 quta
1155 4374 1212 4434 pu-

79 4463 170 4546 Catvini
183 4479 267 4514 cona.
282 4467 307 4512 in
319 4467 400 4522 llam,
414 4469 459 4518 Er.
473 4467 527 4518 l'ol.
542 4467 573 4518 ll.
977 4439 1016 4501 1⁵

463 4653 469 4684 ,
540 4661 542 4670 ,
