2766 4834
99 1359 104 1376 ,
199 1299 269 1358 tur?
308 1298 421 1359 Scribit
438 1307 536 1358 tamen
574 1317 653 1370 neas,
673 1297 704 1355 ni

195 193 252 296 tl*
369 223 522 288 SECTIO
542 222 599 288 111.
637 223 714 286 taso
733 236 949 323 narrasses
968 217 1143 288 turanum.

198 378 322 442 Domini
346 399 474 463 persona
498 379 617 442 indutus
644 387 728 443 esset.
752 371 831 440 ‘llas
856 375 893 438 de
914 399 999 451 causa
1017 376 1143 440 subinde
1161 397 1218 438 nos
1240 378 1282 440 ad
1305 401 1350 440 se

198 457 345 520 Dominus
363 468 499 530 revocat,
517 477 557 516 ne
577 455 730 516 hominum
749 453 857 516 intuitur
876 453 997 518 vilescat
1014 453 1099 515 verbi
1118 453 1163 514 sui
1182 455 1348 516 maiestas.

197 535 324 596 Rursum
344 533 392 594 hic
410 533 551 608 ridemus,
570 543 603 592 ut
621 530 678 592 sibi
698 529 780 592 nefas
792 550 854 592 esse
867 530 984 606 ducant,
1004 537 1180 608 ostensuma
1192 531 1347 594 Domino

198 612 365 672 thesaurum
385 629 423 668 ue
445 609 548 692 ligere.
586 609 662 668 Nam
684 607 1019 667 exnotitiasibitradita
1035 620 1172 690 arguunt,
1191 609 1223 668 in
1235 609 1348 668 Betb-
1370 615 1371 620 ’

199 689 297 748 ΙεΙιειιι
316 629 499 768 pergenilum
519 705 592 758 esse,
611 695 644 744 ut
662 684 791 744 videant.
830 683 880 744 Sic
901 695 932 743 et
951 704 1097 763 quemque
1116 697 1252 744 nostrum
1276 707 1345 766 pro

199 764 270 825 fidei
289 774 320 822 et
338 761 553 846 intelligentiae
572 781 641 822 suae
660 780 797 821 mensura
810 761 852 828 ad
872 761 1070 840 sequendum,
1090 781 1149 842 quo
1168 761 1254 822 Deus
1277 783 1347 823 vo-

200 852 257 914 rat,
276 839 439 902 accinctum
460 859 524 899 esse
542 858 596 919 par
616 847 668 898 est.
719 847 723 856 ⁴

276 921 322 982 16.
360 915 535 976 Invenerunt
552 913 712 990 Marium,
734 913 809 973 Erat
826 911 898 972 illud
918 911 1037 993 quidem
1057 912 1192 974 deforme
1211 926 1346 996 specta-

200 983 308 1066 culum,
328 1003 359 1052 et
378 1013 438 1071 qno
457 991 524 1052 solo
543 1002 684 1084 poteragt
703 987 852 1048 aCbristo
872 989 1003 1049 alienari.
1035 989 1118 1064 Quid
1138 991 1217 1050 enim
1236 993 1344 1076 magis

134 1138 139 1148 ,
199 1069 369 1149 insipidum,
389 1087 476 1149 quam
496 1079 585 1128 totius
607 1065 710 1147 populi
721 1067 835 1148 Regem
856 1067 988 1140 credere,
1009 1068 1059 1146 qui
1078 1088 1118 1126 ne
1138 1067 1240 1127 infimo
1263 1069 1342 1148 qui-

192 1147 268 1218 dem
286 1145 367 1229 vulgi
387 1145 455 1206 loco
476 1144 581 1238 dignus
601 1141 758 1204 censetur?
789 1141 875 1226 regni
895 1142 1138 1204 instaurationem
1157 1155 1188 1203 et
1206 1144 1342 1204 salutem

200 1217 238 1281 ab
260 1241 302 1282 eo,
317 1241 452 1302 sperare,
473 1241 523 1302 qur
564 1241 599 1280 ro
619 1241 670 1279 sua
691 1239 706 1278 e
731 1229 821 1278 estate
841 1229 872 1278 et
889 1218 992 1299 inopia
1012 1219 1043 1278 in
1061 1219 1207 1280 stabulum
1227 1221 1342 1281 reiici-

707 1240 748 1355 lit
767 1295 872 1356 horum
892 1295 1059 1377 pastoribus
1079 1295 1237 1372 obstitisse,
1258 1299 1342 1388 quin

200 1374 299 1436 Deum
310 1381 375 1436 eum
387 1373 583 1436 admiratione
594 1372 760 1433 laudarent:
781 1391 889 1451 nempe
910 1371 977 1451 quia
996 1372 1057 1432 Dei
1077 1371 1191 1434 claritas
1211 1385 1341 1454 penitus

202 1451 295 1513 delixa
315 1451 427 1514 eratin
449 1470 551 1510 eonun
572 1449 674 1524 oculis,
699 1459 730 1510 et
748 1448 832 1508 verbi
851 1449 1016 1509 reverentia
1037 1469 1139 1510 eorum
1159 1450 1263 1509 animis
1286 1451 1341 1509 in-

201 1529 267 1603 fixa,
288 1527 426 1610 quiequid
446 1527 478 1586 in
495 1525 616 1588 Christo
636 1523 796 1606 inglorium
817 1535 847 1584 et
866 1525 1092 1606 contemptibile
1112 1527 1242 1586 occurrit
1260 1525 1341 1586 fidei

201 1625 271 1666 suae
291 1604 445 1664 altitudine
466 1603 552 1664 facile
572 1603 792 1661 transcendunt.
829 1601 894 1662 Nec
915 1603 970 1662 alia
991 1623 1061 1672 sane
1087 1623 1172 1664 eausa
1193 1613 1253 1677 est,
1279 1626 1340 1664 cur

201 1681 290 1742 fidem
314 1691 444 1740 nostram
469 1679 589 1738 minima
615 1697 750 1769 quaeque
774 1676 910 1738 seandala
933 1678 981 1740 rel
1004 1690 1206 1754 remorentur,
1239 1679 1290 1740 vel
1318 1701 1340 1740 a

201 1767 285 1818 recto
306 1767 558 1830 emanaverunt,
583 1753 640 1815 nisr
659 1775 728 1836 qma
748 1753 778 1814 in
797 1752 895 1813 Deum
919 1755 1014 1828 minus
1034 1755 1141 1814 intenti
1166 1753 1253 1816 lacile
1274 1757 1341 1818 huc

202 1843 234 1894 ct
252 1830 321 1893 illuc
340 1832 495 1916 agitemur.
533 1832 607 1894 Nam
627 1851 685 1892 una
706 1831 778 1894 baec
790 1831 933 1914 cogitatio
945 1832 970 1892 si
979 1851 1079 1892 sensus
1099 1851 1200 1892 omnes
1211 1843 1341 1892 nostros

202 1921 372 1989 occuparet,
391 1906 503 1969 babere
521 1929 577 1969 nos
597 1919 709 1970 certium
727 1928 762 1967 ac
782 1905 869 1968 fidele
890 1929 907 1968 e
927 1907 1013 1970 coelo
1033 1908 1243 1984 testimoninm,
1262 1909 1342 1970 satis

156 2043 161 2050 .
202 1987 286 2050 firma
304 1984 392 2046 nobis
412 1995 443 2046 et
460 1983 571 2046 stabilis
591 1985 698 2046 sultura
719 1993 796 2045 esset
821 1996 925 2046 contra
945 2005 1033 2044 omne
1057 1985 1254 2046 tentationum
1276 2005 1339 2069 ge-

161 2075 165 2084 “
201 2083 268 2138 nus,
288 2073 319 2122 et
336 2061 404 2122 satis
423 2060 519 2141 probe
538 2081 593 2124 nos
613 2073 718 2122 eontra
798 2062 857 2122 evis
877 2059 1059 2123 offendicula
1077 2062 1214 2122 muniret.

279 2145 325 2204 17.
364 2137 596 2215 Divulgnuenant
623 2137 659 2200 ds
770 2145 779 2201 ⁴.
829 2138 934 2198 Fidem
962 2147 1114 2230 pastorum
1144 2139 1340 2200 commendat

202 2215 312 2291 Luras,
342 2235 379 2276 eo
401 2217 481 2295 quod
500 2216 615 2276 sincere
635 2235 691 2296 per
709 2235 810 2274 manus
829 2214 1006 2274 tradiderint
1023 2213 1103 2288 aliis,
1128 2217 1209 2293 quod
1228 2237 1244 2277 a
1263 2217 1338 2276 Do-

202 2291 284 2352 mino
306 2303 497 2384 acceperant:
530 2293 618 2372 idque
639 2303 774 2352 testatum
795 2311 857 2351 esse
877 2303 977 2352 nostra
1003 2291 1135 2352 omnium
1155 2313 1238 2353 causa
1257 2293 1340 2366 utile

204 2379 282 2444 erat,
311 2379 344 2428 nt
369 2389 400 2428 m
427 2367 484 2428 fide
504 2380 603 2429 nostra
624 2363 822 2448 confirmanda
844 2368 925 2448 quasi
949 2368 1115 2428 secundarii
1134 2367 1193 2428 sint
1211 2370 1337 2451 Angeli.

202 2445 329 2506 Rursrsm
348 2444 438 2506 docet
454 2445 565 2519 Lucas,
585 2465 647 2506 non
665 2445 728 2504 sine
749 2443 887 2536 proiectu
907 2465 958 2506 eos
977 2444 1110 2527 vulgasse
1129 2444 1210 2525 qnod
1229 2445 1337 2506 audie-

203 2533 278 2600 rant
316 2521 380 2582 Nec
399 2542 472 2583 vero
493 2520 613 2582 dubium
634 2533 687 2596 est,
708 2541 778 2601 qum
799 2521 960 2582 efficaciam
978 2520 1125 2582 Dominus
1143 2538 1248 2582 eorum
1268 2544 1339 2584 ser-

202 2599 285 2660 moni
306 2597 431 2674 dederit,
450 2618 490 2658 ne
509 2597 638 2658 ludibrio
660 2602 737 2659 esset
755 2597 802 2658 rel
821 2611 1023 2688 sperneretur:
1044 2618 1111 2660 nam
1131 2611 1164 2659 et
1180 2599 1339 2660 hominum

203 2675 337 2738 conditio
357 2675 444 2735 fidem
465 2673 609 2750 elevabat,
629 2685 659 2734 et
677 2695 723 2734 res
743 2674 806 2754 ipsa
824 2674 918 2734 videri
930 2686 1048 2755 poterat
1060 2673 1200 2735 fabulosa.
1220 2677 1336 2738 Verum

202 2751 360 2825 Dominus,
380 2749 526 2830 quasillis
546 2751 672 2809 iniunxit
681 2761 788 2830 partes,
808 2749 903 2809 irritas
924 2771 986 2810 esse
1000 2771 1061 2810 non
1073 2752 1190 2830 patitur.
1216 2750 1336 2825 Quam-

173 2860 177 2884 .
202 2829 245 2888 vis
266 2839 363 2887 autem
381 2827 510 2885 humano
531 2826 652 2907 ingenio
672 2828 767 2886 minus
787 2827 915 2887 arrideat
933 2827 1005 2888 baec
1025 2827 1230 2908 agendis-atio,
1250 2831 1337 2909 quod

202 2903 349 2988 Dominus
369 2923 425 2982 per
444 2902 577 2961 homines
596 2902 728 2963 infirmos
748 2901 870 2964 verbum
890 2924 972 2962 suum
992 2901 1055 2962 rult
1073 2905 1177 2978 audiri,
1218 2905 1265 2964 uia
1285 2918 1334 2966 ta-

203 2991 354 3041 mentum
374 2977 410 3037 ad
436 2977 643 3040 humiliandam
668 2980 762 3040 carnis
786 2979 970 3060 superbiam,
998 2991 1060 3039 tum
1086 2925 1336 3060 adprobandum

204 3055 275 3116 fidei
299 3054 473 3133 obsequium
498 3056 632 3135 apposita
653 3068 711 3132 est,
740 3055 810 3116 Deo
835 3055 892 3141 ipsi
917 3055 1068 3137 probatur.
1118 3056 1211 3132 Quod
1235 3071 1337 3122 autern

203 3132 348 3192 mirantur
368 3151 479 3205 omnes,
499 3153 588 3192 nemo
608 3145 705 3194 autem
725 3133 831 3212 perlem
850 3144 960 3268 moreq
979 3145 1013 3192 ut
1029 3133 1064 3193 ad
1077 3131 1226 3193 Christum
1246 3155 1334 3196 acce-

205 3210 265 3284 dat,
284 3208 354 3268 hinc
374 3207 442 3278 colli
467 3229 516 3268 ere
530 3209 616 3285 lieet,
635 3211 733 3270 audita
743 3209 802 3270 Dei
814 3207 921 3270 virtute
955 3210 1030 3269 uisse
1050 3209 1199 3290 perculsos
1219 3210 1336 3292 absque

204 3284 283 3346 serio
304 3284 400 3344 cordis
421 3227 539 3345 ellectu.
579 3285 681 3360 Quare
707 3302 769 3346 non
796 3297 853 3346 tam
879 3285 910 3344 in
931 3297 1033 3346 eornm
1057 3286 1179 3346 salutem
1197 3288 1334 3370 vulgatus

205 3361 262 3420 fuit
281 3360 328 3420 hic
346 3381 454 3434 sermo,
475 3383 561 3442 quam
582 3374 615 3422 ut
633 3363 723 3424 totius
735 3361 837 3452 populi
850 3362 1054 3423 inexcusabilis
1067 3375 1143 3423 esset
1154 3363 1334 3498 ignoqantia.

280 3445 326 3502 19.
365 3437 473 3499 Morta
494 3437 633 3499 servnhrrt.
676 3439 787 3498 lllarrae
811 3439 948 3499 sedulitas
973 3439 1002 3498 in
1029 3440 1248 3500 considerands
1271 3442 1335 3502 Dei

205 3512 345 3595 operibus
374 3514 443 3574 duas
469 3515 508 3575 ob
534 3537 631 3575 causas
658 3513 744 3574 nobis
770 3515 961 3594 proponitur:
993 3516 1119 3596 primum
1143 3528 1177 3575 ut
1198 3517 1335 3592 sciamus,

204 3591 369 3671 depositam
389 3591 476 3652 luisse
498 3592 527 3650 in
549 3592 610 3651 eius
630 3593 721 3651 corde
742 3591 825 3650 buius
846 3593 973 3652 thesauri
992 3593 1170 3667 custodiant,
1199 3604 1231 3652 ut
1250 3595 1334 3673 quod

205 3669 267 3748 ipsa
280 3687 295 3726 a
318 3668 356 3726 ud
368 3689 398 3728 se
412 3669 574 3749 repositum
588 3666 717 3728 babebat
728 3666 790 3726 aliis
803 3689 856 3728 suo
868 3679 1004 3749 ternpore
1015 3658 1192 3749 publicaret:
1213 3671 1334 3748 deinde,

204 3757 238 3803 ut
258 3688 387 3803 babeam
405 3765 507 3805 omnes
528 3744 569 3824 pii
590 3745 670 3822 quod
690 3744 842 3804 imitentur
861 3745 1032 3826 exemplum.
1058 3746 1133 3805 Nam
1152 3746 1177 3804 si
1195 3748 1334 3826 sapimus,

204 3821 277 3883 baec
302 3821 460 3901 praecipua
488 3820 567 3879 vitae
592 3831 710 3879 nostrae
737 3821 894 3900 occupatio
921 3842 984 3884 esse
1014 3822 1106 3882 debet
1130 3843 1334 3914 summumque

204 3896 347 3970 studium,
376 3907 408 3956 ut
427 3898 463 3957 ad
481 3895 644 3987 reputanda
662 3895 723 3954 Dei
742 3915 849 3977 opera,
878 3919 954 3976 quae
973 3897 1062 3958 fidem
1080 3909 1210 3958 nostram
1229 3900 1332 3960 aedifi-

205 3984 287 4046 cant,
312 3973 399 4033 simus
420 3984 533 4043 attenta.
572 3971 668 4032 Porro
689 3972 876 4033 rmmmumrdi
894 3973 1016 4034 verbum
1036 3974 1072 4034 ad
1091 3975 1262 4035 memoriam
1281 3997 1333 4034 re-

205 4047 311 4108 fertur:
332 4050 499 4127 supprimite
516 4059 611 4108 autem
630 4048 675 4108 vel
687 4051 824 4186 conpotes
841 4049 997 4132 significat,
1015 4049 1130 4132 singula
1150 4051 1333 4134 colligendo,

205 4145 280 4204 quae
301 4125 379 4184 inter
397 4143 428 4182 se
449 4123 486 4197 ad
505 4123 688 4204 probandam
710 4125 735 4185 ί.
758 4127 820 4186 risti
840 4127 966 4210 gloriam
992 4125 1213 4209 congruebant,
1241 4149 1332 4188 unum

204 4198 296 4262 veluti
321 4218 428 4288 eorpus
454 4199 582 4261 efficere.
624 4201 729 4337 Neque
756 4204 839 4294 enim·
856 4203 1020 4294 prudenter
1043 4204 1209 4284 expendere
1232 4207 1332 4284 potuit

98 4318 102 4326 -
205 4275 313 4346 Maria,
333 4275 403 4353 qmd
424 4277 522 4336 omnia
541 4276 626 4336 simul
644 4299 680 4338 va
695 4291 788 4354 erent,
808 4300 864 4338 nrsr
884 4277 940 4337 alia
959 4278 1023 4338 aliis
1042 4279 1235 4341 conserendo.

225 4439 230 4447 Ι
279 4355 326 4414 2⁰·
369 4349 574 4433 Gdsnflcrntes
595 4375 632 4416 oe
653 4353 806 4419 londanus
823 4355 931 4418 Deum·
970 4355 1106 4419 Pertinet
1129 4357 1186 4420 boe
1211 4375 1330 4438 quoque
