2764 4854
273 209 442 315 (ate-m.
483 231 617 296 Christos
640 180 789 314 discipulis
810 235 958 314 apparet.)
1015 205 1018 216 ⁵
1138 239 1197 302 tot)

60 409 103 448 um
123 387 278 464 calumnia,
298 387 349 524 gui
369 397 516 448 externam
530 353 693 448 doctrinam
706 384 873 446 obtendunt
892 405 1099 468 supervacuam
1119 386 1198 463 lore,

76 464 156 526 nulla
175 464 298 526 nobiae
339 463 563 546 intelligendum
584 462 704 525 facultas
720 463 892 524 naturaliter
911 486 943 524 su
967 475 1055 544 petat.
1088 465 1194 540 Quor-

59 563 108 615 rm,
128 541 276 621 inquiunt,
295 540 373 632 apud
391 541 495 602 surdos
515 540 604 603 verba
625 538 920 601 laceretllominus?
941 485 1033 620 htqni
1052 541 1196 618 videmus,

58 617 86 678 bi
107 619 233 698 Spiritus
253 617 380 692 Chresti,
408 618 459 708 qui
479 619 605 678 interior
625 626 669 675 est
686 616 840 697 magister,
887 629 965 678 artes
990 638 1055 678 suas
1080 615 1194 698 implet,

57 715 97 756 on
118 694 255 755 lusoriam
275 715 338 755 esse
357 693 482 755 minrstri
502 693 650 774 loquentis
670 711 801 774 operam.
895 693 981 756 ristus
999 694 1090 767 enim,
1131 705 1193 754 ost-

57 793 122 832 uam
142 770 361 853 intelligentiae·
381 770 494 852 Spiritu
514 769 636 830 donavit
654 791 736 845 suos,
762 791 824 830 non
843 770 907 833 sine
926 771 1024 831 fructu
1043 714 1129 852 apud
1139 791 1194 832 eos
1224 805 1227 818 ·

56 848 248 928 sScripturis
269 847 394 908 disserit.
423 847 512 928 Apud
531 846 676 928 reprobos
696 867 768 908 vero
788 847 859 908 licet
871 859 989 908 externa
1008 868 1064 909 ror
1084 869 1194 909 evane-

55 935 95 986 :at
114 925 195 1006 quasi
214 936 342 998 mortua,
360 924 439 1004 ipsos
459 924 649 986 nihilominus
662 924 758 985 reddit
777 922 995 988 inexcusabiles.
1027 924 1119 1002 Quod
1139 945 1193 986 au-

55 1021 93 1062 tm
113 1001 219 1062 attinet
237 1001 274 1062 ad
293 1001 385 1064 verba
404 998 528 1075 Christi,
545 1012 659 1082 sumpta
669 1013 738 1062 sunt
758 1022 792 1062 cx
811 999 864 1060 illo
884 1000 1044 1082 principio,
1062 1003 1194 1064 Necesse

54 1089 78 1138 st
98 1077 239 1158 compleri
263 1077 401 1158 quicquid
427 1077 568 1216 scripturn
593 1090 652 1140 est:
677 1077 748 1158 quia
773 1076 846 1138 nihil
866 1097 921 1157 per
938 1099 1007 1138 suos
1026 1078 1194 1160 Prophetas

53 1167 156 1216 estates
175 1155 213 1216 sit
231 1156 325 1230 Deus,
343 1154 400 1215 nisi
420 1176 479 1235 quo
520 1166 603 1216 certo
624 1154 752 1216 tacturus
772 1164 844 1215 erat.
892 1153 954 1215 Sed
972 1155 1074 1215 iisdem
1095 1155 1194 1218 verbis

53 1251 205 1314 murmur,
234 1231 306 1312 quid
329 1232 488 1313 praecipue
520 1253 554 1292 ex
578 1231 665 1316 Lege
697 1242 728 1291 et
752 1229 911 1311 Prophetis
943 1230 1112 1320 discendum
1139 1233 1193 1294 sit:

55 1329 142 1387 empe
162 1329 251 1388 quum
270 1309 338 1370 linis
357 1320 387 1370 et
405 1308 502 1369 anima
521 1307 611 1392 Legis
630 1309 670 1369 sit
682 1309 827 1382 Christus,
846 1307 987 1388 quiequid
999 1308 1063 1370 sine
1082 1309 1148 1390 ipso
1162 1322 1194 1371 et

51 1397 113 1444 xtra
133 1386 227 1476 ipsum
247 1385 452 1476 cogposcitur,
471 1386 560 1446 inane
582 1396 613 1445 et
631 1385 761 1446 ieiunum
782 1403 855 1446 esse.
894 1384 995 1460 Quare
1016 1397 1049 1446 ut
1068 1386 1195 1522 ‹guisque

50 1461 236 1541 eScrrptnra
257 1473 369 1542 optrme
389 1461 534 1552 proficere
559 1463 675 1543 cupiet,
699 1481 816 1544 semper
840 1461 971 1524 intentus
994 1461 1071 1522 sita
1112 1463 1193 1526 hunc
1225 1483 1228 1488 ·

50 1558 165 1618 copum.
193 1539 256 1598 lam
276 1559 348 1600 vero
368 1538 416 1599 lnc
456 1539 537 1599 riore
556 1537 625 1600 loco
645 1550 773 1600 mortem
792 1557 873 1599 snam
894 1549 926 1599 et
944 1539 1193 1600 resurrectionem

49 1615 120 1675 torsit
140 1613 283 1688 Christus,
302 1613 409 1675 deinde
430 1559 557 1676 tinctum
578 1616 628 1695 qui
640 1635 673 1676 ex
685 1626 810 1694 utraque
823 1612 1070 1751 nobisprovenit.
1101 1617 1193 1677 Unde

51 1691 112 1751 nim
132 1690 316 1772 poenitentia
337 1703 367 1752 et
386 1692 518 1752 remissio
537 1703 739 1772 peccatorum,
758 1690 814 1751 nisi
833 1691 901 1771 quia
942 1711 1011 1753 omo
1030 1703 1113 1753 vetus
1132 1712 1191 1752 no-

48 1780 101 1828 tert
111 1768 262 1829 crucifixus
282 1780 328 1828 est
345 1789 411 1830 etun
431 1767 552 1834 Christo
576 1769 679 1848 (Rom.
698 1775 733 1844 6,
751 1771 812 1849 6.),
836 1779 869 1827 ut
894 1789 949 1849 per
973 1768 1102 1830 eiusdem
1121 1787 1210 1851 gra-¹

47 1845 102 1904 iam
126 1865 309 1927 resurgamus
334 1845 365 1905 in
390 1845 467 1906 vitae
499 1844 680 1907 novitatem?
713 1845 781 1926 quia
806 1845 894 1906 etiam
918 1844 1062 1906 sacrificio
1086 1847 1191 1907 mortis

46 1922 95 1981 eius
117 1922 228 2002 expiata
247 1933 316 1982 sunt
336 1933 457 2002 peccata
475 1933 590 1998 nostra,
610 1933 642 1982 et
659 1923 804 2006 sanguine
824 1921 942 1982 ablutae
960 1922 1074 1997 sordes,
1092 1943 1191 1983 resur-

46 1997 164 2060 ectione
183 2017 255 2059 vero
276 2010 359 2080 parta
378 1999 506 2061 iustitia?
535 1999 637 2061 Docet
652 1999 753 2080 igitur,
772 2000 803 2060 in
823 2011 920 2060 morte
939 2017 991 2060 sua
1010 2010 1041 2058 et
1060 2019 1191 2060 resurre-

45 2075 134 2135 :tione
158 2095 273 2136 causam
298 2087 329 2136 et
352 2074 504 2136 materiam
529 2087 647 2136 nostrae
671 2075 770 2136 salutis
796 2095 858 2136 esse
879 2074 1089 2154 quaerendam:
1121 2077 1191 2155 quia
1239 2072 1246 2098 ‘

44 2151 101 2210 nde
120 2143 220 2214 manat
236 2151 442 2212 reconciliatio
462 2173 527 2213 cum
539 2152 620 2226 Deo,
639 2163 670 2212 et
689 2151 877 2242 regeneratio
897 2151 929 2212 in'
948 2169 1055 2214 novam
1075 2170 1110 2211 ac
1128 2151 1192 2242 spi-

44 2227 167 2288 ·itualcm
186 2229 284 2290 vitam.
323 2229 458 2308 Ideoque
477 2227 587 2288 diserte
607 2227 792 2318 exprimitur,
817 2245 879 2286 non
900 2247 987 2308 posse
1006 2239 1066 2286 tam
1085 2247 1191 2288 remis-

43 2305 147 2364 ·ionem
166 2316 365 2395 peccatorum,
384 2325 470 2386 quam
491 2304 706 2385 poenitentiam
721 2303 778 2362 nisi
797 2304 828 2362 in
849 2302 911 2362 eius
931 2303 1052 2364 nomine
1072 2303 1192 2384 praedi-

42 2380 109 2438 mri:
128 2399 195 2460 qma
215 2401 270 2442 nee
289 2381 442 2462 sperande
453 2392 497 2442 est
516 2379 604 2442 nobis
623 2380 751 2442 iustitiae
768 2379 936 2459 imputatio,
954 2399 1012 2440 nec
1030 2379 1192 2463 abnegatio

42 2457 127 2516 rostri
146 2458 281 2538 vitaeque
300 2460 416 2520 novitas
435 2457 593 2540 contingit,
612 2457 669 2517 nisi
682 2467 825 2536 quatenus
844 2456 906 2536 ipse
925 2457 1019 2520 laetus
1038 2468 1083 2518 est
1103 2456 1193 2517 nobis

44 2533 143 2594 ustitia
162 2545 192 2595 et
210 2535 412 2596 sanctificatio.
435 2534 541 2610 ,Porro
556 2533 626 2614 quia
640 2533 710 2594 alibi
730 2533 852 2614 copiose
872 2533 1058 2595 tractavimus
1078 2533 1115 2593 de
1136 2534 1191 2594 hae

42 2611 187 2692 Evangelii
205 2631 328 2686 summa,
346 2611 435 2672 satius
455 2621 500 2672 est
517 2611 644 2674 lectores
664 2611 733 2671 inde
752 2621 872 2692 petere,
900 2610 925 2669 si
950 2611 1022 2692 quid
1046 2609 1191 2671 memoria

42 2706 95 2746 ron
115 2701 244 2768 teneant,
264 2707 351 2767 quam
370 2687 552 2768 repetitione
571 2689 699 2748 onerari.
1150 2759 1153 2766 Α

107 2771 155 2830 ta.
196 2765 237 2826 ln
260 2785 357 2826 onmes
400 2779 491 2840 maes,
518 2767 602 2825 initio
616 2765 724 2846 ficem,
748 2779 798 2828 ets.
856 2765 943 2826 Nune
969 2764 1046 2826 clare
1072 2765 1191 2826 demum

42 2841 128 2921 iperit
147 2841 292 2919 Christus,
311 2863 350 2924 qu
411 2852 480 2902 ante
500 2841 655 2916 celaverat,
673 2842 888 2924 redemptionis
907 2862 966 2902 ase
981 2841 1085 2902 allatae
1097 2843 1192 2925 grati-

42 2939 78 2978 rm
98 2921 294 2982 communiter
313 2919 350 2980 ad
370 2939 472 2980 omnes
484 2930 588 3001 gentes
601 2930 712 3000 patere.
744 2919 808 2980 Etsi
829 2919 908 2980 enim
928 2918 1114 2998 aProphetis
1127 2939 1191 2979 non

42 2996 122 3056 ¹emet
141 2997 291 3076 praedicta
312 2995 410 3056 luerat
429 2995 572 3056 Gentium
591 2995 725 3070 vocatio,
749 3015 812 3056 non
837 2995 998 3058 tamensis
1023 3005 1087 3055 erat
1126 3007 1190 3056 ate-

42 3071 121 3146 z'acta,
141 3084 174 3132 ut
193 3094 242 3135 eas
262 3072 349 3136 facile
368 3094 465 3135 secum
485 3073 675 3132 admitterent
695 3073 796 3134 ludaei
814 3073 845 3132 in
864 3093 947 3152 spem
966 3071 1076 3132 salutis.
1105 3017 1191 3154 hingo

42 3170 128 3228 usque
148 3149 185 3210 ad
205 3151 451 3214 resurrectionem
471 3169 533 3209 non
553 3147 609 3209 luit
629 3147 779 3224 Christus,
797 3149 854 3208 nisi
873 3150 958 3209 ultius
978 3147 1067 3210 electi
1086 3148 1193 3242 populi

42 3227 163 3286 :reditus
181 3227 373 3308 Redemptor.
416 3229 459 3288 At
477 3238 548 3287 tunc
567 3225 693 3306 primum
712 3227 808 3286 diruta
830 3225 885 3286 luit
903 3227 1046 3302 maceria,
1065 3239 1114 3301 nt,
1139 3224 1192 3305 qni
1258 3224 1263 3237 '

42 3302 163 3363 extranei
190 3315 221 3366 et
245 3306 327 3386 prius
347 3305 390 3366 dis
414 3303 471 3366 ersi
490 3302 624 3378 fuerant,
648 3304 680 3363 in
705 3302 783 3363 ovile
802 3303 927 3364 Domini
947 3307 1191 3386 aggregarentur.

42 3379 155 3440 [nterim
173 3391 285 3457 umen,
303 3401 343 3440 ne
361 3327 476 3442 irritum
494 3379 588 3441 videri
608 3390 709 3461 posset
723 3377 781 3440 Dei
800 3379 916 3456 foedus,
935 3379 1044 3441 locavit
1057 3379 1192 3443 Christus

42 3455 156 3516 Iudaeos
176 3457 207 3517 in
227 3458 328 3538 priore
385 3460 457 3534 adu,
481 3458 597 3518 initium
622 3457 687 3517 lieri
712 3456 896 3540 praecipiens
916 3455 953 3517 ab
974 3455 1191 3528 Hierosolvma.

42 3533 106 3591 lam
132 3533 200 3612 quia
224 3555 318 3617 genus
372 3533 481 3596 brahae
512 3533 702 3614 pecuIIariter
731 3532 923 3615 adoptarerat
945 3532 1045 3608 Deus,
1074 3531 1190 3611 reliquo

42 3609 142 3670 nundo
162 3612 307 3691 praeferri
320 3613 468 3692 oportuit:
489 3612 546 3672 hoc
561 3611 661 3670 estius
674 3609 936 3692 primogeniturae,
957 3610 1038 3688 qnod
1050 3607 1106 3669 illis
1118 3609 1191 3668 assi-

42 3696 104 3764 gnat
122 3686 262 3749 Ieremias
272 3695 323 3764 31,
334 3695 362 3754 9.
392 3687 480 3748 Hunc
500 3706 620 3766 quoque
641 3685 775 3747 ordinem
786 3686 945 3768 diligenter
956 3683 1067 3775 ubique
1086 3684 1190 3744 obser-

42 3772 79 3819 at
97 3761 206 3826 Paulus
226 3765 318 3845 (eph.
337 3769 368 3840 2,
387 3766 461 3843 17.),
481 3765 562 3842 quod
576 3763 711 3825 Christus
728 3762 888 3824 adveniens
899 3761 1117 3825 annuntiaverit
1135 3781 1190 3842 pa-

42 3857 94 3896 rem
114 3839 148 3899 iis
168 3840 219 3920 qui
238 3859 335 3921 prope
354 3852 449 3915 erant,
469 3840 575 3900 deinde
595 3839 698 3901 alienis
718 3851 749 3902 et
767 3838 897 3900 remotis.
1206 3897 1210 3909 ,

105 3921 154 3980 48.
202 3915 268 3978 Vos
290 3932 384 3978 mrem
408 3920 474 3979 estis
496 3929 586 3976 testes.
634 3916 775 3977 Nondum
802 3935 854 3975 eos
879 3915 916 3975 ad
944 3915 1190 3996 promulgandum

41 3991 224 4075 Evangeliurp
244 3993 374 4078 ablegat,
392 3993 444 4053 sed
463 4004 576 4054 tautum
596 3994 747 4066 admonet,
787 4012 907 4051 norsum
926 4011 977 4052 eos
989 3991 1191 4066 destinaverit,

42 4080 61 4127 rt
80 4087 113 4128 se
132 4069 164 4128 in
176 4081 318 4162 tempore
338 4079 520 4149 comparent
559 4069 670 4130 Partim
689 4013 838 4130 verohac
858 4067 1066 4130 consolatione
1085 4089 1190 4138 eorum

41 4145 176 4208 ristitiam
195 4145 283 4283 lenrta
298 4147 404 4226 partim
424 4146 483 4207 hoc
501 4145 620 4206 stimulo
631 4145 767 4227 corrigit
779 4165 883 4206 eorum
902 4143 1057 4228 ignaviam.
1088 4145 1192 4220 Quum

45 4219 156 4280 ereutis
176 4241 245 4283 suae
286 4221 441 4284 electionis
455 4221 565 4282 conscii
576 4221 633 4282 sibi
644 4222 756 4297 forent,
776 4221 898 4281 deiectis
908 4221 1011 4282 animis
1022 4242 1083 4283 esse
1097 4243 1192 4303 opor-

42 4297 93 4356 uit.
133 4299 191 4359 llic
210 4311 329 4378 praeter
347 4319 430 4380 spem
450 4295 618 4359 incredibili
629 4299 746 4360 honore
759 4319 810 4359 eos
827 4295 962 4358 Christus
978 4298 1126 4380 dignatur,
1145 4299 1191 4357 le-

42 4373 180 4450 ;ntionem
200 4375 300 4436 salutis
325 4389 463 4440 aeternae
488 4375 683 4477 totixmundo
709 4375 916 4474 publicandam
941 4373 999 4436 illis
1021 4375 1195 4456 iniungens:
