<?xml version="1.0" encoding="UTF-8"?>
<!DOCTYPE html PUBLIC "-//W3C//DTD XHTML 1.0 Transitional//EN"
    "http://www.w3.org/TR/xhtml1/DTD/xhtml1-transitional.dtd">
<html xmlns="http://www.w3.org/1999/xhtml" xml:lang="en" lang="en">
 <head>
  <title>
</title>
<meta http-equiv="Content-Type" content="text/html;charset=utf-8" />
  <meta name='ocr-system' content='tesseract 3.04.00' />
  <meta name='ocr-capabilities' content='ocr_page ocr_carea ocr_par ocr_line ocrx_word'/>
</head>
<body>
  <div class='ocr_page' id='page_1' title='image "./innovumtestamen00calvgoog_0596.png"; bbox 0 0 2756 4838; ppageno 0'>
   <div class='ocr_carea' id='block_1_1' title="bbox 288 145 1217 281">
    <p class='ocr_par' dir='ltr' id='par_1_1' title="bbox 288 145 1217 281">
     <span class='ocr_line' id='line_1_1' title="bbox 288 145 1217 281; baseline -0.012 -11"><span class='ocrx_word' id='word_1_1' title='bbox 288 239 295 278; x_wconf 72' lang='lat'><strong>,</strong></span> <span class='ocrx_word' id='word_1_2' title='bbox 374 185 455 281; x_wconf 77' lang='lat' dir='ltr'><strong>(stc</strong></span> <span class='ocrx_word' id='word_1_3' title='bbox 494 199 545 262; x_wconf 71' lang='lat' dir='ltr'><strong>ns</strong></span> <span class='ocrx_word' id='word_1_4' title='bbox 562 197 680 280; x_wconf 68' lang='lat' dir='ltr'><strong>persus</strong></span> <span class='ocrx_word' id='word_1_5' title='bbox 699 177 994 281; x_wconf 40' lang='lat' dir='ltr'><strong>tricesimu,</strong></span> <span class='ocrx_word' id='word_1_6' title='bbox 1054 145 1058 160; x_wconf 46' lang='lat'>⁸</span> <span class='ocrx_word' id='word_1_7' title='bbox 1155 175 1217 276; x_wconf 70' lang='lat' dir='ltr'><strong>sus</strong></span> 
     </span>
    </p>
   </div>
   <div class='ocr_carea' id='block_1_2' title="bbox 30 347 1328 4029">
    <p class='ocr_par' dir='ltr' id='par_1_2' title="bbox 67 347 1296 1046">
     <span class='ocr_line' id='line_1_2' title="bbox 70 347 1216 434; baseline 0.007 -24"><span class='ocrx_word' id='word_1_8' title='bbox 70 348 247 410; x_wconf 88' lang='lat' dir='ltr'><strong>detestabiles</strong></span> <span class='ocrx_word' id='word_1_9' title='bbox 267 361 359 412; x_wconf 86' lang='lat' dir='ltr'><strong>erant.</strong></span> <span class='ocrx_word' id='word_1_10' title='bbox 397 351 473 414; x_wconf 86' lang='lat' dir='ltr'><strong>Nam</strong></span> <span class='ocrx_word' id='word_1_11' title='bbox 493 351 554 414; x_wconf 87' lang='lat' dir='ltr'><strong>istis</strong></span> <span class='ocrx_word' id='word_1_12' title='bbox 573 353 736 433; x_wconf 87' lang='lat' dir='ltr'><strong>hypocritis</strong></span> <span class='ocrx_word' id='word_1_13' title='bbox 753 347 863 414; x_wconf 87' lang='lat' dir='ltr'><strong>larvam</strong></span> <span class='ocrx_word' id='word_1_14' title='bbox 884 349 1026 434; x_wconf 76' lang='lat' dir='ltr'><strong>detrabit,</strong></span> <span class='ocrx_word' id='word_1_15' title='bbox 1044 370 1134 414; x_wconf 86' lang='lat' dir='ltr'><strong>nese</strong></span> <span class='ocrx_word' id='word_1_16' title='bbox 1154 373 1216 418; x_wconf 86' lang='lat' dir='ltr'><strong>am-</strong></span> 
     </span>
     <span class='ocr_line' id='line_1_3' title="bbox 68 421 1288 510; baseline 0.005 -25"><span class='ocrx_word' id='word_1_17' title='bbox 68 427 135 506; x_wconf 89' lang='lat' dir='ltr'><strong>plius</strong></span> <span class='ocrx_word' id='word_1_18' title='bbox 149 428 301 486; x_wconf 84' lang='lat' dir='ltr'><strong>venditent</strong></span> <span class='ocrx_word' id='word_1_19' title='bbox 318 449 373 508; x_wconf 92' lang='lat' dir='ltr'><strong>pro</strong></span> <span class='ocrx_word' id='word_1_20' title='bbox 384 429 442 488; x_wconf 92' lang='lat' dir='ltr'><strong>Dei</strong></span> <span class='ocrx_word' id='word_1_21' title='bbox 460 427 610 510; x_wconf 84' lang='lat' dir='ltr'><strong>ministris,</strong></span> <span class='ocrx_word' id='word_1_22' title='bbox 631 440 661 489; x_wconf 90' lang='lat' dir='ltr'><strong>et</strong></span> <span class='ocrx_word' id='word_1_23' title='bbox 673 421 761 493; x_wconf 76' lang='lat' dir='ltr'><strong>in&#39;ane&#39;</strong></span> <span class='ocrx_word' id='word_1_24' title='bbox 775 429 890 508; x_wconf 87' lang='lat' dir='ltr'><strong>pietatis</strong></span> <span class='ocrx_word' id='word_1_25' title='bbox 904 427 1031 490; x_wconf 89' lang='lat' dir='ltr'><strong>studium</strong></span> <span class='ocrx_word' id='word_1_26' title='bbox 1043 431 1217 492; x_wconf 73' lang='lat' dir='ltr'><strong>obtendant.</strong></span> <span class='ocrx_word' id='word_1_27' title='bbox 1280 463 1288 482; x_wconf 68' lang='grc' dir='ltr'><em>ι</em></span> 
     </span>
     <span class='ocr_line' id='line_1_4' title="bbox 69 501 1218 585; baseline 0.005 -23"><span class='ocrx_word' id='word_1_28' title='bbox 69 503 234 582; x_wconf 75' lang='lat' dir='ltr'><strong>Quanquam</strong></span> <span class='ocrx_word' id='word_1_29' title='bbox 243 505 332 563; x_wconf 65' lang='lat' dir='ltr'><strong>*enim</strong></span> <span class='ocrx_word' id='word_1_30' title='bbox 354 505 476 564; x_wconf 79' lang='lat' dir='ltr'><strong>ambitio</strong></span> <span class='ocrx_word' id='word_1_31' title='bbox 497 523 610 578; x_wconf 89' lang='lat' dir='ltr'><strong>eorum,</strong></span> <span class='ocrx_word' id='word_1_32' title='bbox 630 517 661 566; x_wconf 81' lang='lat' dir='ltr'><strong>ct</strong></span> <span class='ocrx_word' id='word_1_33' title='bbox 680 501 827 585; x_wconf 79' lang='lat' dir='ltr'><strong>superbia,</strong></span> <span class='ocrx_word' id='word_1_34' title='bbox 847 519 877 566; x_wconf 90' lang='lat' dir='ltr'><strong>et</strong></span> <span class='ocrx_word' id='word_1_35' title='bbox 889 506 1043 566; x_wconf 87' lang='lat' dir='ltr'><strong>crudelitas</strong></span> <span class='ocrx_word' id='word_1_36' title='bbox 1056 509 1218 570; x_wconf 83' lang='lat' dir='ltr'><strong>ctavaritia</strong></span> 
     </span>
     <span class='ocr_line' id='line_1_5' title="bbox 68 579 1218 674; baseline 0.005 -36"><span class='ocrx_word' id='word_1_37' title='bbox 68 579 201 638; x_wconf 88' lang='lat' dir='ltr'><strong>omnibus·</strong></span> <span class='ocrx_word' id='word_1_38' title='bbox 214 592 304 642; x_wconf 88' lang='lat' dir='ltr'><strong>notae</strong></span> <span class='ocrx_word' id='word_1_39' title='bbox 326 579 432 654; x_wconf 85' lang='lat' dir='ltr'><strong>essent,</strong></span> <span class='ocrx_word' id='word_1_40' title='bbox 452 603 571 661; x_wconf 85' lang='lat' dir='ltr'><strong>prorsus</strong></span> <span class='ocrx_word' id='word_1_41' title='bbox 585 595 688 646; x_wconf 85' lang='lat' dir='ltr'><strong>¹tamen</strong></span> <span class='ocrx_word' id='word_1_42' title='bbox 709 582 757 642; x_wconf 79' lang='lat' dir='ltr'><strong>alli</strong></span> <span class='ocrx_word' id='word_1_43' title='bbox 777 582 890 672; x_wconf 81' lang='lat' dir='ltr'><strong>censerp&#39;</strong></span> <span class='ocrx_word' id='word_1_44' title='bbox 905 581 1055 642; x_wconf 86' lang='lat' dir='ltr'><strong>volebant.</strong></span> <span class='ocrx_word' id='word_1_45' title='bbox 1074 585 1218 674; x_wconf 83' lang='lat' dir='ltr'><strong>thnnm</strong></span> 
     </span>
     <span class='ocr_line' id='line_1_6' title="bbox 69 655 1219 794; baseline 0.007 -82"><span class='ocrx_word' id='word_1_46' title='bbox 69 677 156 735; x_wconf 81' lang='lat' dir='ltr'><strong>nuper</strong></span> <span class='ocrx_word' id='word_1_47' title='bbox 177 655 325 718; x_wconf 77' lang='lat' dir='ltr'><strong>Christum</strong></span> <span class='ocrx_word' id='word_1_48' title='bbox 346 658 476 794; x_wconf 53' lang='lat' dir='ltr'><strong>aggressi</strong></span> <span class='ocrx_word' id='word_1_49' title='bbox 493 671 574 732; x_wconf 90' lang='lat' dir='ltr'><strong>sunt,</strong></span> <span class='ocrx_word' id='word_1_50' title='bbox 594 659 630 718; x_wconf 92' lang='lat' dir='ltr'><strong>de</strong></span> <span class='ocrx_word' id='word_1_51' title='bbox 651 659 756 720; x_wconf 86' lang='lat' dir='ltr'><strong>ordine</strong></span> <span class='ocrx_word' id='word_1_52' title='bbox 771 659 921 722; x_wconf 77' lang='lat' dir='ltr'><strong>Ecclesiae</strong></span> <span class='ocrx_word' id='word_1_53' title='bbox 939 680 1054 731; x_wconf 74' lang='lat' dir='ltr'><strong>secsse</strong></span> <span class='ocrx_word' id='word_1_54' title='bbox 1073 659 1219 721; x_wconf 79' lang='lat' dir='ltr'><strong>sollicitos</strong></span> 
     </span>
     <span class='ocr_line' id='line_1_7' title="bbox 67 733 1218 816; baseline 0.007 -28"><span class='ocrx_word' id='word_1_55' title='bbox 67 733 285 806; x_wconf 78' lang='lat' dir='ltr'><strong>mentiebantur,</strong></span> <span class='ocrx_word' id='word_1_56' title='bbox 306 733 363 792; x_wconf 87' lang='lat' dir='ltr'><strong>acsi</strong></span> <span class='ocrx_word' id='word_1_57' title='bbox 405 734 434 793; x_wconf 94' lang='lat' dir='ltr'><strong>di</strong></span> <span class='ocrx_word' id='word_1_58' title='bbox 454 745 551 795; x_wconf 83' lang='lat' dir='ltr'><strong>essent</strong></span> <span class='ocrx_word' id='word_1_59' title='bbox 572 747 603 796; x_wconf 87' lang='lat' dir='ltr'><strong>et</strong></span> <span class='ocrx_word' id='word_1_60' title='bbox 622 736 709 816; x_wconf 91' lang='lat' dir='ltr'><strong>probi</strong></span> <span class='ocrx_word' id='word_1_61' title='bbox 722 735 782 795; x_wconf 90' lang='lat' dir='ltr'><strong>eius</strong></span> <span class='ocrx_word' id='word_1_62' title='bbox 794 735 933 794; x_wconf 77' lang='lat' dir='ltr'><strong>vindic&#39;e‘s.</strong></span> <span class='ocrx_word' id='word_1_63' title='bbox 955 733 1055 810; x_wconf 86' lang='lat' dir='ltr'><strong>Quum</strong></span> <span class='ocrx_word' id='word_1_64' title='bbox 1069 737 1108 810; x_wconf 84' lang='lat' dir='ltr'><strong>ita</strong></span> <span class='ocrx_word' id='word_1_65' title='bbox 1122 757 1218 797; x_wconf 87' lang='lat' dir='ltr'><strong>crasse</strong></span> 
     </span>
     <span class='ocr_line' id='line_1_8' title="bbox 67 807 1220 892; baseline 0.003 -24"><span class='ocrx_word' id='word_1_66' title='bbox 67 807 126 868; x_wconf 82' lang='lat' dir='ltr'><strong>Deo</strong></span> <span class='ocrx_word' id='word_1_67' title='bbox 152 819 182 867; x_wconf 90' lang='lat' dir='ltr'><strong>et</strong></span> <span class='ocrx_word' id='word_1_68' title='bbox 207 809 375 870; x_wconf 86' lang='lat' dir='ltr'><strong>bominibus</strong></span> <span class='ocrx_word' id='word_1_69' title='bbox 401 809 540 886; x_wconf 89' lang='lat' dir='ltr'><strong>illudant,</strong></span> <span class='ocrx_word' id='word_1_70' title='bbox 571 831 673 872; x_wconf 85' lang='lat' dir='ltr'><strong>eornm</strong></span> <span class='ocrx_word' id='word_1_71' title='bbox 700 811 910 892; x_wconf 85' lang='lat' dir='ltr'><strong>impudentiam</strong></span> <span class='ocrx_word' id='word_1_72' title='bbox 937 811 1048 872; x_wconf 76' lang='lat' dir='ltr'><strong>refellit</strong></span> <span class='ocrx_word' id='word_1_73' title='bbox 1073 811 1220 889; x_wconf 90' lang='lat' dir='ltr'><strong>Christus,</strong></span> 
     </span>
     <span class='ocr_line' id='line_1_9' title="bbox 67 885 1296 970; baseline 0.007 -28"><span class='ocrx_word' id='word_1_74' title='bbox 67 885 216 946; x_wconf 86' lang='lat' dir='ltr'><strong>ostendens</strong></span> <span class='ocrx_word' id='word_1_75' title='bbox 236 886 315 966; x_wconf 89' lang='lat' dir='ltr'><strong>ipsos</strong></span> <span class='ocrx_word' id='word_1_76' title='bbox 336 887 409 947; x_wconf 88' lang='lat' dir='ltr'><strong>nibil</strong></span> <span class='ocrx_word' id='word_1_77' title='bbox 429 887 524 950; x_wconf 87' lang='lat' dir='ltr'><strong>minua</strong></span> <span class='ocrx_word' id='word_1_78' title='bbox 544 907 607 950; x_wconf 89' lang='lat' dir='ltr'><strong>esse</strong></span> <span class='ocrx_word' id='word_1_79' title='bbox 623 889 803 967; x_wconf 83' lang='lat' dir='ltr'><strong>quamquod</strong></span> <span class='ocrx_word' id='word_1_80' title='bbox 815 887 972 959; x_wconf 85' lang='lat' dir='ltr'><strong>iactabant,</strong></span> <span class='ocrx_word' id='word_1_81' title='bbox 991 888 1065 954; x_wconf 87' lang='lat' dir='ltr'><strong>adeo</strong></span> <span class='ocrx_word' id='word_1_82' title='bbox 1087 910 1125 954; x_wconf 85' lang='lat' dir='ltr'><strong>¹ue</strong></span> <span class='ocrx_word' id='word_1_83' title='bbox 1145 910 1220 970; x_wconf 86' lang='lat' dir='ltr'><strong>pro·</strong></span> <span class='ocrx_word' id='word_1_84' title='bbox 1293 911 1296 918; x_wconf 55' lang='lat'><strong>⁴</strong></span> 
     </span>
     <span class='ocr_line' id='line_1_10' title="bbox 67 959 1219 1046; baseline 0.009 -28"><span class='ocrx_word' id='word_1_85' title='bbox 67 960 110 1019; x_wconf 89' lang='lat' dir='ltr'><strong>cnl</strong></span> <span class='ocrx_word' id='word_1_86' title='bbox 128 959 230 1022; x_wconf 87' lang='lat' dir='ltr'><strong>abesse</strong></span> <span class='ocrx_word' id='word_1_87' title='bbox 250 961 287 1021; x_wconf 92' lang='lat' dir='ltr'><strong>ab</strong></span> <span class='ocrx_word' id='word_1_88' title='bbox 308 983 341 1022; x_wconf 89' lang='lat' dir='ltr'><strong>ca</strong></span> <span class='ocrx_word' id='word_1_89' title='bbox 363 965 392 1024; x_wconf 91' lang='lat' dir='ltr'><strong>di</strong></span> <span class='ocrx_word' id='word_1_90' title='bbox 415 965 516 1038; x_wconf 88' lang='lat' dir='ltr'><strong>nitate,</strong></span> <span class='ocrx_word' id='word_1_91' title='bbox 535 965 566 1024; x_wconf 93' lang='lat' dir='ltr'><strong>in</strong></span> <span class='ocrx_word' id='word_1_92' title='bbox 588 987 643 1044; x_wconf 87' lang='lat' dir='ltr'><strong>qua</strong></span> <span class='ocrx_word' id='word_1_93' title='bbox 656 964 712 1024; x_wconf 90' lang='lat' dir='ltr'><strong>sibi</strong></span> <span class='ocrx_word' id='word_1_94' title='bbox 724 963 894 1046; x_wconf 78' lang='lat' dir='ltr'><strong>placebant,</strong></span> <span class='ocrx_word' id='word_1_95' title='bbox 911 965 1030 1026; x_wconf 85' lang='lat' dir='ltr'><strong>ntinfra</strong></span> <span class='ocrx_word' id='word_1_96' title='bbox 1042 986 1082 1046; x_wconf 91' lang='lat' dir='ltr'><strong>pu</strong></span> <span class='ocrx_word' id='word_1_97' title='bbox 1104 965 1219 1028; x_wconf 84' lang='lat' dir='ltr'><strong>licanos</strong></span> 
     </span>
    </p>

    <p class='ocr_par' dir='ltr' id='par_1_3' title="bbox 49 1037 1307 1810">
     <span class='ocr_line' id='line_1_11' title="bbox 67 1037 1219 1120; baseline 0.005 -26"><span class='ocrx_word' id='word_1_98' title='bbox 67 1049 93 1094; x_wconf 91' lang='lat' dir='ltr'><strong>et</strong></span> <span class='ocrx_word' id='word_1_99' title='bbox 110 1037 279 1097; x_wconf 77' lang='lat' dir='ltr'><strong>meretrices</strong></span> <span class='ocrx_word' id='word_1_100' title='bbox 299 1037 377 1099; x_wconf 91' lang='lat' dir='ltr'><strong>subsi</strong></span> <span class='ocrx_word' id='word_1_101' title='bbox 400 1052 458 1100; x_wconf 88' lang='lat' dir='ltr'><strong>ant.</strong></span> <span class='ocrx_word' id='word_1_102' title='bbox 497 1041 572 1101; x_wconf 89' lang='lat' dir='ltr'><strong>Nam</strong></span> <span class='ocrx_word' id='word_1_103' title='bbox 594 1039 673 1120; x_wconf 87' lang='lat' dir='ltr'><strong>qnod</strong></span> <span class='ocrx_word' id='word_1_104' title='bbox 693 1047 725 1100; x_wconf 89' lang='lat' dir='ltr'><strong>se&#39;</strong></span> <span class='ocrx_word' id='word_1_105' title='bbox 744 1039 959 1119; x_wconf 85' lang='lat' dir='ltr'><strong>profitebantur</strong></span> <span class='ocrx_word' id='word_1_106' title='bbox 979 1043 1106 1120; x_wconf 91' lang='lat' dir='ltr'><strong>optimos</strong></span> <span class='ocrx_word' id='word_1_107' title='bbox 1127 1039 1219 1102; x_wconf 87' lang='lat' dir='ltr'><strong>divini</strong></span> 
     </span>
     <span class='ocr_line' id='line_1_12' title="bbox 65 1112 1220 1198; baseline 0.005 -28"><span class='ocrx_word' id='word_1_108' title='bbox 65 1112 149 1172; x_wconf 88' lang='lat' dir='ltr'><strong>cultus</strong></span> <span class='ocrx_word' id='word_1_109' title='bbox 169 1115 316 1190; x_wconf 82' lang='lat' dir='ltr'><strong>custodes,</strong></span> <span class='ocrx_word' id='word_1_110' title='bbox 335 1117 462 1198; x_wconf 85' lang='lat' dir='ltr'><strong>ethgis</strong></span> <span class='ocrx_word' id='word_1_111' title='bbox 482 1117 603 1192; x_wconf 78' lang='lat' dir='ltr'><strong>zelotes,</strong></span> <span class='ocrx_word' id='word_1_112' title='bbox 624 1117 686 1176; x_wconf 84' lang='lat' dir='ltr'><strong>bo&#39;t&#39;</strong></span> <span class='ocrx_word' id='word_1_113' title='bbox 702 1116 824 1196; x_wconf 84' lang='lat' dir='ltr'><strong>perinde</strong></span> <span class='ocrx_word' id='word_1_114' title='bbox 839 1136 900 1177; x_wconf 87' lang='lat' dir='ltr'><strong>esse</strong></span> <span class='ocrx_word' id='word_1_115' title='bbox 914 1113 1046 1177; x_wconf 85' lang='lat' dir='ltr'><strong>Christus</strong></span> <span class='ocrx_word' id='word_1_116' title='bbox 1059 1117 1138 1192; x_wconf 80' lang='lat' dir='ltr'><strong>dicit,</strong></span> <span class='ocrx_word' id='word_1_117' title='bbox 1158 1117 1220 1180; x_wconf 87' lang='lat' dir='ltr'><strong>acsi</strong></span> 
     </span>
     <span class='ocr_line' id='line_1_13' title="bbox 65 1189 1307 1272; baseline 0.004 -23"><span class='ocrx_word' id='word_1_118' title='bbox 65 1189 122 1268; x_wconf 88' lang='lat' dir='ltr'><strong>quis</strong></span> <span class='ocrx_word' id='word_1_119' title='bbox 142 1190 219 1252; x_wconf 87' lang='lat' dir='ltr'><strong>frlins</strong></span> <span class='ocrx_word' id='word_1_120' title='bbox 259 1193 314 1252; x_wconf 89' lang='lat' dir='ltr'><strong>atri</strong></span> <span class='ocrx_word' id='word_1_121' title='bbox 333 1194 426 1254; x_wconf 83' lang='lat' dir='ltr'><strong>verbo</strong></span> <span class='ocrx_word' id='word_1_122' title='bbox 445 1205 529 1254; x_wconf 85' lang='lat' dir='ltr'><strong>tenus</strong></span> <span class='ocrx_word' id='word_1_123' title='bbox 541 1193 715 1272; x_wconf 80' lang='lat' dir='ltr'><strong>obsequium</strong></span> <span class='ocrx_word' id='word_1_124' title='bbox 727 1193 889 1272; x_wconf 88' lang='lat' dir='ltr'><strong>promittat,</strong></span> <span class='ocrx_word' id='word_1_125' title='bbox 908 1213 974 1254; x_wconf 88' lang='lat' dir='ltr'><strong>eum</strong></span> <span class='ocrx_word' id='word_1_126' title='bbox 985 1206 1085 1253; x_wconf 88' lang='lat' dir='ltr'><strong>tamen</strong></span> <span class='ocrx_word' id='word_1_127' title='bbox 1095 1195 1220 1254; x_wconf 83' lang='lat' dir='ltr'><strong>srnstre-</strong></span> <span class='ocrx_word' id='word_1_128' title='bbox 1303 1237 1307 1244; x_wconf 88' lang='lat'><em>-</em></span> 
     </span>
     <span class='ocr_line' id='line_1_14' title="bbox 65 1211 1219 1349; baseline 0.006 -26"><span class='ocrx_word' id='word_1_129' title='bbox 65 1279 115 1324; x_wconf 86' lang='lat' dir='ltr'><strong>tur.</strong></span> <span class='ocrx_word' id='word_1_130' title='bbox 154 1211 257 1342; x_wconf 81' lang='lat' dir='ltr'><strong>Quod</strong></span> <span class='ocrx_word' id='word_1_131' title='bbox 269 1270 305 1328; x_wconf 91' lang='lat' dir='ltr'><strong>ad</strong></span> <span class='ocrx_word' id='word_1_132' title='bbox 325 1269 501 1349; x_wconf 88' lang='lat' dir='ltr'><strong>publicanos</strong></span> <span class='ocrx_word' id='word_1_133' title='bbox 522 1279 551 1330; x_wconf 88' lang='lat' dir='ltr'><strong>ct</strong></span> <span class='ocrx_word' id='word_1_134' title='bbox 571 1269 739 1330; x_wconf 87' lang='lat' dir='ltr'><strong>meretrices</strong></span> <span class='ocrx_word' id='word_1_135' title='bbox 758 1280 881 1348; x_wconf 83' lang='lat' dir='ltr'><strong>spectat,</strong></span> <span class='ocrx_word' id='word_1_136' title='bbox 901 1289 962 1328; x_wconf 88' lang='lat' dir='ltr'><strong>non</strong></span> <span class='ocrx_word' id='word_1_137' title='bbox 984 1282 1098 1329; x_wconf 84' lang='lat' dir='ltr'><strong>excusat</strong></span> <span class='ocrx_word' id='word_1_138' title='bbox 1115 1289 1219 1330; x_wconf 90' lang='lat' dir='ltr'><strong>eorum</strong></span> 
     </span>
     <span class='ocr_line' id='line_1_15' title="bbox 49 1331 1220 1426; baseline 0.005 -26"><span class='ocrx_word' id='word_1_139' title='bbox 49 1343 141 1420; x_wconf 59' lang='lat' dir='ltr'><strong>sitia,</strong></span> <span class='ocrx_word' id='word_1_140' title='bbox 160 1341 214 1404; x_wconf 91' lang='lat' dir='ltr'><strong>scd</strong></span> <span class='ocrx_word' id='word_1_141' title='bbox 234 1343 403 1406; x_wconf 87' lang='lat' dir='ltr'><strong>dissolutam</strong></span> <span class='ocrx_word' id='word_1_142' title='bbox 424 1365 525 1406; x_wconf 90' lang='lat' dir='ltr'><strong>eorum</strong></span> <span class='ocrx_word' id='word_1_143' title='bbox 545 1347 635 1406; x_wconf 86' lang='lat' dir='ltr'><strong>vitam</strong></span> <span class='ocrx_word' id='word_1_144' title='bbox 657 1356 808 1424; x_wconf 88' lang='lat' dir='ltr'><strong>comparat</strong></span> <span class='ocrx_word' id='word_1_145' title='bbox 826 1331 958 1426; x_wconf 89' lang='lat' dir='ltr'><strong>prolervi</strong></span> <span class='ocrx_word' id='word_1_146' title='bbox 980 1356 1010 1404; x_wconf 90' lang='lat' dir='ltr'><strong>et</strong></span> <span class='ocrx_word' id='word_1_147' title='bbox 1028 1365 1131 1425; x_wconf 88' lang='lat' dir='ltr'><strong>parurn</strong></span> <span class='ocrx_word' id='word_1_148' title='bbox 1151 1367 1220 1406; x_wconf 92' lang='lat' dir='ltr'><strong>mo-</strong></span> 
     </span>
     <span class='ocr_line' id='line_1_16' title="bbox 64 1419 1221 1502; baseline 0.003 -24"><span class='ocrx_word' id='word_1_149' title='bbox 64 1419 131 1479; x_wconf 86' lang='lat' dir='ltr'><strong>desti</strong></span> <span class='ocrx_word' id='word_1_150' title='bbox 152 1421 205 1480; x_wconf 89' lang='lat' dir='ltr'><strong>filii</strong></span> <span class='ocrx_word' id='word_1_151' title='bbox 222 1423 441 1497; x_wconf 85' lang='lat' dir='ltr'><strong>contumaciae,</strong></span> <span class='ocrx_word' id='word_1_152' title='bbox 461 1423 510 1502; x_wconf 91' lang='lat' dir='ltr'><strong>qui</strong></span> <span class='ocrx_word' id='word_1_153' title='bbox 530 1421 621 1502; x_wconf 89' lang='lat' dir='ltr'><strong>patris</strong></span> <span class='ocrx_word' id='word_1_154' title='bbox 640 1420 679 1479; x_wconf 90' lang='lat' dir='ltr'><strong>im</strong></span> <span class='ocrx_word' id='word_1_155' title='bbox 705 1421 796 1480; x_wconf 85' lang='lat' dir='ltr'><strong>crium</strong></span> <span class='ocrx_word' id='word_1_156' title='bbox 817 1419 912 1500; x_wconf 89' lang='lat' dir='ltr'><strong>primo</strong></span> <span class='ocrx_word' id='word_1_157' title='bbox 923 1421 1031 1481; x_wconf 87' lang='lat' dir='ltr'><strong>reiicit:</strong></span> <span class='ocrx_word' id='word_1_158' title='bbox 1051 1423 1144 1482; x_wconf 84' lang='lat' dir='ltr'><strong>sedin</strong></span> <span class='ocrx_word' id='word_1_159' title='bbox 1160 1422 1221 1482; x_wconf 90' lang='lat' dir='ltr'><strong>boe</strong></span> 
     </span>
     <span class='ocr_line' id='line_1_17' title="bbox 62 1443 1219 1578; baseline 0.005 -24"><span class='ocrx_word' id='word_1_160' title='bbox 62 1493 147 1578; x_wconf 84' lang='lat' dir='ltr'><strong>longe</strong></span> <span class='ocrx_word' id='word_1_161' title='bbox 165 1508 318 1578; x_wconf 88' lang='lat' dir='ltr'><strong>praestare</strong></span> <span class='ocrx_word' id='word_1_162' title='bbox 339 1500 452 1576; x_wconf 82' lang='lat' dir='ltr'><strong>docet,¹</strong></span> <span class='ocrx_word' id='word_1_163' title='bbox 496 1499 542 1559; x_wconf 88' lang='lat' dir='ltr'><strong>uia</strong></span> <span class='ocrx_word' id='word_1_164' title='bbox 569 1518 631 1559; x_wconf 90' lang='lat' dir='ltr'><strong>non</strong></span> <span class='ocrx_word' id='word_1_165' title='bbox 656 1443 701 1558; x_wconf 74' lang='lat' dir='ltr'><strong>ael</strong></span> <span class='ocrx_word' id='word_1_166' title='bbox 717 1509 880 1558; x_wconf 86' lang='lat' dir='ltr'><strong>extremum</strong></span> <span class='ocrx_word' id='word_1_167' title='bbox 899 1519 931 1570; x_wconf 84' lang='lat' dir='ltr'><strong>ns</strong></span> <span class='ocrx_word' id='word_1_168' title='bbox 953 1517 990 1556; x_wconf 91' lang='lat' dir='ltr'><strong>ue</strong></span> <span class='ocrx_word' id='word_1_169' title='bbox 1010 1496 1041 1568; x_wconf 82' lang='lat' dir='ltr'><strong>in</strong></span> <span class='ocrx_word' id='word_1_170' title='bbox 1061 1497 1120 1558; x_wconf 88' lang='lat' dir='ltr'><strong>suis</strong></span> <span class='ocrx_word' id='word_1_171' title='bbox 1138 1499 1219 1560; x_wconf 89' lang='lat' dir='ltr'><strong>vitiis</strong></span> 
     </span>
     <span class='ocr_line' id='line_1_18' title="bbox 62 1518 1220 1668; baseline 0.003 -36"><span class='ocrx_word' id='word_1_172' title='bbox 62 1574 231 1664; x_wconf 67' lang='lat' dir='ltr'><strong>persistant,</strong></span> <span class='ocrx_word' id='word_1_173' title='bbox 248 1574 317 1663; x_wconf 92' lang='lat' dir='ltr'><strong>quin</strong></span> <span class='ocrx_word' id='word_1_174' title='bbox 338 1575 436 1656; x_wconf 90' lang='lat' dir='ltr'><strong>potins</strong></span> <span class='ocrx_word' id='word_1_175' title='bbox 456 1521 492 1636; x_wconf 88' lang='lat' dir='ltr'><strong>ad</strong></span> <span class='ocrx_word' id='word_1_176' title='bbox 512 1576 611 1668; x_wconf 74' lang='lat' dir='ltr'><strong>iugum</strong></span> <span class='ocrx_word' id='word_1_177' title='bbox 624 1572 819 1648; x_wconf 90' lang='lat' dir='ltr'><strong>subeundum,</strong></span> <span class='ocrx_word' id='word_1_178' title='bbox 858 1575 918 1634; x_wconf 89' lang='lat' dir='ltr'><strong>uod</strong></span> <span class='ocrx_word' id='word_1_179' title='bbox 933 1518 1080 1634; x_wconf 83' lang='lat' dir='ltr'><strong>lerociter</strong></span> <span class='ocrx_word' id='word_1_180' title='bbox 1099 1573 1220 1655; x_wconf 89' lang='lat' dir='ltr'><strong>repule-</strong></span> 
     </span>
     <span class='ocr_line' id='line_1_19' title="bbox 62 1595 1220 1729; baseline 0.005 -23"><span class='ocrx_word' id='word_1_181' title='bbox 62 1659 134 1723; x_wconf 86' lang='lat' dir='ltr'><strong>rant,</strong></span> <span class='ocrx_word' id='word_1_182' title='bbox 153 1649 263 1729; x_wconf 83' lang='lat' dir='ltr'><strong>placrdr</strong></span> <span class='ocrx_word' id='word_1_183' title='bbox 283 1651 343 1712; x_wconf 85' lang='lat' dir='ltr'><strong>sint</strong></span> <span class='ocrx_word' id='word_1_184' title='bbox 362 1673 396 1712; x_wconf 88' lang='lat' dir='ltr'><strong>ae</strong></span> <span class='ocrx_word' id='word_1_185' title='bbox 415 1652 492 1712; x_wconf 89' lang='lat' dir='ltr'><strong>mori</strong></span> <span class='ocrx_word' id='word_1_186' title='bbox 516 1671 567 1710; x_wconf 87' lang='lat' dir='ltr'><strong>err.</strong></span> <span class='ocrx_word' id='word_1_187' title='bbox 588 1651 679 1710; x_wconf 80' lang='lat' dir='ltr'><strong>Nunc</strong></span> <span class='ocrx_word' id='word_1_188' title='bbox 692 1661 822 1710; x_wconf 88' lang='lat' dir='ltr'><strong>tenemus</strong></span> <span class='ocrx_word' id='word_1_189' title='bbox 837 1595 946 1710; x_wconf 68' lang='lat' dir='ltr'><strong>lusisti</strong></span> <span class='ocrx_word' id='word_1_190' title='bbox 965 1648 1133 1711; x_wconf 90' lang='lat' dir='ltr'><strong>consilium:</strong></span> <span class='ocrx_word' id='word_1_191' title='bbox 1155 1673 1220 1712; x_wconf 92' lang='lat' dir='ltr'><strong>non</strong></span> 
     </span>
     <span class='ocr_line' id='line_1_20' title="bbox 63 1673 1222 1810; baseline 0.004 -28"><span class='ocrx_word' id='word_1_192' title='bbox 63 1737 170 1785; x_wconf 84' lang='lat' dir='ltr'><strong>tantum</strong></span> <span class='ocrx_word' id='word_1_193' title='bbox 189 1727 358 1788; x_wconf 85' lang='lat' dir='ltr'><strong>sacerdotes</strong></span> <span class='ocrx_word' id='word_1_194' title='bbox 379 1739 410 1787; x_wconf 85' lang='lat' dir='ltr'><strong>et</strong></span> <span class='ocrx_word' id='word_1_195' title='bbox 426 1673 536 1788; x_wconf 54' lang='lat' dir='ltr'><strong>scrilbs</strong></span> <span class='ocrx_word' id='word_1_196' title='bbox 556 1727 706 1810; x_wconf 83' lang='lat' dir='ltr'><strong>obiurgat,</strong></span> <span class='ocrx_word' id='word_1_197' title='bbox 726 1727 807 1805; x_wconf 91' lang='lat' dir='ltr'><strong>qnod</strong></span> <span class='ocrx_word' id='word_1_198' title='bbox 826 1725 973 1786; x_wconf 88' lang='lat' dir='ltr'><strong>obstinate</strong></span> <span class='ocrx_word' id='word_1_199' title='bbox 987 1726 1125 1787; x_wconf 84' lang='lat' dir='ltr'><strong>resistant</strong></span> <span class='ocrx_word' id='word_1_200' title='bbox 1138 1728 1222 1802; x_wconf 87' lang='lat' dir='ltr'><strong>Deo,</strong></span> 
     </span>
    </p>

    <p class='ocr_par' dir='ltr' id='par_1_4' title="bbox 62 1801 1306 1972">
     <span class='ocr_line' id='line_1_21' title="bbox 62 1801 1306 1896; baseline 0.006 -38"><span class='ocrx_word' id='word_1_201' title='bbox 62 1821 115 1860; x_wconf 89' lang='lat' dir='ltr'><strong>nen</strong></span> <span class='ocrx_word' id='word_1_202' title='bbox 133 1803 308 1883; x_wconf 81' lang='lat' dir='ltr'><strong>resipiscant</strong></span> <span class='ocrx_word' id='word_1_203' title='bbox 325 1805 415 1868; x_wconf 85' lang='lat' dir='ltr'><strong>toties</strong></span> <span class='ocrx_word' id='word_1_204' title='bbox 436 1804 559 1879; x_wconf 90' lang='lat' dir='ltr'><strong>moniti,</strong></span> <span class='ocrx_word' id='word_1_205' title='bbox 588 1805 640 1864; x_wconf 94' lang='lat' dir='ltr'><strong>sed</strong></span> <span class='ocrx_word' id='word_1_206' title='bbox 667 1803 781 1864; x_wconf 88' lang='lat' dir='ltr'><strong>honore</strong></span> <span class='ocrx_word' id='word_1_207' title='bbox 808 1823 858 1864; x_wconf 90' lang='lat' dir='ltr'><strong>eos</strong></span> <span class='ocrx_word' id='word_1_208' title='bbox 882 1801 992 1882; x_wconf 87' lang='lat' dir='ltr'><strong>spoliat</strong></span> <span class='ocrx_word' id='word_1_209' title='bbox 1016 1822 1075 1882; x_wconf 91' lang='lat' dir='ltr'><strong>quo</strong></span> <span class='ocrx_word' id='word_1_210' title='bbox 1104 1803 1222 1896; x_wconf 69' lang='lat' dir='ltr'><strong>indigni</strong></span> <span class='ocrx_word' id='word_1_211' title='bbox 1303 1833 1306 1844; x_wconf 93' lang='lat'>·</span> 
     </span>
     <span class='ocr_line' id='line_1_22' title="bbox 65 1875 1198 1972; baseline 0.004 -37"><span class='ocrx_word' id='word_1_212' title='bbox 65 1891 154 1954; x_wconf 90' lang='lat' dir='ltr'><strong>crant,</strong></span> <span class='ocrx_word' id='word_1_213' title='bbox 174 1878 243 1960; x_wconf 77' lang='lat' dir='ltr'><strong>qnia</strong></span> <span class='ocrx_word' id='word_1_214' title='bbox 262 1881 393 1942; x_wconf 86' lang='lat' dir='ltr'><strong>deterior</strong></span> <span class='ocrx_word' id='word_1_215' title='bbox 412 1882 449 1942; x_wconf 91' lang='lat' dir='ltr'><strong>sit</strong></span> <span class='ocrx_word' id='word_1_216' title='bbox 468 1879 585 1941; x_wconf 90' lang='lat' dir='ltr'><strong>illorum</strong></span> <span class='ocrx_word' id='word_1_217' title='bbox 605 1875 740 1960; x_wconf 88' lang='lat' dir='ltr'><strong>impietas</strong></span> <span class='ocrx_word' id='word_1_218' title='bbox 761 1901 847 1972; x_wconf 88' lang='lat' dir='ltr'><strong>quarn</strong></span> <span class='ocrx_word' id='word_1_219' title='bbox 866 1879 1052 1939; x_wconf 90' lang='lat' dir='ltr'><strong>meretricum</strong></span> <span class='ocrx_word' id='word_1_220' title='bbox 1072 1879 1198 1942; x_wconf 80' lang='lat' dir='ltr'><strong>lascivia.</strong></span> 
     </span>
    </p>

    <p class='ocr_par' dir='ltr' id='par_1_5' title="bbox 60 1953 1303 2648">
     <span class='ocr_line' id='line_1_23' title="bbox 135 1953 1220 2039; baseline -0.004 -17"><span class='ocrx_word' id='word_1_221' title='bbox 135 1961 183 2022; x_wconf 83' lang='lat'><strong>³0.</strong></span> <span class='ocrx_word' id='word_1_222' title='bbox 221 1953 290 2032; x_wconf 77' lang='lat' dir='ltr'><strong>&#39;Ego</strong></span> <span class='ocrx_word' id='word_1_223' title='bbox 309 1958 443 2019; x_wconf 75' lang='lat' dir='ltr'><strong>Donatus.</strong></span> <span class='ocrx_word' id='word_1_224' title='bbox 468 1959 549 2018; x_wconf 82' lang='lat' dir='ltr'><strong>llaec</strong></span> <span class='ocrx_word' id='word_1_225' title='bbox 569 1957 681 2036; x_wconf 88' lang='lat' dir='ltr'><strong>phrasis</strong></span> <span class='ocrx_word' id='word_1_226' title='bbox 702 1977 735 2016; x_wconf 84' lang='lat' dir='ltr'><strong>ex</strong></span> <span class='ocrx_word' id='word_1_227' title='bbox 754 1955 855 2039; x_wconf 80' lang='lat' dir='ltr'><strong>lingna</strong></span> <span class='ocrx_word' id='word_1_228' title='bbox 875 1955 1013 2016; x_wconf 80' lang='lat' dir='ltr'><strong>hebraica</strong></span> <span class='ocrx_word' id='word_1_229' title='bbox 1031 1969 1146 2038; x_wconf 87' lang='lat' dir='ltr'><strong>sumpta</strong></span> <span class='ocrx_word' id='word_1_230' title='bbox 1167 1967 1220 2020; x_wconf 89' lang='lat' dir='ltr'><strong>est.</strong></span> 
     </span>
     <span class='ocr_line' id='line_1_24' title="bbox 63 2031 1220 2116; baseline 0.004 -25"><span class='ocrx_word' id='word_1_231' title='bbox 63 2031 136 2092; x_wconf 87' lang='lat' dir='ltr'><strong>Nam</strong></span> <span class='ocrx_word' id='word_1_232' title='bbox 156 2034 229 2094; x_wconf 87' lang='lat' dir='ltr'><strong>dnrn</strong></span> <span class='ocrx_word' id='word_1_233' title='bbox 247 2032 388 2116; x_wconf 86' lang='lat' dir='ltr'><strong>obsequia</strong></span> <span class='ocrx_word' id='word_1_234' title='bbox 408 2056 458 2095; x_wconf 86' lang='lat' dir='ltr'><strong>sua</strong></span> <span class='ocrx_word' id='word_1_235' title='bbox 478 2035 590 2094; x_wconf 78' lang='lat' dir='ltr'><strong>olicrrc</strong></span> <span class='ocrx_word' id='word_1_236' title='bbox 609 2031 874 2106; x_wconf 23' lang='lat' dir='ltr'><strong>volunt-Hebraei,</strong></span> <span class='ocrx_word' id='word_1_237' title='bbox 893 2036 927 2091; x_wconf 89' lang='lat' dir='ltr'><strong>&#39;nc</strong></span> <span class='ocrx_word' id='word_1_238' title='bbox 946 2032 1047 2091; x_wconf 87' lang='lat' dir='ltr'><strong>testari</strong></span> <span class='ocrx_word' id='word_1_239' title='bbox 1060 2053 1090 2093; x_wconf 90' lang='lat' dir='ltr'><strong>se</strong></span> <span class='ocrx_word' id='word_1_240' title='bbox 1122 2048 1220 2096; x_wconf 88' lang='lat' dir='ltr'><strong>raesto</strong></span> 
     </span>
     <span class='ocr_line' id='line_1_25' title="bbox 65 2056 1222 2190; baseline 0.001 -23"><span class='ocrx_word' id='word_1_241' title='bbox 65 2128 125 2169; x_wconf 87' lang='lat' dir='ltr'><strong>esse</strong></span> <span class='ocrx_word' id='word_1_242' title='bbox 139 2111 185 2190; x_wconf 82' lang='lat' dir='ltr'><strong>ad</strong></span> <span class='ocrx_word' id='word_1_243' title='bbox 203 2110 376 2190; x_wconf 87' lang='lat' dir='ltr'><strong>parendum,</strong></span> <span class='ocrx_word' id='word_1_244' title='bbox 395 2111 437 2172; x_wconf 91' lang='lat' dir='ltr'><strong>sic</strong></span> <span class='ocrx_word' id='word_1_245' title='bbox 456 2110 486 2169; x_wconf 93' lang='lat' dir='ltr'><strong>lo</strong></span> <span class='ocrx_word' id='word_1_246' title='bbox 510 2121 628 2182; x_wconf 88' lang='lat' dir='ltr'><strong>uuntur,</strong></span> <span class='ocrx_word' id='word_1_247' title='bbox 646 2110 725 2168; x_wconf 87' lang='lat' dir='ltr'><strong>Ecce</strong></span> <span class='ocrx_word' id='word_1_248' title='bbox 743 2130 800 2190; x_wconf 81' lang='lat' dir='ltr'><strong>ego</strong></span> <span class='ocrx_word' id='word_1_249' title='bbox 813 2127 917 2183; x_wconf 88' lang='lat' dir='ltr'><strong>assum,</strong></span> <span class='ocrx_word' id='word_1_250' title='bbox 936 2107 1065 2167; x_wconf 90' lang='lat' dir='ltr'><strong>domine.</strong></span> <span class='ocrx_word' id='word_1_251' title='bbox 1094 2056 1148 2170; x_wconf 60' lang='lat' dir='ltr'><strong>ssst</strong></span> <span class='ocrx_word' id='word_1_252' title='bbox 1167 2132 1222 2170; x_wconf 86' lang='lat' dir='ltr'><strong>an-</strong></span> 
     </span>
     <span class='ocr_line' id='line_1_26' title="bbox 64 2132 1303 2274; baseline 0.004 -32"><span class='ocrx_word' id='word_1_253' title='bbox 64 2195 121 2244; x_wconf 85' lang='lat' dir='ltr'><strong>tem</strong></span> <span class='ocrx_word' id='word_1_254' title='bbox 142 2185 234 2247; x_wconf 84' lang='lat' dir='ltr'><strong>virtns</strong></span> <span class='ocrx_word' id='word_1_255' title='bbox 255 2207 358 2264; x_wconf 85' lang='lat' dir='ltr'><strong>perse</strong></span> <span class='ocrx_word' id='word_1_256' title='bbox 378 2132 541 2257; x_wconf 78' lang='lat' dir='ltr'><strong>laudabilis,</strong></span> <span class='ocrx_word' id='word_1_257' title='bbox 552 2180 675 2246; x_wconf 87' lang='lat' dir='ltr'><strong>simulat</strong></span> <span class='ocrx_word' id='word_1_258' title='bbox 696 2205 733 2243; x_wconf 90' lang='lat' dir='ltr'><strong>ue</strong></span> <span class='ocrx_word' id='word_1_259' title='bbox 752 2183 874 2243; x_wconf 87' lang='lat' dir='ltr'><strong>verbnm</strong></span> <span class='ocrx_word' id='word_1_260' title='bbox 886 2181 1060 2256; x_wconf 88' lang='lat' dir='ltr'><strong>fecitDeus,</strong></span> <span class='ocrx_word' id='word_1_261' title='bbox 1078 2196 1223 2274; x_wconf 88' lang='lat' dir='ltr'><strong>prompto</strong></span> <span class='ocrx_word' id='word_1_262' title='bbox 1299 2235 1303 2247; x_wconf 73' lang='grc'><strong>,</strong></span> 
     </span>
     <span class='ocr_line' id='line_1_27' title="bbox 63 2205 1222 2341; baseline 0.002 -21"><span class='ocrx_word' id='word_1_263' title='bbox 63 2275 93 2320; x_wconf 93' lang='lat' dir='ltr'><strong>et</strong></span> <span class='ocrx_word' id='word_1_264' title='bbox 111 2261 204 2322; x_wconf 87' lang='lat' dir='ltr'><strong>alacri</strong></span> <span class='ocrx_word' id='word_1_265' title='bbox 223 2261 319 2320; x_wconf 91' lang='lat' dir='ltr'><strong>studio</strong></span> <span class='ocrx_word' id='word_1_266' title='bbox 341 2261 474 2341; x_wconf 88' lang='lat' dir='ltr'><strong>obsequi.</strong></span> <span class='ocrx_word' id='word_1_267' title='bbox 497 2262 562 2320; x_wconf 83' lang='lat' dir='ltr'><strong>Nec</strong></span> <span class='ocrx_word' id='word_1_268' title='bbox 582 2279 654 2318; x_wconf 80' lang='lat' dir='ltr'><strong>vcro</strong></span> <span class='ocrx_word' id='word_1_269' title='bbox 676 2205 810 2318; x_wconf 52' lang='lat' dir='ltr'><strong>bitriscus</strong></span> <span class='ocrx_word' id='word_1_270' title='bbox 828 2254 995 2318; x_wconf 83' lang='lat' dir='ltr'><strong>tarditatem</strong></span> <span class='ocrx_word' id='word_1_271' title='bbox 1015 2259 1063 2318; x_wconf 91' lang='lat' dir='ltr'><strong>bic</strong></span> <span class='ocrx_word' id='word_1_272' title='bbox 1083 2281 1113 2318; x_wconf 88' lang='lat' dir='ltr'><strong>rn</strong></span> <span class='ocrx_word' id='word_1_273' title='bbox 1134 2260 1222 2338; x_wconf 86' lang='lat' dir='ltr'><strong>lande</strong></span> 
     </span>
     <span class='ocr_line' id='line_1_28' title="bbox 61 2331 1221 2418; baseline -0.002 -20"><span class='ocrx_word' id='word_1_274' title='bbox 61 2339 158 2418; x_wconf 87' lang='lat' dir='ltr'><strong>ponit,</strong></span> <span class='ocrx_word' id='word_1_275' title='bbox 178 2335 232 2400; x_wconf 80' lang='lat' dir='ltr'><strong>scd</strong></span> <span class='ocrx_word' id='word_1_276' title='bbox 252 2357 342 2415; x_wconf 89' lang='lat' dir='ltr'><strong>quum</strong></span> <span class='ocrx_word' id='word_1_277' title='bbox 361 2349 517 2414; x_wconf 87' lang='lat' dir='ltr'><strong>utrumqne</strong></span> <span class='ocrx_word' id='word_1_278' title='bbox 535 2334 674 2395; x_wconf 82' lang='lat' dir='ltr'><strong>vitiosum</strong></span> <span class='ocrx_word' id='word_1_279' title='bbox 695 2331 741 2408; x_wconf 88' lang='lat' dir='ltr'><strong>sit,</strong></span> <span class='ocrx_word' id='word_1_280' title='bbox 760 2346 828 2414; x_wconf 92' lang='lat' dir='ltr'><strong>post</strong></span> <span class='ocrx_word' id='word_1_281' title='bbox 850 2355 915 2393; x_wconf 90' lang='lat' dir='ltr'><strong>uam</strong></span> <span class='ocrx_word' id='word_1_282' title='bbox 926 2354 1038 2392; x_wconf 86' lang='lat' dir='ltr'><strong>moram</strong></span> <span class='ocrx_word' id='word_1_283' title='bbox 1050 2336 1114 2414; x_wconf 89' lang='lat' dir='ltr'><strong>quis</strong></span> <span class='ocrx_word' id='word_1_284' title='bbox 1124 2347 1221 2396; x_wconf 83' lang='lat' dir='ltr'><strong>traxe-</strong></span> 
     </span>
     <span class='ocr_line' id='line_1_29' title="bbox 60 2407 1223 2490; baseline -0.001 -15"><span class='ocrx_word' id='word_1_285' title='bbox 60 2417 116 2488; x_wconf 89' lang='lat' dir='ltr'><strong>rit,</strong></span> <span class='ocrx_word' id='word_1_286' title='bbox 148 2412 270 2471; x_wconf 90' lang='lat' dir='ltr'><strong>tandem</strong></span> <span class='ocrx_word' id='word_1_287' title='bbox 295 2413 332 2472; x_wconf 88' lang='lat' dir='ltr'><strong>ad</strong></span> <span class='ocrx_word' id='word_1_288' title='bbox 357 2413 488 2474; x_wconf 83' lang='lat' dir='ltr'><strong>officinm</strong></span> <span class='ocrx_word' id='word_1_289' title='bbox 515 2409 694 2473; x_wconf 81' lang='lat' dir='ltr'><strong>descendere</strong></span> <span class='ocrx_word' id='word_1_290' title='bbox 740 2421 770 2470; x_wconf 91' lang='lat' dir='ltr'><strong>et</strong></span> <span class='ocrx_word' id='word_1_291' title='bbox 789 2431 841 2469; x_wconf 88' lang='lat' dir='ltr'><strong>ver</strong></span> <span class='ocrx_word' id='word_1_292' title='bbox 863 2411 886 2470; x_wconf 89' lang='lat' dir='ltr'><strong>is</strong></span> <span class='ocrx_word' id='word_1_293' title='bbox 905 2407 1038 2488; x_wconf 86' lang='lat' dir='ltr'><strong>profiteri</strong></span> <span class='ocrx_word' id='word_1_294' title='bbox 1058 2413 1138 2490; x_wconf 92' lang='lat' dir='ltr'><strong>qnod</strong></span> <span class='ocrx_word' id='word_1_295' title='bbox 1158 2433 1223 2474; x_wconf 89' lang='lat' dir='ltr'><strong>non</strong></span> 
     </span>
     <span class='ocr_line' id='line_1_30' title="bbox 60 2448 1222 2571; baseline -0.002 -21"><span class='ocrx_word' id='word_1_296' title='bbox 60 2501 208 2571; x_wconf 87' lang='lat' dir='ltr'><strong>praestes:</strong></span> <span class='ocrx_word' id='word_1_297' title='bbox 230 2487 314 2550; x_wconf 87' lang='lat' dir='ltr'><strong>&#39;banc</strong></span> <span class='ocrx_word' id='word_1_298' title='bbox 349 2487 520 2571; x_wconf 86' lang='lat' dir='ltr'><strong>hypocrisin</strong></span> <span class='ocrx_word' id='word_1_299' title='bbox 548 2485 643 2546; x_wconf 88' lang='lat' dir='ltr'><strong>minus</strong></span> <span class='ocrx_word' id='word_1_300' title='bbox 667 2448 853 2552; x_wconf 90' lang='lat' dir='ltr'><strong>tolerabilem</strong></span> <span class='ocrx_word' id='word_1_301' title='bbox 883 2503 946 2546; x_wconf 85' lang='lat' dir='ltr'><strong>esse</strong></span> <span class='ocrx_word' id='word_1_302' title='bbox 976 2484 1065 2546; x_wconf 86' lang='lat' dir='ltr'><strong>docet</strong></span> <span class='ocrx_word' id='word_1_303' title='bbox 1087 2485 1222 2548; x_wconf 84' lang='lat' dir='ltr'><strong>Christus</strong></span> 
     </span>
     <span class='ocr_line' id='line_1_31' title="bbox 60 2563 900 2648; baseline -0.01 -20"><span class='ocrx_word' id='word_1_304' title='bbox 60 2587 149 2648; x_wconf 90' lang='lat' dir='ltr'><strong>quam</strong></span> <span class='ocrx_word' id='word_1_305' title='bbox 171 2563 325 2638; x_wconf 78' lang='lat' dir='ltr'><strong>ferociam,</strong></span> <span class='ocrx_word' id='word_1_306' title='bbox 345 2585 420 2646; x_wconf 88' lang='lat' dir='ltr'><strong>quae</strong></span> <span class='ocrx_word' id='word_1_307' title='bbox 439 2563 583 2643; x_wconf 89' lang='lat' dir='ltr'><strong>temporis</strong></span> <span class='ocrx_word' id='word_1_308' title='bbox 602 2583 736 2624; x_wconf 89' lang='lat' dir='ltr'><strong>successu</strong></span> <span class='ocrx_word' id='word_1_309' title='bbox 756 2563 900 2622; x_wconf 90' lang='lat' dir='ltr'><strong>dometur.</strong></span> 
     </span>
    </p>

    <p class='ocr_par' dir='ltr' id='par_1_6' title="bbox 60 2635 1328 2887">
     <span class='ocr_line' id='line_1_32' title="bbox 135 2635 1328 2716; baseline 0 -16"><span class='ocrx_word' id='word_1_310' title='bbox 135 2649 185 2708; x_wconf 81' lang='grc'><strong>32.</strong></span> <span class='ocrx_word' id='word_1_311' title='bbox 235 2640 326 2700; x_wconf 79' lang='lat' dir='ltr'><strong>Venit</strong></span> <span class='ocrx_word' id='word_1_312' title='bbox 349 2656 442 2702; x_wconf 68' lang='lat' dir='ltr'><strong>mutem</strong></span> <span class='ocrx_word' id='word_1_313' title='bbox 465 2639 600 2708; x_wconf 70' lang='lat' dir='ltr'><strong>Ionam.</strong></span> <span class='ocrx_word' id='word_1_314' title='bbox 645 2639 745 2716; x_wconf 89' lang='lat' dir='ltr'><strong>Quum</strong></span> <span class='ocrx_word' id='word_1_315' title='bbox 769 2640 896 2700; x_wconf 90' lang='lat' dir='ltr'><strong>Ioannes</strong></span> <span class='ocrx_word' id='word_1_316' title='bbox 925 2635 1020 2699; x_wconf 86' lang='lat' dir='ltr'><strong>fidelis</strong></span> <span class='ocrx_word' id='word_1_317' title='bbox 1048 2637 1137 2698; x_wconf 87' lang='lat' dir='ltr'><strong>suerit</strong></span> <span class='ocrx_word' id='word_1_318' title='bbox 1160 2639 1222 2702; x_wconf 87' lang='lat' dir='ltr'><strong>Dei</strong></span> <span class='ocrx_word' id='word_1_319' title='bbox 1325 2701 1328 2711; x_wconf 71' lang='grc'>,</span> 
     </span>
     <span class='ocr_line' id='line_1_33' title="bbox 61 2713 1222 2809; baseline -0.003 -29"><span class='ocrx_word' id='word_1_320' title='bbox 61 2721 209 2793; x_wconf 86' lang='lat' dir='ltr'><strong>minister,</strong></span> <span class='ocrx_word' id='word_1_321' title='bbox 229 2714 368 2809; x_wconf 85' lang='lat' dir='ltr'><strong>quicquid</strong></span> <span class='ocrx_word' id='word_1_322' title='bbox 389 2717 504 2791; x_wconf 83' lang='lat' dir='ltr'><strong>docuit,</strong></span> <span class='ocrx_word' id='word_1_323' title='bbox 525 2715 659 2778; x_wconf 86' lang='lat' dir='ltr'><strong>Christus</strong></span> <span class='ocrx_word' id='word_1_324' title='bbox 680 2716 710 2776; x_wconf 90' lang='lat' dir='ltr'><strong>in</strong></span> <span class='ocrx_word' id='word_1_325' title='bbox 730 2713 820 2796; x_wconf 89' lang='lat' dir='ltr'><strong>ipsius</strong></span> <span class='ocrx_word' id='word_1_326' title='bbox 839 2715 898 2776; x_wconf 89' lang='lat' dir='ltr'><strong>Dei</strong></span> <span class='ocrx_word' id='word_1_327' title='bbox 916 2735 1074 2796; x_wconf 87' lang='lat' dir='ltr'><strong>personam</strong></span> <span class='ocrx_word' id='word_1_328' title='bbox 1094 2717 1222 2776; x_wconf 86' lang='lat' dir='ltr'><strong>confert.</strong></span> 
     </span>
     <span class='ocr_line' id='line_1_34' title="bbox 60 2791 1223 2887; baseline -0.002 -33"><span class='ocrx_word' id='word_1_329' title='bbox 60 2795 188 2856; x_wconf 87' lang='lat' dir='ltr'><strong>Plenior</strong></span> <span class='ocrx_word' id='word_1_330' title='bbox 208 2795 311 2855; x_wconf 78' lang='lat' dir='ltr'><strong>fnisset</strong></span> <span class='ocrx_word' id='word_1_331' title='bbox 329 2795 475 2887; x_wconf 90' lang='lat' dir='ltr'><strong>loquutin,</strong></span> <span class='ocrx_word' id='word_1_332' title='bbox 495 2793 585 2854; x_wconf 83' lang='lat' dir='ltr'><strong>Venit</strong></span> <span class='ocrx_word' id='word_1_333' title='bbox 602 2793 695 2867; x_wconf 79' lang='lat' dir='ltr'><strong>D&#39;ens,</strong></span> <span class='ocrx_word' id='word_1_334' title='bbox 714 2791 840 2852; x_wconf 88' lang='lat' dir='ltr'><strong>institiae</strong></span> <span class='ocrx_word' id='word_1_335' title='bbox 858 2791 934 2854; x_wconf 80' lang='lat' dir='ltr'><strong>viam</strong></span> <span class='ocrx_word' id='word_1_336' title='bbox 948 2792 1075 2852; x_wconf 75' lang='lat' dir='ltr'><strong>loannis</strong></span> <span class='ocrx_word' id='word_1_337' title='bbox 1095 2812 1148 2853; x_wconf 89' lang='lat' dir='ltr'><strong>ore</strong></span> <span class='ocrx_word' id='word_1_338' title='bbox 1168 2793 1223 2853; x_wconf 90' lang='lat' dir='ltr'><strong>dc-</strong></span> 
     </span>
    </p>

    <p class='ocr_par' dir='ltr' id='par_1_7' title="bbox 30 2867 1297 4029">
     <span class='ocr_line' id='line_1_35' title="bbox 30 2867 1222 2952; baseline -0.002 -20"><span class='ocrx_word' id='word_1_339' title='bbox 30 2875 33 2888; x_wconf 88' lang='lat'>&#39;</span> <span class='ocrx_word' id='word_1_340' title='bbox 62 2885 246 2932; x_wconf 89' lang='lat' dir='ltr'><strong>monstrans:</strong></span> <span class='ocrx_word' id='word_1_341' title='bbox 267 2871 318 2932; x_wconf 87' lang='lat' dir='ltr'><strong>sed</strong></span> <span class='ocrx_word' id='word_1_342' title='bbox 331 2892 398 2952; x_wconf 87' lang='lat' dir='ltr'><strong>qma</strong></span> <span class='ocrx_word' id='word_1_343' title='bbox 412 2872 540 2932; x_wconf 88' lang='lat' dir='ltr'><strong>loannes</strong></span> <span class='ocrx_word' id='word_1_344' title='bbox 553 2870 612 2929; x_wconf 89' lang='lat' dir='ltr'><strong>Dei</strong></span> <span class='ocrx_word' id='word_1_345' title='bbox 623 2869 755 2942; x_wconf 87' lang='lat' dir='ltr'><strong>nomine,</strong></span> <span class='ocrx_word' id='word_1_346' title='bbox 765 2889 827 2927; x_wconf 91' lang='lat' dir='ltr'><strong>non</strong></span> <span class='ocrx_word' id='word_1_347' title='bbox 839 2877 979 2948; x_wconf 85' lang='lat' dir='ltr'><strong>tanquam</strong></span> <span class='ocrx_word' id='word_1_348' title='bbox 992 2867 1119 2948; x_wconf 79' lang='lat' dir='ltr'><strong>priuatus</strong></span> <span class='ocrx_word' id='word_1_349' title='bbox 1128 2869 1222 2930; x_wconf 90' lang='lat' dir='ltr'><strong>bomo</strong></span> 
     </span>
     <span class='ocr_line' id='line_1_36' title="bbox 62 2941 1223 3030; baseline -0.003 -22"><span class='ocrx_word' id='word_1_350' title='bbox 62 2949 204 3030; x_wconf 88' lang='lat' dir='ltr'><strong>loquutus</strong></span> <span class='ocrx_word' id='word_1_351' title='bbox 225 2959 303 3023; x_wconf 89' lang='lat' dir='ltr'><strong>erat,</strong></span> <span class='ocrx_word' id='word_1_352' title='bbox 339 2947 447 3008; x_wconf 89' lang='lat' dir='ltr'><strong>merito</strong></span> <span class='ocrx_word' id='word_1_353' title='bbox 473 2945 504 3018; x_wconf 87' lang='lat' dir='ltr'><strong>in</strong></span> <span class='ocrx_word' id='word_1_354' title='bbox 524 2945 583 3006; x_wconf 86' lang='lat' dir='ltr'><strong>Dei</strong></span> <span class='ocrx_word' id='word_1_355' title='bbox 608 2946 706 3006; x_wconf 90' lang='lat' dir='ltr'><strong>locum</strong></span> <span class='ocrx_word' id='word_1_356' title='bbox 725 2944 919 3005; x_wconf 87' lang='lat' dir='ltr'><strong>substituitur.</strong></span> <span class='ocrx_word' id='word_1_357' title='bbox 961 2944 1053 3025; x_wconf 58' lang='lat' dir='ltr'><strong>Qqni</strong></span> <span class='ocrx_word' id='word_1_358' title='bbox 1073 2941 1120 3005; x_wconf 91' lang='lat' dir='ltr'><strong>bie</strong></span> <span class='ocrx_word' id='word_1_359' title='bbox 1139 2945 1223 3006; x_wconf 86' lang='lat' dir='ltr'><strong>locus</strong></span> 
     </span>
     <span class='ocr_line' id='line_1_37' title="bbox 62 3021 1224 3116; baseline -0.002 -32"><span class='ocrx_word' id='word_1_360' title='bbox 62 3027 157 3100; x_wconf 79' lang='lat' dir='ltr'><strong>Verbi</strong></span> <span class='ocrx_word' id='word_1_361' title='bbox 177 3023 395 3116; x_wconf 87' lang='lat' dir='ltr'><strong>praedicationi</strong></span> <span class='ocrx_word' id='word_1_362' title='bbox 414 3031 477 3084; x_wconf 83' lang='lat' dir='ltr'><strong>non</strong></span> <span class='ocrx_word' id='word_1_363' title='bbox 497 3045 616 3105; x_wconf 85' lang='lat' dir='ltr'><strong>parcam</strong></span> <span class='ocrx_word' id='word_1_364' title='bbox 636 3021 848 3082; x_wconf 85' lang='lat' dir='ltr'><strong>auctoritatem&#39;</strong></span> <span class='ocrx_word' id='word_1_365' title='bbox 859 3021 1012 3096; x_wconf 88' lang='lat' dir='ltr'><strong>conciliat,</strong></span> <span class='ocrx_word' id='word_1_366' title='bbox 1043 3021 1111 3081; x_wconf 90' lang='lat' dir='ltr'><strong>dum</strong></span> <span class='ocrx_word' id='word_1_367' title='bbox 1134 3039 1224 3103; x_wconf 89' lang='lat' dir='ltr'><strong>prae-</strong></span> 
     </span>
     <span class='ocr_line' id='line_1_38' title="bbox 61 3097 1223 3178; baseline -0.002 -16"><span class='ocrx_word' id='word_1_368' title='bbox 61 3103 148 3164; x_wconf 85' lang='lat' dir='ltr'><strong>fracti</strong></span> <span class='ocrx_word' id='word_1_369' title='bbox 175 3124 208 3163; x_wconf 88' lang='lat' dir='ltr'><strong>m</strong></span> <span class='ocrx_word' id='word_1_370' title='bbox 229 3121 295 3166; x_wconf 87' lang='lat' dir='ltr'><strong>enm</strong></span> <span class='ocrx_word' id='word_1_371' title='bbox 316 3111 348 3162; x_wconf 92' lang='lat' dir='ltr'><strong>et</strong></span> <span class='ocrx_word' id='word_1_372' title='bbox 365 3099 491 3162; x_wconf 87' lang='lat' dir='ltr'><strong>rebelles</strong></span> <span class='ocrx_word' id='word_1_373' title='bbox 517 3119 579 3162; x_wconf 86' lang='lat' dir='ltr'><strong>esse</strong></span> <span class='ocrx_word' id='word_1_374' title='bbox 599 3099 753 3172; x_wconf 88' lang='lat' dir='ltr'><strong>dicuntur,</strong></span> <span class='ocrx_word' id='word_1_375' title='bbox 779 3099 946 3178; x_wconf 89' lang='lat' dir='ltr'><strong>quicunqne</strong></span> <span class='ocrx_word' id='word_1_376' title='bbox 994 3097 1033 3158; x_wconf 90' lang='lat' dir='ltr'><strong>ias</strong></span> <span class='ocrx_word' id='word_1_377' title='bbox 1059 3109 1091 3159; x_wconf 89' lang='lat' dir='ltr'><strong>ct</strong></span> <span class='ocrx_word' id='word_1_378' title='bbox 1108 3109 1223 3160; x_wconf 81' lang='lat' dir='ltr'><strong>sanctas</strong></span> 
     </span>
     <span class='ocr_line' id='line_1_39' title="bbox 64 3175 1225 3255; baseline -0.002 -16"><span class='ocrx_word' id='word_1_379' title='bbox 64 3178 197 3241; x_wconf 90' lang='lat' dir='ltr'><strong>doctoris</strong></span> <span class='ocrx_word' id='word_1_380' title='bbox 227 3177 263 3238; x_wconf 89' lang='lat' dir='ltr'><strong>ab</strong></span> <span class='ocrx_word' id='word_1_381' title='bbox 292 3199 328 3238; x_wconf 92' lang='lat' dir='ltr'><strong>co</strong></span> <span class='ocrx_word' id='word_1_382' title='bbox 348 3177 427 3240; x_wconf 88' lang='lat' dir='ltr'><strong>missi</strong></span> <span class='ocrx_word' id='word_1_383' title='bbox 447 3175 662 3240; x_wconf 83' lang='lat' dir='ltr'><strong>admonitiones</strong></span> <span class='ocrx_word' id='word_1_384' title='bbox 687 3175 925 3255; x_wconf 88' lang='lat' dir='ltr'><strong>contempserint.</strong></span> <span class='ocrx_word' id='word_1_385' title='bbox 982 3178 1095 3236; x_wconf 62' lang='lat' dir='ltr'><strong>mauce</strong></span> <span class='ocrx_word' id='word_1_386' title='bbox 1112 3197 1225 3237; x_wconf 88' lang='lat' dir='ltr'><strong>nomen</strong></span> 
     </span>
     <span class='ocr_line' id='line_1_40' title="bbox 62 3251 1225 3336; baseline -0.005 -21"><span class='ocrx_word' id='word_1_387' title='bbox 62 3256 181 3336; x_wconf 89' lang='lat' dir='ltr'><strong>qnidam</strong></span> <span class='ocrx_word' id='word_1_388' title='bbox 214 3253 348 3315; x_wconf 88' lang='lat' dir='ltr'><strong>subtilius</strong></span> <span class='ocrx_word' id='word_1_389' title='bbox 373 3267 539 3334; x_wconf 87' lang='lat' dir='ltr'><strong>exponunt,</strong></span> <span class='ocrx_word' id='word_1_390' title='bbox 578 3251 683 3333; x_wconf 89' lang='lat' dir='ltr'><strong>quibus</strong></span> <span class='ocrx_word' id='word_1_391' title='bbox 718 3271 775 3331; x_wconf 79' lang='lat' dir='ltr'><strong>ego</strong></span> <span class='ocrx_word' id='word_1_392' title='bbox 801 3272 855 3311; x_wconf 89' lang='lat' dir='ltr'><strong>sno</strong></span> <span class='ocrx_word' id='word_1_393' title='bbox 879 3271 965 3312; x_wconf 86' lang='lat' dir='ltr'><strong>sensu</strong></span> <span class='ocrx_word' id='word_1_394' title='bbox 991 3251 1049 3312; x_wconf 84' lang='lat' dir='ltr'><strong>frui</strong></span> <span class='ocrx_word' id='word_1_395' title='bbox 1073 3252 1225 3332; x_wconf 87' lang='lat' dir='ltr'><strong>permitto.</strong></span> 
     </span>
     <span class='ocr_line' id='line_1_41' title="bbox 61 3327 1225 3408; baseline -0.003 -17"><span class='ocrx_word' id='word_1_396' title='bbox 61 3333 137 3394; x_wconf 86' lang='lat' dir='ltr'><strong>Mibi</strong></span> <span class='ocrx_word' id='word_1_397' title='bbox 155 3345 260 3394; x_wconf 88' lang='lat' dir='ltr'><strong>tamen</strong></span> <span class='ocrx_word' id='word_1_398' title='bbox 279 3331 353 3390; x_wconf 91' lang='lat' dir='ltr'><strong>nibil</strong></span> <span class='ocrx_word' id='word_1_399' title='bbox 372 3330 451 3392; x_wconf 89' lang='lat' dir='ltr'><strong>alind</strong></span> <span class='ocrx_word' id='word_1_400' title='bbox 470 3341 566 3404; x_wconf 88' lang='lat' dir='ltr'><strong>sonat,</strong></span> <span class='ocrx_word' id='word_1_401' title='bbox 607 3348 672 3388; x_wconf 88' lang='lat' dir='ltr'><strong>uam</strong></span> <span class='ocrx_word' id='word_1_402' title='bbox 685 3327 806 3388; x_wconf 89' lang='lat' dir='ltr'><strong>Ioannis</strong></span> <span class='ocrx_word' id='word_1_403' title='bbox 824 3327 988 3389; x_wconf 90' lang='lat' dir='ltr'><strong>doctrinam</strong></span> <span class='ocrx_word' id='word_1_404' title='bbox 1001 3349 1105 3408; x_wconf 87' lang='lat' dir='ltr'><strong>puram</strong></span> <span class='ocrx_word' id='word_1_405' title='bbox 1125 3339 1156 3388; x_wconf 91' lang='lat' dir='ltr'><strong>et</strong></span> <span class='ocrx_word' id='word_1_406' title='bbox 1174 3347 1225 3388; x_wconf 86' lang='lat' dir='ltr'><strong>re-</strong></span> 
     </span>
     <span class='ocr_line' id='line_1_42' title="bbox 63 3349 1225 3481; baseline -0.005 -13"><span class='ocrx_word' id='word_1_407' title='bbox 63 3421 138 3470; x_wconf 90' lang='lat' dir='ltr'><strong>ctam</strong></span> <span class='ocrx_word' id='word_1_408' title='bbox 158 3407 268 3470; x_wconf 82' lang='lat' dir='ltr'><strong>fnissc:</strong></span> <span class='ocrx_word' id='word_1_409' title='bbox 298 3407 356 3468; x_wconf 86' lang='lat' dir='ltr'><strong>acsi</strong></span> <span class='ocrx_word' id='word_1_410' title='bbox 375 3407 508 3481; x_wconf 82' lang='lat' dir='ltr'><strong>dixisset,</strong></span> <span class='ocrx_word' id='word_1_411' title='bbox 538 3349 612 3464; x_wconf 71' lang='lat' dir='ltr'><strong>nihl</strong></span> <span class='ocrx_word' id='word_1_412' title='bbox 630 3404 719 3465; x_wconf 85' lang='lat' dir='ltr'><strong>fuisse</strong></span> <span class='ocrx_word' id='word_1_413' title='bbox 745 3421 864 3480; x_wconf 85' lang='lat' dir='ltr'><strong>causac,</strong></span> <span class='ocrx_word' id='word_1_414' title='bbox 893 3425 946 3466; x_wconf 88' lang='lat' dir='ltr'><strong>cur</strong></span> <span class='ocrx_word' id='word_1_415' title='bbox 971 3423 1036 3466; x_wconf 85' lang='lat' dir='ltr'><strong>eum</strong></span> <span class='ocrx_word' id='word_1_416' title='bbox 1056 3405 1225 3466; x_wconf 87' lang='lat' dir='ltr'><strong>reiicerent.</strong></span> 
     </span>
     <span class='ocr_line' id='line_1_43' title="bbox 63 3478 1225 3566; baseline -0.006 -22"><span class='ocrx_word' id='word_1_417' title='bbox 63 3485 160 3546; x_wconf 89' lang='lat' dir='ltr'><strong>Porro</strong></span> <span class='ocrx_word' id='word_1_418' title='bbox 182 3506 274 3566; x_wconf 88' lang='lat' dir='ltr'><strong>quum</strong></span> <span class='ocrx_word' id='word_1_419' title='bbox 294 3482 468 3564; x_wconf 90' lang='lat' dir='ltr'><strong>publicanos</strong></span> <span class='ocrx_word' id='word_1_420' title='bbox 486 3481 641 3544; x_wconf 88' lang='lat' dir='ltr'><strong>credidisse</strong></span> <span class='ocrx_word' id='word_1_421' title='bbox 653 3481 733 3555; x_wconf 85' lang='lat' dir='ltr'><strong>dicit,</strong></span> <span class='ocrx_word' id='word_1_422' title='bbox 752 3500 815 3540; x_wconf 93' lang='lat' dir='ltr'><strong>non</strong></span> <span class='ocrx_word' id='word_1_423' title='bbox 834 3492 947 3545; x_wconf 89' lang='lat' dir='ltr'><strong>tantum</strong></span> <span class='ocrx_word' id='word_1_424' title='bbox 966 3479 1111 3561; x_wconf 79' lang='lat' dir='ltr'><strong>significat</strong></span> <span class='ocrx_word' id='word_1_425' title='bbox 1129 3478 1225 3540; x_wconf 81' lang='lat' dir='ltr'><strong>verbo</strong></span> 
     </span>
     <span class='ocr_line' id='line_1_44' title="bbox 63 3555 1225 3638; baseline -0.007 -18"><span class='ocrx_word' id='word_1_426' title='bbox 63 3564 212 3638; x_wconf 88' lang='lat' dir='ltr'><strong>annuisse,</strong></span> <span class='ocrx_word' id='word_1_427' title='bbox 233 3563 285 3622; x_wconf 87' lang='lat' dir='ltr'><strong>sed</strong></span> <span class='ocrx_word' id='word_1_428' title='bbox 305 3561 383 3620; x_wconf 89' lang='lat' dir='ltr'><strong>serio</strong></span> <span class='ocrx_word' id='word_1_429' title='bbox 404 3559 514 3619; x_wconf 85' lang='lat' dir='ltr'><strong>affectu</strong></span> <span class='ocrx_word' id='word_1_430' title='bbox 534 3557 681 3638; x_wconf 79' lang='lat' dir='ltr'><strong>amplexos</strong></span> <span class='ocrx_word' id='word_1_431' title='bbox 701 3577 762 3617; x_wconf 90' lang='lat' dir='ltr'><strong>esse</strong></span> <span class='ocrx_word' id='word_1_432' title='bbox 783 3557 864 3635; x_wconf 90' lang='lat' dir='ltr'><strong>quod</strong></span> <span class='ocrx_word' id='word_1_433' title='bbox 877 3555 1147 3618; x_wconf 78' lang='lat' dir='ltr'><strong>audierant·Unde</strong></span> <span class='ocrx_word' id='word_1_434' title='bbox 1160 3555 1225 3614; x_wconf 91' lang='lat' dir='ltr'><strong>col-</strong></span> 
     </span>
     <span class='ocr_line' id='line_1_45' title="bbox 63 3629 1228 3720; baseline -0.009 -24"><span class='ocrx_word' id='word_1_435' title='bbox 63 3639 199 3720; x_wconf 81' lang='lat' dir='ltr'><strong>ligimus,</strong></span> <span class='ocrx_word' id='word_1_436' title='bbox 225 3636 314 3698; x_wconf 84' lang='lat' dir='ltr'><strong>fidem</strong></span> <span class='ocrx_word' id='word_1_437' title='bbox 333 3655 396 3696; x_wconf 91' lang='lat' dir='ltr'><strong>non</strong></span> <span class='ocrx_word' id='word_1_438' title='bbox 416 3635 510 3698; x_wconf 87' lang='lat' dir='ltr'><strong>solum</strong></span> <span class='ocrx_word' id='word_1_439' title='bbox 530 3633 561 3694; x_wconf 90' lang='lat' dir='ltr'><strong>in</strong></span> <span class='ocrx_word' id='word_1_440' title='bbox 582 3653 620 3694; x_wconf 91' lang='lat' dir='ltr'><strong>eo</strong></span> <span class='ocrx_word' id='word_1_441' title='bbox 641 3653 702 3694; x_wconf 90' lang='lat' dir='ltr'><strong>esse</strong></span> <span class='ocrx_word' id='word_1_442' title='bbox 722 3631 857 3714; x_wconf 88' lang='lat' dir='ltr'><strong>positam,</strong></span> <span class='ocrx_word' id='word_1_443' title='bbox 880 3633 905 3693; x_wconf 87' lang='lat' dir='ltr'><strong>si</strong></span> <span class='ocrx_word' id='word_1_444' title='bbox 924 3633 988 3712; x_wconf 88' lang='lat' dir='ltr'><strong>quis</strong></span> <span class='ocrx_word' id='word_1_445' title='bbox 1006 3651 1094 3692; x_wconf 75' lang='lat' dir='ltr'><strong>verae</strong></span> <span class='ocrx_word' id='word_1_446' title='bbox 1114 3629 1228 3690; x_wconf 89' lang='lat' dir='ltr'><strong>doctri-</strong></span> 
     </span>
     <span class='ocr_line' id='line_1_46' title="bbox 62 3704 1297 3792; baseline -0.011 -18"><span class='ocrx_word' id='word_1_447' title='bbox 62 3737 118 3776; x_wconf 86' lang='lat' dir='ltr'><strong>nae</strong></span> <span class='ocrx_word' id='word_1_448' title='bbox 137 3713 318 3789; x_wconf 89' lang='lat' dir='ltr'><strong>subscribat,</strong></span> <span class='ocrx_word' id='word_1_449' title='bbox 336 3713 388 3774; x_wconf 88' lang='lat' dir='ltr'><strong>sed</strong></span> <span class='ocrx_word' id='word_1_450' title='bbox 407 3711 499 3772; x_wconf 87' lang='lat' dir='ltr'><strong>mains</strong></span> <span class='ocrx_word' id='word_1_451' title='bbox 517 3711 628 3792; x_wconf 89' lang='lat' dir='ltr'><strong>aliquid</strong></span> <span class='ocrx_word' id='word_1_452' title='bbox 648 3722 679 3772; x_wconf 90' lang='lat' dir='ltr'><strong>et</strong></span> <span class='ocrx_word' id='word_1_453' title='bbox 697 3709 781 3769; x_wconf 85' lang='lat' dir='ltr'><strong>altius</strong></span> <span class='ocrx_word' id='word_1_454' title='bbox 800 3709 1071 3789; x_wconf 85' lang='lat' dir='ltr'><strong>comprehendere,</strong></span> <span class='ocrx_word' id='word_1_455' title='bbox 1089 3717 1123 3766; x_wconf 91' lang='lat' dir='ltr'><strong>nt</strong></span> <span class='ocrx_word' id='word_1_456' title='bbox 1142 3704 1226 3764; x_wconf 86' lang='lat' dir='ltr'><strong>andi·</strong></span> <span class='ocrx_word' id='word_1_457' title='bbox 1290 3776 1297 3790; x_wconf 69' lang='lat'><strong>.</strong></span> 
     </span>
     <span class='ocr_line' id='line_1_47' title="bbox 63 3781 1229 3871; baseline -0.006 -22"><span class='ocrx_word' id='word_1_458' title='bbox 63 3790 143 3854; x_wconf 92' lang='lat' dir='ltr'><strong>ditor</strong></span> <span class='ocrx_word' id='word_1_459' title='bbox 162 3791 222 3854; x_wconf 91' lang='lat' dir='ltr'><strong>sibi</strong></span> <span class='ocrx_word' id='word_1_460' title='bbox 242 3789 298 3871; x_wconf 88' lang='lat' dir='ltr'><strong>ipsi</strong></span> <span class='ocrx_word' id='word_1_461' title='bbox 317 3790 489 3851; x_wconf 87' lang='lat' dir='ltr'><strong>renuntians</strong></span> <span class='ocrx_word' id='word_1_462' title='bbox 512 3788 602 3848; x_wconf 82' lang='lat' dir='ltr'><strong>vitam</strong></span> <span class='ocrx_word' id='word_1_463' title='bbox 626 3807 707 3846; x_wconf 89' lang='lat' dir='ltr'><strong>snam</strong></span> <span class='ocrx_word' id='word_1_464' title='bbox 725 3786 794 3846; x_wconf 90' lang='lat' dir='ltr'><strong>Deo</strong></span> <span class='ocrx_word' id='word_1_465' title='bbox 820 3787 936 3867; x_wconf 88' lang='lat' dir='ltr'><strong>penitus</strong></span> <span class='ocrx_word' id='word_1_466' title='bbox 962 3785 1086 3845; x_wconf 84' lang='lat' dir='ltr'><strong>addicat.</strong></span> <span class='ocrx_word' id='word_1_467' title='bbox 1125 3781 1229 3856; x_wconf 85' lang='lat' dir='ltr'><strong>Quum</strong></span> 
     </span>
     <span class='ocr_line' id='line_1_48' title="bbox 63 3860 1293 3947; baseline -0.011 -19"><span class='ocrx_word' id='word_1_468' title='bbox 63 3867 151 3945; x_wconf 90' lang='lat' dir='ltr'><strong>dicit,</strong></span> <span class='ocrx_word' id='word_1_469' title='bbox 177 3889 217 3929; x_wconf 90' lang='lat' dir='ltr'><strong>ne</strong></span> <span class='ocrx_word' id='word_1_470' title='bbox 237 3866 290 3926; x_wconf 86' lang='lat' dir='ltr'><strong>tali</strong></span> <span class='ocrx_word' id='word_1_471' title='bbox 330 3867 427 3928; x_wconf 92' lang='lat' dir='ltr'><strong>uidem</strong></span> <span class='ocrx_word' id='word_1_472' title='bbox 449 3885 529 3926; x_wconf 86' lang='lat' dir='ltr'><strong>exem</strong></span> <span class='ocrx_word' id='word_1_473' title='bbox 552 3864 582 3923; x_wconf 92' lang='lat' dir='ltr'><strong>lo</strong></span> <span class='ocrx_word' id='word_1_474' title='bbox 608 3862 696 3923; x_wconf 90' lang='lat' dir='ltr'><strong>fnisse</strong></span> <span class='ocrx_word' id='word_1_475' title='bbox 721 3875 901 3936; x_wconf 90' lang='lat' dir='ltr'><strong>commotos,</strong></span> <span class='ocrx_word' id='word_1_476' title='bbox 926 3860 1102 3922; x_wconf 88' lang='lat' dir='ltr'><strong>obstinatam</strong></span> <span class='ocrx_word' id='word_1_477' title='bbox 1124 3877 1228 3947; x_wconf 67' lang='lat' dir='ltr'><strong>eornm</strong></span> <span class='ocrx_word' id='word_1_478' title='bbox 1281 3867 1293 3884; x_wconf 64' lang='grc'><em>“</em></span> 
     </span>
     <span class='ocr_line' id='line_1_49' title="bbox 62 3887 1229 4029; baseline -0.01 -26"><span class='ocrx_word' id='word_1_479' title='bbox 62 3947 206 4006; x_wconf 85' lang='lat' dir='ltr'><strong>malitiam</strong></span> <span class='ocrx_word' id='word_1_480' title='bbox 225 3889 400 4024; x_wconf 81' lang='lat' dir='ltr'><strong>amplibcat:</strong></span> <span class='ocrx_word' id='word_1_481' title='bbox 438 3961 506 4002; x_wconf 91' lang='lat' dir='ltr'><strong>nam</strong></span> <span class='ocrx_word' id='word_1_482' title='bbox 532 3887 590 4001; x_wconf 77' lang='lat' dir='ltr'><strong>boc</strong></span> <span class='ocrx_word' id='word_1_483' title='bbox 615 3950 759 4000; x_wconf 77' lang='lat' dir='ltr'><strong>extremae</strong></span> <span class='ocrx_word' id='word_1_484' title='bbox 780 3935 997 4029; x_wconf 37' lang='lat' dir='ltr'><strong>&#39;desperationis</strong></span> <span class='ocrx_word' id='word_1_485' title='bbox 1021 3933 1137 4018; x_wconf 78' lang='lat' dir='ltr'><strong>signnm</strong></span> <span class='ocrx_word' id='word_1_486' title='bbox 1161 3933 1229 4010; x_wconf 86' lang='lat' dir='ltr'><strong>furt,</strong></span> 
     </span>
    </p>
   </div>
   <div class='ocr_carea' id='block_1_3' title="bbox 62 4017 797 4102">
    <p class='ocr_par' dir='ltr' id='par_1_8' title="bbox 62 4017 797 4102">
     <span class='ocr_line' id='line_1_50' title="bbox 62 4017 797 4102; baseline -0.008 -22"><span class='ocrx_word' id='word_1_487' title='bbox 62 4022 167 4084; x_wconf 82' lang='lat' dir='ltr'><strong>saltem</strong></span> <span class='ocrx_word' id='word_1_488' title='bbox 188 4023 360 4084; x_wconf 88' lang='lat' dir='ltr'><strong>meretrices</strong></span> <span class='ocrx_word' id='word_1_489' title='bbox 380 4031 411 4083; x_wconf 92' lang='lat' dir='ltr'><strong>et</strong></span> <span class='ocrx_word' id='word_1_490' title='bbox 429 4017 603 4102; x_wconf 83' lang='lat' dir='ltr'><strong>publicanos</strong></span> <span class='ocrx_word' id='word_1_491' title='bbox 623 4036 685 4079; x_wconf 92' lang='lat' dir='ltr'><strong>non</strong></span> <span class='ocrx_word' id='word_1_492' title='bbox 704 4037 797 4095; x_wconf 77' lang='lat' dir='ltr'><strong>sequi.</strong></span> 
     </span>
    </p>
   </div>
   <div class='ocr_carea' id='block_1_4' title="bbox 148 4187 1232 4317">
    <p class='ocr_par' dir='ltr' id='par_1_9' title="bbox 148 4187 1232 4317">
     <span class='ocr_line' id='line_1_51' title="bbox 148 4187 1232 4317; baseline -0.014 -14"><span class='ocrx_word' id='word_1_493' title='bbox 148 4187 273 4317; x_wconf 55' lang='lat' dir='ltr'><strong>(tter</strong></span> <span class='ocrx_word' id='word_1_494' title='bbox 304 4235 475 4302; x_wconf 78' lang='lat' dir='ltr'><strong>MATTH.</strong></span> <span class='ocrx_word' id='word_1_495' title='bbox 501 4233 584 4298; x_wconf 80' lang='lat' dir='ltr'><strong>xxt.</strong></span> <span class='ocrx_word' id='word_1_496' title='bbox 645 4231 708 4298; x_wconf 61' lang='lat'><strong>³3».</strong></span> <span class='ocrx_word' id='word_1_497' title='bbox 737 4229 842 4296; x_wconf 81' lang='lat' dir='ltr'><strong>Aliam</strong></span> <span class='ocrx_word' id='word_1_498' title='bbox 879 4226 1067 4316; x_wconf 90' lang='lat' dir='ltr'><strong>parabolam</strong></span> <span class='ocrx_word' id='word_1_499' title='bbox 1106 4224 1232 4292; x_wconf 84' lang='lat' dir='ltr'><strong>audite:</strong></span> 
     </span>
    </p>
   </div>
   <div class='ocr_carea' id='block_1_5' title="bbox 62 4332 1232 4493">
    <p class='ocr_par' dir='ltr' id='par_1_10' title="bbox 62 4332 1232 4493">
     <span class='ocr_line' id='line_1_52' title="bbox 62 4332 1232 4426; baseline -0.013 -20"><span class='ocrx_word' id='word_1_500' title='bbox 62 4339 176 4406; x_wconf 85' lang='lat' dir='ltr'><strong>Homo</strong></span> <span class='ocrx_word' id='word_1_501' title='bbox 199 4335 332 4425; x_wconf 86' lang='lat' dir='ltr'><strong>quidam</strong></span> <span class='ocrx_word' id='word_1_502' title='bbox 353 4349 423 4404; x_wconf 88' lang='lat' dir='ltr'><strong>erat</strong></span> <span class='ocrx_word' id='word_1_503' title='bbox 443 4333 687 4426; x_wconf 82' lang='lat' dir='ltr'><strong>paterfamilias,</strong></span> <span class='ocrx_word' id='word_1_504' title='bbox 707 4335 764 4422; x_wconf 89' lang='lat' dir='ltr'><strong>qui</strong></span> <span class='ocrx_word' id='word_1_505' title='bbox 784 4332 941 4421; x_wconf 84' lang='lat' dir='ltr'><strong>plantavit</strong></span> <span class='ocrx_word' id='word_1_506' title='bbox 959 4334 1102 4409; x_wconf 76' lang='lat' dir='ltr'><strong>tineam,</strong></span> <span class='ocrx_word' id='word_1_507' title='bbox 1129 4338 1161 4395; x_wconf 88' lang='lat' dir='ltr'><strong>et</strong></span> <span class='ocrx_word' id='word_1_508' title='bbox 1181 4349 1232 4392; x_wconf 87' lang='lat' dir='ltr'><strong>se-</strong></span> 
     </span>
     <span class='ocr_line' id='line_1_53' title="bbox 87 4417 1033 4493; baseline -0.011 -5"><span class='ocrx_word' id='word_1_509' title='bbox 87 4443 185 4490; x_wconf 74' lang='lat' dir='ltr'><strong>onvns</strong></span> <span class='ocrx_word' id='word_1_510' title='bbox 198 4455 285 4493; x_wconf 72' lang='lat' dir='ltr'><strong>eom.</strong></span> <span class='ocrx_word' id='word_1_511' title='bbox 299 4443 417 4490; x_wconf 67' lang='lat' dir='ltr'><strong>sanun.</strong></span> <span class='ocrx_word' id='word_1_512' title='bbox 432 4443 477 4492; x_wconf 78' lang='lat' dir='ltr'><strong>m.</strong></span> <span class='ocrx_word' id='word_1_513' title='bbox 491 4441 544 4492; x_wconf 75' lang='lat' dir='ltr'><strong>rot.</strong></span> <span class='ocrx_word' id='word_1_514' title='bbox 558 4441 592 4490; x_wconf 88' lang='lat' dir='ltr'><strong>n.</strong></span> <span class='ocrx_word' id='word_1_515' title='bbox 671 4449 674 4454; x_wconf 20' lang='grc' dir='ltr'><strong>Δ</strong></span> <span class='ocrx_word' id='word_1_516' title='bbox 992 4417 1033 4479; x_wconf 73' lang='lat' dir='ltr'><strong>td</strong></span> 
     </span>
    </p>
   </div>
   <div class='ocr_carea' id='block_1_6' title="bbox 0 0 1382 4838">
    <p class='ocr_par' dir='ltr' id='par_1_11' title="bbox 0 0 1382 4838">
     <span class='ocr_line' id='line_1_54' title="bbox 0 0 1382 4838; baseline 0 0"><span class='ocrx_word' id='word_1_517' title='bbox 0 0 1382 4838; x_wconf 95' lang='lat' dir='ltr'><strong> </strong></span> 
     </span>
    </p>
   </div>
  </div>
 </body>
</html>
