2790 4838
191 230 250 296 soa
303 296 308 323 Κ
645 221 797 286 suerro
819 222 872 284 vr.

193 347 338 462 generalis
358 386 403 437 est
421 375 472 441 ohi

192 454 261 596 quia
285 467 318 513 ut
341 453 498 590 plurimam

474 373 1224 457 matio,qmttmumuoraeutm,noetm,uc.
1266 375 1343 438 Sed

508 397 591 528 ‚haec
610 453 778 533 corruptela
797 473 814 514 a
834 451 907 512 fictis
928 449 1101 512 doctoribus
1121 451 1265 533 emergit,
1304 465 1345 516 et

206 530 305 590 acilius
330 553 346 591 a
391 529 447 590 illis
472 531 502 590 in
527 543 622 595 totum
649 551 755 608 corpus
781 540 935 619 penetrat,
962 529 1032 588 idco
1052 525 1226 587 nominatim
1247 532 1342 608 apud

191 607 372 668 Matthacum
397 608 428 666 in
455 628 508 666 eos
533 606 665 670 Christus
690 605 859 668 invehatur.v
893 603 1005 666 Facere
1029 603 1199 664 uoluntatem
1226 611 1343 668 Panes

191 704 254 746 nou
279 695 393 744 tantum
417 683 562 766 significat
586 681 792 773 philosophice
812 681 900 744 vitam
922 693 952 742 ct
971 701 1068 740 mores
1087 702 1155 742 suos
1175 682 1212 740 ad
1231 683 1339 742 virtu-

189 772 253 820 tum
272 759 403 894 relgrdam
424 761 568 834 formare,
599 761 651 820 sed
671 771 760 819 ettam
780 759 900 818 credere
920 759 950 816 in
973 756 1138 832 Christum,
1166 758 1254 818 sicuti
1276 759 1339 818 ba-

189 835 278 896 betur
313 857 341 896 o.
361 841 395 910 6,
418 843 466 901 40·
504 837 573 901 Non
595 855 667 918 ergo
689 835 732 896 bis
752 833 849 894 verbis
869 833 1031 898 excluditur
1051 833 1139 910 fides,
1172 836 1224 895 scd
1244 836 1338 915 quasi

188 912 364 992 principium
382 911 528 988 statuitur,
546 913 625 972 unde
646 911 758 990 reliqua
776 909 880 970 fluunt

264 995 312 1052 ut.
350 989 444 1050 Mutet
466 985 561 1052 dicem
582 987 725 1049 scidisse.
763 987 875 1046 Iterum
900 985 972 1048 citat
995 986 1129 1049 Christus
1154 985 1336 1066 hypocritas

160 1076 165 1095 ‘
188 1063 226 1124 ad
244 1085 328 1124 suum
347 1065 488 1141 tribunal,
507 1067 751 1145 quemadmodum
772 1083 867 1154 nuper
886 1084 921 1124 ex
932 1061 1011 1124 Luca
1031 1057 1190 1132 retulimus.
1223 1063 1334 1138 Quam

188 1137 239 1200 diu
263 1141 341 1200 enirn
367 1142 465 1203 locum
490 1153 637 1222 occupant
661 1142 692 1202 in
711 1139 861 1214 Ecclesia,
889 1151 951 1200 tum
970 1139 1026 1199 sihi
1046 1139 1103 1219 ipsi
1122 1139 1335 1215 blandiuntur,
1382 1205 1384 1208 ,

186 1227 249 1276 tum
279 1217 354 1279 alios
383 1225 503 1298 quoque
528 1217 689 1298 decipiunt.
746 1217 836 1278 Diem
861 1236 934 1299 crgo
957 1228 1113 1276 venturum
1139 1217 1333 1306 pronuntiat,

187 1313 247 1371 quo
276 1306 420 1377 purgetur
448 1315 532 1370 area,
571 1293 636 1374 quis
659 1293 744 1354 uiliae
774 1313 807 1354 ac
837 1292 941 1371 paleae
970 1314 986 1352 a
1013 1313 1089 1372 puro
1114 1291 1213 1352 tntico
1235 1312 1331 1372 sepa-

186 1381 299 1429 rentur.
347 1367 528 1446 Prophatnrs
551 1374 583 1432 in
610 1372 636 1432 G
673 1374 717 1430 'stt‘
733 1373 848 1432 nentur
866 1381 910 1430 est
929 1367 992 1430 eius
1010 1369 1185 1429 auctoritate
1205 1381 1234 1428 et
1256 1379 1331 1428 tan-

153 1469 156 1476 ·
207 1465 274 1506 uam
297 1445 307 1505 i
329 1467 362 1508 so
388 1447 461 1509 duce
482 1447 565 1530 fungi
585 1447 713 1510 docendi
731 1447 841 1510 officio.
881 1445 1043 1526 Prophetis
1063 1445 1157 1520 euim,
1186 1465 1254 1506 meo
1276 1445 1330 1506 iu-

186 1465 281 1598 dicio,
308 1467 395 1606 large
421 1523 469 1584 hic
493 1523 636 1600 sumitur,
667 1523 752 1584 sicuti
779 1531 826 1590 tt.
851 1543 914 1601 cap.
941 1521 1048 1601 prioris
1073 1522 1111 1584 ad
1136 1521 1329 1584 Corinthios.

185 1596 310 1660 Poterat
342 1600 461 1690 quidem
484 1600 656 1680 simpliciter
678 1599 723 1658 uti
748 1597 938 1678 praedicandi
965 1597 1073 1672 verbo,
1102 1598 1154 1658 sed
1181 1598 1328 1660 consulto

186 1674 267 1753 quod
285 1696 377 1757 magus
398 1675 595 1738 honorificum
615 1688 678 1738 erat
697 1675 812 1754 posuit,
831 1695 891 1754 quo
911 1673 1015 1736 melius
1035 1673 1226 1754 exprimeret,
1246 1675 1328 1734 nihil

186 1769 249 1812 esse
269 1763 417 1812 externam
437 1752 667 1832 professionem,
693 1771 870 1831 quocunque
890 1751 928 1810 sit
946 1751 1105 1830 splendore
1124 1752 1202 1830 apud
1222 1751 1327 1812 homi-

183 1846 246 1886 nes.
284 1826 331 1886 Ita
349 1831 382 1886 isa
397 1826 632 1890 molosso
648 1827 731 1888 edm
748 1832 865 1888 virtutes
884 1826 957 1886 nihil
977 1827 1056 1886 aliud
1076 1837 1129 1902 est,
1149 1847 1235 1907 quam
1257 1828 1324 1889 eius

183 1903 309 1976 virtute,
343 1904 492 1982 auspiciis,
520 1903 645 1985 imperio
670 1925 703 1964 ac
729 1904 817 1965 ductu
842 1903 982 1964 miracula
1006 1903 1118 1964 facere:
1149 1925 1323 1982 quanquam

182 1978 261 2038 enirn
288 1982 423 2039 simum
452 2001 562 2042 nornen
592 1981 740 2041 interdum
769 1983 806 2042 ad
834 2004 847 2040 s
871 1981 962 2042 eciem
992 2001 1080 2038 unam
1109 1979 1322 2040 miraculorum

180 2054 385 2192 qestringitur,
422 2055 481 2118 hoe
509 2068 608 2118 tamen
639 2057 707 2118 loco
732 2068 764 2118 et
788 2057 920 2139 plumbus
945 2055 1007 2116 aliis
1033 2055 1171 2117 miracula
1196 2059 1322 2135 quaevis

145 2156 149 2164 ’
201 2151 242 2192 cst
285 2143 324 2191 at.

243 2151 301 2272 g2n2‘l·
343 2205 506 2287 Confitebor·
529 2207 588 2268 illis
610 2223 661 2270 ete.
700 2210 765 2270 Hae
790 2231 863 2271 voce
890 2203 1019 2270 alludere
1045 2209 1161 2268 videtur
1181 2209 1321 2272 Christus

178 2281 216 2342 ad
241 2281 374 2346 fallacem
398 2286 579 2360 iactantiam,
616 2308 673 2366 qna
698 2307 729 2346 se
754 2308 831 2347 nunc
859 2296 1009 2347 ostentant
1034 2285 1223 2365 hypocritae,
1256 2289 1320 2348 acsi

179 2359 310 2434 dixisset,
335 2361 395 2441 Ipsi
415 2363 550 2442 quidem,
576 2363 644 2422 dnm
664 2383 711 2423 me
732 2363 772 2423 tin
816 2385 832 2424 a
852 2361 980 2424 confessi
999 2373 1082 2435 sunt,
1101 2363 1239 2422 videntur
1258 2364 1320 2424 sihi

177 2435 234 2495 rite
258 2437 406 2500 defuncti:
437 2451 469 2501 et
492 2460 571 2500 name
594 2460 704 2501 sonora
727 2461 765 2500 an
787 2453 845 2502 rtur
869 2441 900 2500 in
928 2457 1031 2498 eorum
1056 2437 1156 2519 lingua
1182 2441 1317 2502 nominis

176 2512 235 2574 mei
255 2515 418 2594 confessio,
446 2517 533 2576 sede
557 2537 575 2576 o
595 2517 719 2577 vicissim
740 2537 774 2576 ex
793 2517 915 2578 adverso
937 2513 1122 2586 confitebor,
1151 2537 1257 2576 vanum
1278 2538 1316 2580 ac

175 2591 299 2650 mendax
325 2609 387 2652 csse
411 2536 555 2672 quicquid
578 2593 763 2672 profitentur.
808 2592 890 2668 Quid
915 2602 1012 2652 autern
1038 2593 1175 2651 continet
1200 2591 1317 2654 Christi

58 2721 75 2742 ,
149 2729 162 2742 ⁶
176 2665 365 2740 censemini,
385 2671 444 2729 uod
463 2686 515 2728 eos
534 2686 684 2748 uunquam
704 2669 734 2728 in
752 2669 811 2730 suis
830 2667 1027 2749 reputaverit,
1047 2669 1134 2728 etiam
1154 2690 1214 2748 quo
1232 2682 1315 2732 tem-

174 2761 249 2832 pore
268 2689 485 2824 gloriahantnr,
503 2763 534 2804 sc
555 2763 616 2804 esse
627 2744 775 2806 Ecclesiae
797 2745 956 2806 columnas.
989 2745 1063 2804 Ideo
1085 2745 1228 2806 facessere
1249 2768 1314 2810 ase

174 2817 273 2892 rubet,
299 2821 350 2898 qui
374 2821 472 2882 fallaci
495 2819 582 2880 titulo
602 2820 736 2880 iniustam
756 2823 970 2899 possessionem
990 2822 1070 2882 domi
1088 2842 1158 2882 suae
1177 2824 1314 2886 ad'tem-

172 2913 227 2972 pus
246 2894 335 2954 furati
354 2907 430 2955 sunt.
461 2896 588 2956 Videtur
605 2895 712 2956 Paulus
733 2917 767 2956 cx
786 2897 844 2958 boc
866 2897 976 2958 Christi
995 2919 1140 2960 sermone·
1152 2900 1312 2979 sumpsisse

166 2969 253 3104 quod
274 2970 345 3030 dicit
363 2972 403 3030 11.
414 2971 492 3031 Tim.
512 2977 684 3060 cap-219,
703 2973 796 3034 Novit
806 2973 963 3044 Dominus,
984 2975 1034 3052 qui
1053 2975 1098 3034 sni
1118 2976 1189 3036 sint:
1211 2978 1310 3038 disec-

191 3055 221 3103 at
246 3043 282 3104 ab
309 3045 480 3127 iniquitate,
512 3048 641 3126 quisquis
666 3049 785 3109 invocat
812 3072 921 3111 nomen
948 3051 1088 3114 Domini..
1122 3052 1207 3111 Prius
1228 3055 1310 3115 enim

169 3119 333 3180 membrum
354 3125 410 3184 hoc
429 3133 552 3203 spectat,
571 3144 609 3182 uc
629 3124 737 3186 infirmi
758 3130 942 3205 quorundam
963 3127 1133 3188 defectione
1146 3129 1310 3191 turbentur

167 3195 216 3285 vel
243 3196 410 3273 labascaut,
443 3199 549 3279 quihus
580 3221 717 3283 magnum
744 3215 783 3264 et·
800 3203 917 3266 celebre
945 3204 1034 3264 fuerit
1059 3225 1184 3266 nomen:
1216 3220 1309 3288 negat

86 3283 91 3292 ·
167 3291 247 3333 enam
275 3272 363 3340 fuisse
389 3295 405 3336 a
430 3276 563 3337 Domino
595 3279 727 3359 agnitos,
764 3280 834 3340 licet
858 3281 939 3340 inani
964 3279 1122 3360 splendore
1150 3281 1306 3344 hominum

91 3387 101 3394 -
166 3349 269 3410 oculos
288 3357 448 3413 tenerent.'
466 3353 584 3414 Deinde
605 3354 740 3417 hortatur
760 3377 811 3416 eos
833 3377 947 3430 omnes,
968 3358 1017 3435 qui
1037 3357 1067 3416 in
1081 3357 1193 3418 Christi
1215 3360 1305 3422 disci-

164 3423 241 3513 pulis
264 3429 377 3488 censeri
402 3430 523 3505 volunt,
551 3442 585 3490 ut
607 3451 639 3491 se
663 3445 776 3492 mature
802 3431 838 3492 ab
873 3434 1027 3513 iniquitate
1050 3433 1234 3510 subducant,
1265 3460 1306 3498 ne

162 3500 394 3638 qpsopChristus
414 3529 430 3568 a
450 3527 503 3574 suo
524 3521 686 3588 conspectu
705 3507 819 3592 abigat,
849 3533 943 3590 quum
962 3509 1132 3593 segregabit
1151 3531 1245 3593 agnos
1264 3513 1303 3575 ab

185 3597 222 3638 oe
244 3601 278 3640 ιι
1193 3621 1199 3640 Ι

422 3791 433 3824 Ι

201 3845 287 3924 (69.)
329 3846 499 3914 ΜΑΤΤΗ.
521 3849 592 3912 Vll.
633 3849 683 3912 Ἡ.
719 3845 835 3912 Omnis
857 3849 966 3934 igitur,
998 3855 1052 3938 qui
1076 3851 1165 3916 audit
1188 3873 1227 3918 ex
1248 3876 1299 3919 me

158 3963 325 4010 sermones
353 3945 427 4024 bos,
460 3957 492 4010 et
521 3947 596 4014 facit
624 3969 698 4030 eos,
728 3949 913 4018 assimilabo
939 3974 1011 4017 euna
1036 3954 1107 4017 viro
1135 3951 1300 4037 prudenti,

156 4045 212 4129 qui
235 4044 418 4111 aedificavit
439 4044 568 4142 domum
591 4071 678 4115 suam
701 4071 799 4136 super
819 4063 950 4139 petram.
993 4053 1043 4120 ὕ.
1063 4041 1107 4118 Et
1127 4053 1297 4122 descendit

153 4141 271 4221 imber,
306 4157 338 4210 et
358 4157 518 4214 venerunt
539 4147 685 4230 flumina,
715 4151 747 4216 ct
768 4151 926 4217 ssavemnt
946 4141 1049 4230 venti,
1078 4164 1109 4217 et
1130 4159 1296 4222 irruerunt

150 4241 341 4312 iudeorum
362 4245 467 4336 illurn,
500 4259 533 4312 et
553 4270 623 4316 non
644 4251 776 4318 cecidit:
808 4251 940 4318 fundata
963 4255 1047 4318 enim
1069 4253 1174 4320 fuerat
1196 4279 1294 4344 super

148 4351 281 4428 petrum.
329 4349 381 4413 26.
411 4348 453 4414 Et
479 4353 598 4432 omnis,
633 4357 691 4442 qui
717 4351 806 4422 audit
833 4373 871 4420 ex
891 4375 943 4420 me
964 4351 1025 4436 hos
1045 4375 1230 4434 sermones,
1261 4367 1292 4424 et
1376 4429 1377 4447 ,

769 4507 777 4544 l

381 4569 405 4646 'f
