2764 4854
662 90 673 119 Ι

169 269 228 331 388
306 257 419 320 SECT.
441 258 503 317 XX.
546 269 678 316 cunrsrr
698 245 924 314 nesunnac'rro
945 265 987 310 nr
1007 261 1187 344 ascsrrsto.

170 423 204 484 iu
227 439 338 482 manus
358 414 521 481 hominnm
543 410 781 496 sceleratbrom
802 419 834 474 et
856 407 1010 493 cruciligi,
1020 415 1063 472 ‘et
1084 397 1264 472 die-terlio
1286 427 1333 472 re·

171 541 312 606 surgere.
354 517 383 584 8.
405 517 446 580 Et
467 513 655 581 recordatae
677 523 751 580 suut
769 509 944 576 verborum
967 511 1060 576 eius-

251 805 311 863 lam
331 813 450 864 rentum
470 811 515 860 est
534 801 570 860 ad
589 797 802 879 redemptionis
823 808 940 856 nostrae
960 793 1128 854 clausulam.
1167 792 1247 852 Nam
1267 793 1330 852 binc

166 881 302 971 'exsrrrgit
320 879 383 940 riva
404 891 502 939 nostra
524 899 588 936 curn
608 876 677 936 Deo
698 872 947 935 reconciliationis
966 871 1082 945 liducia,
1101 869 1185 948 quod
1200 869 1332 929 Christus

176 969 279 1016 morus
298 957 394 1016 victor
414 975 447 1014 ex
467 949 570 1013 inseris
591 952 718 1026 emersit,
738 965 874 1010 utnovae
893 948 969 1008 vitae
990 957 1168 1029 potestatem
1189 965 1285 1025 penes
1303 967 1332 1007 se

176 1055 236 1094 esse
257 1033 437 1093 ostenderet.
476 1033 576 1109 Quare
596 1029 704 1089 Paulus
722 1026 828 1088 merito
849 1026 920 1086 dicit
938 1025 977 1103 (l.
998 1024 1071 1086 Cor.
1090 1030 1141 1098 15,
1159 1024 1244 1100 te),
1268 1023 1332 1082 nol-

176 1111 233 1170 lum
255 1109 320 1170 iore
341 1109 549 1188 Evangelium,
569 1118 599 1166 et
617 1126 698 1184 spem
718 1103 817 1164 salutis
836 1101 946 1162 irritam
967 1122 999 1160 ac
1019 1099 1193 1174 evanidam,
1212 1099 1270 1158 nisi
1288 1112 1333 1158 te-

174 1208 275 1246 nemus
297 1185 444 1246 Christum
466 1205 499 1244 ex
518 1182 639 1242 mortuis
657 1179 854 1241 resurrexisse.
879 1179 953 1238 Nam
972 1178 1013 1236 ita
1032 1175 1149 1236 demum
1172 1187 1259 1254 parta
1277 1195 1333 1234 no-

131 1301 143 1330 ,
174 1263 218 1322 bis
241 1261 295 1320 luit
314 1261 436 1334 institia,
457 1273 487 1322 et
505 1259 668 1340 patefactus
688 1258 718 1317 in
739 1256 853 1316 coelum
874 1255 1036 1336 ingressus,
1055 1253 1190 1331 denique
1209 1253 1333 1332 adoptio

173 1351 274 1398 nostra
293 1337 413 1410 sancita,
433 1337 500 1396 dum
520 1335 663 1408 Christus,
681 1333 864 1415 resurgendo
885 1331 1011 1411 Spiritus
1029 1329 1074 1388 sui
1093 1331 1266 1408 potentiam
1287 1349 1333 1388 ea-

173 1435 283 1489 sereus,
302 1413 407 1472 Filium
428 1413 486 1474 Dei
506 1433 537 1473 se
557 1411 704 1492 probavit.
730 1410 907 1488 Quanquam
927 1419 1022 1466 autern
1042 1405 1138 1481 aliter,
1159 1426 1251 1484 quam
1272 1426 1332 1466 car-

173 1491 218 1550 nis
237 1501 355 1550 nostrae
374 1481 473 1550 s'ensus
493 1499 655 1570 expeteret,
674 1485 918 1547 resurrectionem
930 1504 1009 1543 suam
1021 1480 1175 1562 patefecit,
1194 1483 1272 1542 haec
1291 1493 1331 1540 ta-

166 1589 240 1628 men
261 1587 335 1646 quae
354 1565 396 1626 illi
416 1565 525 1646 placuit
540 1563 617 1627 ratio
638 1563 724 1624 nobis
764 1581 862 1640 amque
883 1561 993 1640 optima
1012 1557 1107 1618 videri
1127 1556 1232 1618 debet.
1263 1558 1332 1618 Sine

173 1656 247 1704 teste
268 1663 398 1724 egressus
418 1654 462 1702 est
481 1663 497 1701 e
517 1640 670 1721 sepulcro,
694 1651 727 1698 ur
744 1583 828 1698 locus
847 1658 953 1698 vacuus
972 1635 1099 1770 primum
1119 1635 1268 1694 indicium
1287 1635 1330 1694 lo-

173 1732 235 1793 rct,
260 1719 367 1778 deinde
387 1718 556 1778 mulieribus
577 1737 630 1796 per
650 1715 772 1851 angelos
791 1712 920 1773 nuntiari
940 1733 978 1772 ro
992 1711 1035 1771 uit
1053 1732 1084 1770 se
1104 1711 1224 1772 rivere:
1266 1711 1330 1771 aulo

173 1791 316 1875 postillis
336 1793 481 1874 apparuit,
502 1815 535 1853 ac
553 1794 672 1853 tandem
715 1789 848 1871 postolis,
868 1788 955 1867 idque
974 1787 1098 1868 saepius.
1125 1789 1172 1848 Ita
1194 1810 1231 1869 pa
1282 1789 1329 1848 tin

172 1893 240 1930 suos
260 1891 315 1946 pro
336 1891 437 1929 corum
459 1870 580 1942 modulo
600 1865 637 1929 ad
656 1866 822 1949 pleniorem
842 1867 984 1926 nodatam
996 1864 1125 1925 deduxit.
1166 1863 1263 1940 Quod
1281 1887 1328 1926 an-

172 1959 230 2005 teru
251 1944 366 2004 initium
387 1945 458 2004 lecit
477 1965 492 2006 a
512 1945 694 2018 mulieribus,
713 1962 769 2003 nec
787 1943 878 2004 modo
898 1963 928 2002 se
948 1940 1004 2001 illis
1017 1941 1172 2002 visendum
1192 1941 1330 2014 exhibuit,

87 2022 96 2044 '
171 2022 221 2081 sed
243 2021 364 2082 iniunxit
383 2021 469 2082 etiarn
491 2021 742 2100 apudhpostolos
761 2018 915 2101 Evangelii
935 2016 1142 2098 praeconium,
1161 2031 1196 2078 ut
1212 2017 1329 2078 illorum

172 2098 253 2177 qnasi
272 2097 427 2179 magistrae
447 2097 561 2157 forent:
592 2098 624 2156 in
649 2117 686 2157 eo
707 2096 831 2176 primum
856 2094 1013 2176 castigatus
1040 2093 1098 2154 luit
1117 2094 1328 2174 Apostolorum

170 2187 287 2254 torpor,
308 2173 358 2254 qui
379 2194 488 2253 pavore
509 2173 570 2233 lere
591 2173 727 2234 iacebant
745 2172 900 2248 exanimes,
920 2169 1151 2250 quamseminae
1170 2169 1266 2234 sedulo
1287 2170 1326 2228 ad

171 2251 337 2344 sepulcrum
359 2262 569 2330 properarent,
599 2250 705 2331 quibus
731 2249 818 2310 etiam
844 2269 906 2308 nou
924 2245 1054 2338 vulgaris
1072 2268 1187 2311 merces
1203 2266 1326 2326 repensa

171 2327 235 2386 sun.
272 2327 337 2386 Etsi
358 2327 435 2385 enim
455 2326 528 2386 vitio
548 2347 610 2387 non
630 2325 748 2387 carebat
768 2324 899 2416 ungendi
919 2323 1029 2384 Christi
1049 2324 1224 2396 consilium,
1247 2322 1327 2402 quasi

171 2403 265 2464 adhuc
291 2413 367 2462 esset
388 2414 534 2479 mortuus,
574 2424 673 2465 earum
696 2391 795 2462 tame‘u
820 2400 981 2460 infirmitati
1006 2399 1171 2479 ignoscens
1192 2401 1237 2462 sin
1277 2399 1329 2460 lari

171 2479 246 2558 ipsas
267 2481 382 2539 honore
395 2480 596 2560 dignatusest,
615 2501 719 2538 maanus
732 2477 935 2559 Apostolicum
947 2475 1015 2538 viris
1026 2488 1167 2556 ereptum
1185 2477 1225 2537 ad
1265 2499 1330 2538 rere

172 2567 285 2634 tempus
312 2555 474 2638 resignans.
512 2556 611 2635 Atque
640 2556 698 2614 hoc
723 2555 813 2615 modo
839 2553 986 2634 specimen
1012 2553 1091 2626 eius,
1121 2555 1207 2632 quod
1227 2553 1330 2615 Paulus

172 2632 260 2692 docet
280 2633 319 2724 (Ι.
341 2631 412 2691 Cor.
426 2639 456 2704 1,
468 2633 542 2708 π),
562 2631 704 2704 exhibuit,
723 2650 830 2710 nempe
850 2629 930 2708 quod
949 2627 987 2688 eli
1010 2640 1039 2687 at
1059 2649 1136 2708 qnae
1157 2630 1250 2692 stulta
1270 2644 1331 2692 sunt

172 2729 206 2768 ac
227 2709 334 2769 debilia
354 2708 385 2766 in
406 2708 527 2782 mondo,
549 2719 581 2766 ut
601 2707 696 2768 caruis
715 2706 898 2766 altitudinem
919 2649 1060 2766 humdiet.
1099 2707 1167 2767 Nec
1187 2728 1263 2771 vero
1283 2731 1330 2768 nos

171 2785 255 2844 aliter
275 2785 330 2844 rite
351 2785 511 2864 comparati
532 2783 638 2844 erimus
664 2783 700 2842 ad
725 2783 783 2843 hoc
803 2781 871 2842 {idei
891 2793 1009 2842 nostrae
1037 2794 1127 2862 caput
1149 2783 1330 2858 discendum,

171 2861 227 2919 nisi
248 2860 328 2919 omni
349 2861 425 2920 lastn
445 2860 579 2938 deposito
600 2859 710 2920 dociles
730 2878 785 2919 uos
796 2858 950 2919 mulierum
960 2857 1135 2918 testimonio
1148 2861 1331 2923 subiitirnns:

124 2955 156 2978 '—
169 2957 230 2996 non
273 2937 339 3026 uod,
351 2937 422 2997 fides
442 2947 541 2995 nostra
561 2948 620 2995 tam
639 2934 768 3016 angustis
783 2935 889 2994 linibus
901 2935 995 3015 elapsa
1007 2955 1127 2994 manere
1142 2937 1269 3014 debeat,
1285 2939 1330 2999 sed

170 3013 236 3103 quia
288 3014 414 3086 ominus,
435 3023 465 3070 ut
486 3010 686 3086 obedientiam
705 3023 835 3073 nostram
855 3011 973 3090 probet,
992 3010 1097 3072 stultos
1118 3011 1189 3072 lieri
1210 3037 1266 3076 nos
1284 3038 1328 3076 re-

168 3089 218 3162 ht,
239 3089 405 3168 priusquam
425 3089 460 3148 ad
481 3109 530 3148 sua
550 3110 579 3146 m
600 3089 688 3148 steria
707 3087 822 3169 plenius
842 3087 1049 3180 cognoscenda
1069 3087 1224 3151 admittat.
1247 3091 1329 3168 Quod

168 3165 205 3224 ad
223 3165 374 3226 historiam
394 3163 533 3244 pertinet,
585 3164 715 3224 atthaeus
734 3175 848 3224 tantum
868 3164 953 3238 dicit,
980 3162 1055 3224 duaa
1074 3163 1206 3227 Messes
1232 3173 1331 3228 senine

167 3255 199 3298 ru
226 3239 350 3321 viderent
372 3240 550 3316 sepulerum:
586 3241 701 3301 Marcus
732 3239 872 3300 Salomen
902 3239 1018 3300 ter'tiam
1050 3240 1227 3324 adiungens
1258 3247 1331 3312 dicit,

167 3321 266 3378 muisse
283 3330 416 3377 oromate
433 3331 464 3375 ot
487 3331 625 3394 ungerent
646 3339 765 3392 corpus:
794 3337 828 3376 ex
846 3315 925 3378 Luca
950 3329 1046 3378 autem
1072 3317 1251 3410 colligitur,
1277 3345 1332 3382 non

88 3457 94 3464 ,
168 3395 238 3485 duas
257 3393 348 3484 modo
368 3392 414 3455 rel
434 3405 509 3468 tres,
529 3395 579 3453 sed
600 3395 766 3474 complures
785 3394 906 3456 venisse.
932 3392 992 3452 Sed
1012 3392 1071 3453 hoc
1093 3415 1188 3456 sacras
1209 3399 1332 3478 scripto-

167 3471 247 3531 ribus
268 3491 372 3530 scrrnns
393 3489 454 3529 esse
475 3471 621 3546 usitatum,
641 3482 794 3552 utpaucos
813 3480 924 3529 tantum
945 3489 978 3530 ea
997 3470 1112 3528 maiore
1133 3484 1268 3536 numero
1287 3497 1330 3534 er-

166 3547 303 3630 primant.
341 3545 508 3608 Probabilis
529 3547 614 3607 etiarn
636 3546 806 3607 coniectura
822 3557 874 3620 est,
893 3545 1015 3606 Mariam
1028 3547 1245 3626 Magdaleoam
1266 3573 1331 3611 cum

165 3625 257 3684 altera
270 3623 400 3695 comite,
420 3622 494 3701 (sive
514 3623 668 3702 praemissa
688 3622 792 3698 luerit,
811 3624 870 3683 sive
890 3633 997 3713 sponte
1017 3627 1241 3702 praecurrerit)
1260 3640 1329 3686 ante

166 3701 235 3760 alias
255 3699 291 3760 ad
310 3699 473 3779 sepulcrum
494 3700 655 3760 accessisse.
694 3701 792 3779 Atque
812 3700 869 3758 hoc
888 3698 1025 3772 videntur
1042 3698 1176 3761 inuuere
1188 3703 1331 3763 Matthaei
1373 3727 1374 3730 ¹

165 3777 271 3852 verba,
311 3776 391 3855 quod
415 3773 529 3834 ridendi
551 3797 641 3835 suasu
661 3773 737 3835 dorae
754 3775 823 3834 illae
840 3777 978 3834 merim:
1016 3775 1085 3856 quia
1111 3777 1172 3836 uisi
1192 3800 1229 3838 ea
1249 3802 1329 3860 aspe-
1373 3819 1374 3844 Ξ

166 3867 216 3915 ctu
241 3875 303 3914 non
329 3850 483 3912 constabat
505 3852 580 3910 ratio
602 3851 712 3912 Christi
736 3851 874 3934 ungendi.
914 3851 1033 3912 Interea
1060 3853 1146 3930 quod
1172 3855 1206 3914 in
1235 3859 1329 3918 animo

164 3927 472 4009 habebantpraestarc
484 3927 614 3989 osticium
631 3927 770 3988 subticet:
792 3925 936 4006 quiahoc
956 3949 1044 3986 unum
1064 3928 1196 3990 maxime
1220 3954 1330 4014 propo·
1373 3975 1374 3992 r

165 4007 252 4064 situm
273 4016 352 4078 erat,
384 4005 420 4063 de
445 4004 659 4066 resurrectione
683 4003 792 4063 testari.
837 4001 999 4077 Qua'eritur
1023 4015 1144 4080 tamen,
1178 4011 1330 4087 quomodo
1373 3994 1374 4022 ¹

164 4081 292 4140 studium
313 4081 369 4158 boc
389 4080 554 4150 mulierum,
574 4081 654 4158 quod
672 4081 880 4170 superstitione
900 4081 1016 4138 mixtum
1037 4091 1113 4155 arat,
1134 4081 1210 4146 Deo
1255 4087 1330 4144 larn-
1373 4143 1374 4148 χ

166 4155 231 4218 eric
270 4159 338 4239 Ego
354 4176 428 4229 ⁴vero
448 4177 509 4216 non
530 4157 644 4231 dubito,
664 4177 734 4234 qum
754 4177 865 4217 morem
885 4156 1016 4238 ungendi
1034 4169 1215 4222 montuosa
1262 4163 1328 4222 atri·
1373 4157 1374 4244 ,

165 4231 219 4292 bus
239 4246 389 4312 accepturu
410 4234 446 4294 ad
466 4255 547 4292 suum
568 4233 654 4292 finem
673 4231 839 4306 retulerint,
859 4243 892 4292 ut
912 4232 1153 4294 consolationem
1173 4235 1208 4295 in
1229 4239 1327 4298 mortis
1373 4253 1374 4256 ’

165 4309 244 4366 luctu
266 4328 300 4368 ex
318 4331 370 4387 spe
390 4311 505 4370 suturae
526 4311 602 4370 vitae
622 4307 767 4390 peterent,
807 4309 946 4368 Peccasse
967 4307 1085 4388 quidem
1109 4309 1229 4389 fateor,
1251 4315 1325 4394 quod

165 4403 226 4443 uon
246 4385 341 4444 statim
363 4397 474 4446 ruentes
494 4407 558 4448 suos
579 4387 736 4448 extulerint
756 4387 791 4447 ad
812 4385 889 4448 illam
912 4383 1166 4466 praedictionem,
1186 4411 1276 4470 quam
1294 4411 1324 4450 ea
1373 4439 1374 4442 ,
