2766 4834
1199 113 1212 148 Ι

175 261 241 343 ,so
381 255 534 320 sEcTIO
556 245 612 317 [Il.
652 256 902 366 {meraritas
923 265 966 314 nr
986 205 1157 320 turturis.

189 407 193 416 “
226 411 287 472 eliis
312 429 376 472 rein
395 409 540 472 occultam
566 420 596 470 et
622 408 788 468 humanitus
812 409 945 489 ignotam
972 408 1130 488 praedicit,
1155 407 1271 468 clarum
1301 421 1359 468 est

203 433 364 550 divinitatis
382 488 545 570 specimen:
567 485 647 565 quod
667 487 737 564 luga
757 497 787 546 et
799 484 899 546 exsilio
918 496 1021 565 tegere
1041 483 1124 544 iubet
1142 485 1232 546 vitain
1242 487 1358 565 pueri,

196 566 334 648 :pertinet
353 564 390 623 ad
409 563 503 630 carnis
523 562 732 637 infirmitatem,
756 562 803 625 eui
822 561 970 622 subiectus
989 573 1053 620 erat
1073 561 1216 623 Christus.
1261 561 1375 622 Cae-³

204 655 300 710 terum
320 639 388 700 liinc
410 641 564 714 doeemur,
590 639 687 700 Deum
708 659 768 698 non
788 659 849 698 rino
867 658 986 715 semper
1010 638 1100 708 mode
1120 659 1238 698 servare
1259 657 1357 712 suos,

205 719 258 780 sed
276 737 356 784 nunc
374 716 530 797 magnifice
551 737 684 776 exserere
703 716 838 776 virtutem
858 726 949 786 suain,
970 735 1048 774 nnnc
1067 735 1139 774 vero
1160 737 1195 774 eit
1204 715 1355 775 obscuris

204 797 267 855 inte
309 792 416 852 mentis
440 791 487 852 vel
506 792 617 854 umbris
636 805 741 852 tenues
765 792 825 851 eius
844 788 983 850 scintillas
1004 790 1149 870 prolerre.
1193 792 1258 850 lam
1287 793 1354 850 istu

154 895 157 904 ·
205 871 278 930 mira
302 867 444 929 ilisratio
463 869 597 930 servandi
621 868 674 928 sub
696 889 782 929 cruce
803 866 854 926 lilii
872 865 947 940 Dei,
972 887 1027 926 nos
1045 869 1152 942 docet,
1181 889 1354 959 perperam
1374 885 1375 894 ¹

205 949 303 1007 lacere
345 944 374 1004 ui
394 958 504 1006 certain
522 945 590 1006 lleo
610 946 685 1006 viani
727 945 918 1006 raescribunt.
957 942 1094 1004 Sinamus
1114 945 1352 1027 ergordisparii-

205 1023 260 1084 lius
279 966 375 1081 indiis
401 1022 524 1082 salutem
544 1035 674 1082 nostram
693 964 731 1082 apt
753 1042 789 1082 eo
805 1018 995 1100 promoveri,
1020 1041 1075 1080 nec
1095 1041 1263 1082 recusemus
1288 1023 1353 1080 hu-

120 1093 130 1122 l
205 1098 326 1174 miliari,
372 1119 411 1158 uo
431 1098 546 1163 melius
560 1098 622 1188 ipse
642 1097 766 1180 gloriam
785 1119 865 1161 suam
885 1096 1019 1156 illustret.
1063 1096 1241 1158 Praesertim
1266 1117 1350 1157 vero

110 1225 113 1230 .
205 1173 327 1236 minime
346 1119 487 1258 litgienda
506 1174 593 1236 noliis
613 1188 657 1236 est
677 1197 761 1250 crux,
786 1195 842 1254 qua
863 1172 968 1232 Filium
988 1193 1073 1232 suuni
1094 1194 1110 1232 a
1131 1175 1225 1254 prima
1245 1195 1350 1253 usque
1374 1237 1375 1246 χ

206 1251 332 1311 infantie
352 1250 488 1312 exercuit.
537 1251 634 1312 Porro
656 1251 725 1333 luga
744 1253 822 1314 liaee·
837 1271 904 1332 pars
928 1260 973 1308 est
990 1249 1130 1310 stultitiae
1151 1250 1263 1324 crucis,
1289 1251 1350 1310 sed

207 1349 284 1410 quae
308 1327 424 1388 excellit
446 1347 534 1410 supra
557 1347 676 1388 omnem
696 1327 797 1390 mundi
825 1325 1008 1408 replentium.
1056 1327 1099 1385 Ut
1122 1347 1176 1388 suo
1201 1337 1348 1406 tempore

228 1405 333 1466 rodeat
358 1405 497 1464 Iudaeae,
513 1416 662 1478 servator,
694 1424 729 1466 ex
760 1425 794 1465 ea
825 1403 930 1486 lugere
963 1421 999 1462 eo
1024 1399 1097 1476 'tur,
1128 1414 1159 1463 et
1188 1424 1256 1465 eum
1290 1403 1350 1462 alit

206 1427 376 1572 Kegyptus,
400 1502 435 1541 ex
460 1501 518 1559 qua
544 1479 617 1540 nihil
636 1481 716 1562 prins
741 1481 797 1547 nisi
816 1470 966 1542 Ecclesial
1017 1478 1045 1537 ei
1068 1477 1155 1539 letale
1176 1479 1347 1561 prodierat.

31 1586 49 1606 κ
154 1607 158 1622 ,
208 1559 284 1635 Quis
308 1577 372 1617 non
395 1555 433 1617 ad
458 1576 532 1637 opus
557 1557 616 1617 Dei
639 1569 706 1635 tani,
724 1557 909 1640 inopinatum
933 1555 1069 1635 stupeat?
1114 1557 1205 1632 Quod
1229 1556 1348 1635 Iosepli

165 1675 172 1684 -
207 1633 366 1696 coelestim
391 1633 578 1714 obtemperat
601 1636 740 1695 mandato
758 1633 886 1723 Angeli,
912 1633 979 1692 liine
1004 1637 1105 1694 rursus
1126 1633 1222 1694 somni
1250 1632 1348 1692 certi-

167 1735 177 1757 ·
210 1710 345 1774 tudinem
365 1709 434 1770 colli
457 1729 487 1786 e:
518 1709 681 1770 talis-enini
706 1710 841 1791 obsequii
861 1709 992 1770 alacritas
1017 1708 1097 1770 clare
1114 1708 1260 1784 ostendit,
1284 1709 1348 1768 mi-

208 1780 289 1854 nime
310 1807 376 1848 euin
397 1729 554 1862 dulitasse,
594 1787 643 1846 uin
654 1787 753 1848 Deum
772 1787 895 1847 haberet
913 1785 1001 1867 logne
1021 1777 1216 1866 capessendae
1235 1792 1347 1870 unctu-

208 1883 281 1924 rem.
320 1863 446 1922 Videtur
465 1807 640 1926 iamenlioc
660 1885 750 1954 posse·
767 1863 951 1924 diffidentiae
967 1861 1074 1936 tribui,
1099 1863 1180 1941 quod
1198 1873 1258 1922 tain
1279 1863 1346 1921 cito

197 1951 363 2022 ,properati
384 1941 482 2018 ite‘que
502 1940 579 2000 enini
599 1938 798 2020 trepidatione
818 1939 910 2000 caruit
930 1949 1074 2000 nocturna
1094 1940 1172 2030 luga.
1212 1939 1275 1998 Sed
1292 1939 1346 1997 fa-

207 2016 272 2078 cilis
298 2029 343 2086 est
361 2015 516 2076 excusatio.
561 2015 690 2077 Videbat
714 2017 813 2084 salutis
832 2017 953 2076 modum
976 2013 1030 2074 siti
1051 2015 1188 2076 divinitus
1207 2015 1346 2084 ordinari
1374 2063 1375 2076 i

108 2133 111 2143 f
208 2091 347 2153 liumilem
371 2104 402 2151 et
420 2091 581 2153 abiectum:
605 2095 648 2152 sas
674 2115 706 2155 er
729 2114 746 2153 ο
772 2092 828 2154 siti
853 2113 915 2152 esse
939 2091 1007 2162 colli
1031 2091 1069 2166 it,
1094 2091 1208 2174 trepide
1234 2097 1283 2172 (ut
1308 2092 1344 2150 in
1374 2101 1375 2104 ’

207 2169 317 2229 ultimis
342 2168 480 2260 periculis
493 2170 568 2229 lieri
587 2168 678 2246 solet)
708 2177 806 2253 lugam
826 2169 965 2249 arripere.
1010 2112 1055 2228 lta
1082 2191 1198 2260 semper
1221 2171 1258 2230 ad
1278 2169 1346 2229 Dei

207 2246 424 2327 praedictiones
443 2259 552 2305 metum
573 2258 704 2306 nostrum
724 2261 918 2326 attemperare
930 2245 1083 2306 convenit:
1105 2246 1210 2326 qiubus
1229 2247 1344 2307 sicon-

208 2323 325 2398 sentiat,
345 2343 407 2382 non
427 2344 459 2383 re
481 2321 605 2404 ugnalrit
624 2322 701 2384 fidei.
739 2323 813 2384 Esto
829 2321 892 2382 illio
909 2319 999 2382 donee
1013 2321 1129 2384 diem.
1167 2323 1221 2383 llis
1240 2321 1343 2382 verbis

185 2407 189 2416 ’
207 2399 353 2482 signifieat
371 2343 516 2480 Angelus,
534 2400 621 2460 vitani
642 2400 725 2480 pueri
746 2400 833 2476 etiarn
851 2400 1054 2480 inposterum
1074 2400 1139 2460 fore
1159 2419 1246 2460 curae
1257 2399 1342 2472 Deo,

208 2489 240 2537 et
259 2477 312 2536 hac
332 2474 558 2536 confirmationi
578 2496 652 2556 opus
672 2476 903 2558 liabuitlosepli,
923 2487 956 2534 nt
969 2487 1050 2536 certo
1070 2489 1222 2551 statueret,
1239 2476 1342 2536 Deum

207 2573 271 2614 non
291 2553 382 2612 modo
407 2552 464 2614 silii
483 2571 545 2612 esse
565 2551 670 2613 ducem
688 2555 818 2629 itineris,
846 2552 947 2612 sedin
968 2552 1068 2613 exsilio
1088 2573 1207 2633 qnoque
1229 2573 1341 2634 perpe-

207 2643 293 2692 tuum
312 2629 384 2689 'lore
408 2629 568 2694 custodem.
615 2632 715 2710 Atque
745 2631 802 2697 lior
827 2629 916 2690 modo
941 2629 1044 2689 sedare
1076 2630 1169 2690 voluit
1188 2620 1342 2693 Dominus

123 2749 129 2766 i
208 2706 313 2766 multas
333 2725 432 2780 curas,
458 2705 562 2784 quibos
582 2719 713 2767 aestuare
740 2729 793 2768 cor
819 2705 912 2767 sancti
931 2698 985 2764 virl
1006 2718 1140 2784 poterat,
1163 2721 1197 2768 ut
1222 2709 1340 2787 quietus

208 2793 343 2844 ittan'eret
362 2783 393 2852 in
417 2783 565 2862 aegypto.
604 2783 722 2844 Nullum
742 2786 820 2846 enini
840 2781 951 2862 alioqui
970 2796 1152 2861 momentum
1170 2785 1234 2844 sine
1253 2783 1341 2846 variis

207 2857 386 2920 torminibus
409 2856 612 2950 praeterisset,
645 2881 733 2940 quum
759 2883 790 2923 se
820 2855 1007 2924 non‘niodo'
1025 2859 1203 2921 haereditate
1228 2881 1245 2922 a
1268 2863 1338 2922 Deo

208 2933 315 2996 sanctis
336 2936 472 2994 omnibus
485 2935 637 3013 promissa,
654 2940 706 2998 sed
719 2939 843 3020 templo,
862 2935 1020 3008 sacrificiis,
1039 2937 1156 3016 publica
1176 2938 1245 2999 fidei
1264 2959 1338 3017 pro-

137 3085 139 3088 ·
209 3011 337 3072 sessione
357 3009 502 3090 privatum
521 3031 644 3072 cernens
663 3014 742 3077 inter
783 3017 902 3078 essiinos
919 3012 979 3071 Dei
999 3011 1113 3088 hostes,
1136 3027 1166 3074 et
1185 3013 1337 3094 profundo

208 3085 448 3224 superstitionum
469 3087 585 3180 gurgite
605 3103 715 3172 ageret.
756 3039 900 3154 desistas
911 3087 1028 3170 quidem
1048 3111 1147 3150 secum
1165 3091 1196 3148 in
1210 3111 1337 3170 persona

208 3165 240 3226 in
256 3162 350 3238 antis,
369 3163 436 3242 quie
457 3165 508 3224 uid
531 3186 659 3244 unquam
684 3167 831 3231 bonorum
856 3173 1045 3246 speraverant
1064 3167 1181 3242 Patres,
1205 3167 1251 3228 vel
1277 3167 1334 3228 illis

209 3239 358 3324 pollicitus
378 3253 441 3300 erat
481 3240 606 3317 ominus,
624 3244 677 3306 sed
696 3247 763 3326 quia
784 3245 916 3306 nondum
935 3251 1033 3302 tantos
1052 3243 1083 3304 in
1095 3242 1162 3304 .fide
1183 3255 1214 3309 et
1226 3244 1335 3306 Christi

201 3318 315 3401 ,notitia
335 3315 447 3377 lecerat
466 3338 521 3398 pro
544 3339 654 3397 sessus,
679 3321 826 3382 contineri
852 3324 908 3381 hoc
928 3318 1065 3380 mandato
1085 3340 1204 3381 necesse
1224 3321 1335 3396 habuit,

80 3410 105 3436 ‘r
209 3398 283 3459 Esto
301 3393 363 3454 illic
384 3393 479 3455 donec
499 3338 553 3456 iili
573 3397 688 3460 dixero:
712 3419 751 3460 ne
771 3401 927 3460 molestum
946 3397 988 3456 illi
1009 3409 1098 3471 esset,
1122 3396 1218 3476 patria
1237 3409 1334 3458 extor-

209 3495 272 3536 rem
290 3472 369 3534 inter
387 3472 550 3556 Aegyptios
571 3474 720 3558 languere.
1086 3491 1091 3510 ⁸

199 3550 206 3563 ’
285 3555 332 3616 sm·
374 3547 430 3609 Ex
453 3557 584 3628 Aegypto
611 3557 717 3612 vocam.
762 3553 841 3628 Quia
865 3550 1030 3612 Matthaeus
1060 3547 1238 3629 completum
1263 3551 1333 3611 dicit

208 3627 394 3703 vaticinium,
417 3641 559 3720 putarunt
581 3629 681 3704 multi,
706 3651 766 3690 non
794 3631 872 3690 aliud
886 3629 1074 3709 ·Pr0plictam
1098 3625 1224 3688 uoluisse
1248 3649 1331 3707 quam

232 3705 291 3766 uod
311 3705 493 3786 exprimitur!
519 3717 605 3786 atque
625 3707 704 3768 hune
729 3707 784 3768 sibi
806 3709 952 3768 linxerunt
971 3725 1102 3779 sensum,
1124 3703 1213 3764 stulte
1237 3705 1344 3765 lacerev

209 3730 346 3859 ludaeos,
365 3783 434 3843 duni
453 3783 559 3842 Filium
578 3783 637 3844 Ilei
656 3789 833 3865 oppugnant
851 3795 881 3844 et
901 3782 1069 3864 opprimere
1088 3791 1247 3854 conantur,
1266 3781 1331 3861 quia

209 3861 300 3921 Pater
320 3853 386 3920 euni
406 3883 439 3921 eii
450 3861 589 3942 Aegypto
600 3861 758 3922 vocaverit.
797 3859 888 3940 Atqui
908 3861 939 3920 iii
959 3859 1166 3920 liuncmodum
1182 3877 1331 3937 perperam

209 3949 388 4016 torquentur
396 3935 565 4020 Prophetae
584 3939 674 3999 verba
694 3939 781 4015 (Hos.
801 3947 849 4010 1t,
869 3940 922 4016 1.),
942 3937 1023 3997 cuins
1043 3935 1196 3994 consilium
1216 3946 1267 4008 est,
1285 3937 1332 4018 ini

209 4013 395 4096 gratitudlnis
414 4035 480 4092 reps
499 4015 597 4076 facere
618 4017 759 4088 ludaeos,
779 4015 839 4094 qui,
864 4016 992 4095 aprima
1011 4031 1061 4072 sua
1082 4011 1205 4070 infantia
1225 4020 1254 4068 et
1272 4011 1330 4071 ori-

210 4091 280 4174 gine
304 4092 402 4152 Deum
427 4095 538 4173 experti
569 4093 635 4172 plus
660 4113 745 4172 quam
766 4091 932 4172 benignum
962 4103 992 4150 et
1016 4088 1181 4148 beneficum
1212 4101 1331 4166 patrem,

209 4169 294 4228 novis
317 4181 415 4229 tamen
436 4169 563 4249 peccatis
587 4165 711 4232 subinde
734 4180 909 4248 provocent
952 4166 1084 4227 Proinde
1108 4165 1146 4224 sit
1173 4165 1229 4225 hoe
1247 4165 1330 4226 nobis

209 4255 291 4303 extra
314 4246 560 4321 controversiam,
592 4247 689 4306 loeuin
721 4267 782 4304 non
808 4244 916 4304 debere
946 4245 983 4304 ad
1008 4243 1157 4304 Christum
1189 4241 1329 4322 restringi.

210 4320 315 4398 Neque
334 4333 432 4382 tamen
452 4345 467 4383 a
489 4323 639 4384 llletthaeo
659 4335 825 4401 torquetur,
844 4323 894 4382 sed
914 4322 985 4380 scite
1005 4339 1019 4382 a
1044 4330 1122 4380 tatur
1140 4299 1176 4377 ad
1196 4335 1329 4400 prqesen-

157 4405 161 4412 ’
211 4405 272 4456 tein
296 4419 421 4462 causam.
468 4401 518 4464 Sic
541 4399 667 4484 intelligi
691 4399 802 4464 debent
825 4397 915 4460 verlia
940 4341 1123 4478 Propletae:
1147 4415 1236 4476 quum
1258 4413 1329 4475 puer
