2790 4838
187 255 247 320 aas
376 332 380 340 x
468 185 474 198 ⁸
617 225 773 308 suerro
793 241 880 302 rm.

190 415 382 498 potestatem
403 399 600 472 coniiciendi
619 403 655 468 in
675 397 883 502 gebennamz.
896 405 984 462 certe
1009 392 1085 461 dico
1105 389 1336 472 vobisdum

190 513 310 578 timete.
349 507 378 572 6.
404 502 524 570 Nonne
545 503 687 590 quinque
708 495 885 586 passerculi
906 505 1049 562 veneunt
1070 491 1200 560 duobus
1220 497 1348 560 minu-⁸
1378 489 1379 494 ’

191 612 233 678 tis
249 603 385 698 ,assibus
403 612 437 668 et
457 623 541 668 unns
562 621 600 666 ex
619 597 684 664 iilis
704 618 770 664 non
792 587 894 664 estin
915 595 1091 696 oblivione¹
1105 617 1213 662 eorem
1228 596 1334 660 Deo?

192 709 222 774 ¹7.
253 707 339 790 Quin
370 713 403 768 et
428 701 488 788 pili
514 701 626 788 eapitis
652 701 751 764 vestri
778 719 889 764 omnes
915 697 1074 764 numerati
1099 707 1186 764 sunt:
1218 694 1333 763 nolite

192 811 270 918 erg'o
290 801 544 869 timoreamultis
564 797 748 888 passeribus
770 796 871 885 pluris
892 800 976 866 estis.

266 1009 371 1070 Mattb.
395 1015 444 1076 26.
501 1007 549 1069 Ns
572 1009 663 1086 &aar
685 1007 822 1066 metm
880 1004 981 1080 Quum
1004 1016 1064 1064 tam
1097 1001 1332 1140 contemptbile

193 1085 388 1168 Evangelium
408 1105 471 1147 esse
490 1084 625 1148 viderent
642 1082 797 1163 Apostoli,
816 1091 847 1142 et
864 1081 1048 1142 credentium
1067 1080 1196 1162 paucitas
1214 1101 1225 1139 s
1240 1081 1276 1140 trs
1297 1081 1331 1140 in
1381 1088 1382 1154 t

193 1173 324 1226 mentera
348 1163 478 1298 venirep,
509 1160 540 1221 in
565 1161 694 1220 futurum
714 1179 832 1298 proque
852 1169 965 1239 tempus
985 1179 1067 1237 spem
1087 1155 1214 1218 abiicere
1236 1169 1333 1294 pote-
1381 1163 1382 1180 ²

194 1251 271 1300 rant.
314 1237 392 1305 Huic
416 1239 454 1299 du
477 1237 593 1298 itationi
618 1257 697 1328 nunc
735 1236 850 1326 'brutus
870 1235 1005 1323 occurrit:
1024 1231 1219 1324 Evangelium
1251 1233 1331 1324 atius

194 1318 393 1398 spargendum
417 1333 480 1376 esse
506 1325 716 1398 proauorum,
738 1315 778 1372 ‘et
796 1309 976 1393 quibuslibet
995 1312 1146 1404 bominum
1166 1309 1332 1392 obstapubs

192 1392 333 1485 superius⁸
350 1393 432 1484 iosap
462 1402 496 1451 ut
519 1389 751 1480 tandern⁴palaru
771 1399 910 1486 emergat
948 1387 1080 1447 Tametsr
1099 1405 1177 1448 enirn
1197 1407 1333 1466 prover-

181 1467 273 1626 }a':
293 1462 1331 1624 ‘reseruassemus1,mrem

1377 1350 1383 1460 i

152 1627 156 1665 ι’
195 1621 441 1702 quemchristus
463 1615 613 1681 victricem
637 1617 712 1678 sore⁴
723 1618 883 1700 promittit,
914 1617 1054 1698 quicquid
1074 1617 1195 1678 adeam
1221 1618 1331 1708 oppri-
1383 1612 1384 1662 Ῐ

177 1699 331 1760 mendam
349 1696 553 1758 machinentur
572 1694 716 1756 homines.
761 1693 900 1770 Quamvis
919 1689 1014 1774 palam
1033 1693 1180 1756 interdum
1201 1713 1331 1756 concio-

194 1785 316 1851 naretur
341 1774 373 1843 ta
392 1772 520 1863 templo,
542 1770 621 1852 .quia
639 1781 738 1832 tamen
757 1771 951 1852 respuebatur
969 1773 1030 1832 eius
1050 1770 1201 1844 doctrina,
1231 1771 1331 1830 adbuc

195 1849 277 1930 quasi
297 1848 328 1908 in
349 1847 480 1909 obscuris
499 1846 613 1929 angulis
632 1846 756 1908 latebatr
776 1849 827 1909 sed
846 1860 1000 1910 venturum
1020 1846 1080 1908 eius
1090 1846 1331 1937 promulgandae
1384 1887 1385 1906 2

192 1935 309 2008 tempus
327 1924 440 2001 asserit,
459 1925 540 2005 quod
557 1923 663 1984 scimus
681 1923 770 2004 paulo
790 1937 859 2006 post
878 1925 987 1989 sactum
1005 1943 1077 1985 esse.
1108 1923 1231 1983 Nullum
1246 1944 1329 1984 esrnn

193 2021 322 2081 unquam
342 2021 387 2060 ma
412 2001 434 2060 's
453 2021 596 2062 sonorum
614 2002 728 2061 tonitru
746 2001 777 2060 in
796 2001 891 2080 aliqua
909 2013 1007 2060 terrae
1027 2000 1112 2092 plaga
1128 2001 1330 2076 auditumst,

158 2082 165 2133 ζ
194 2097 282 2157 quarn
307 2098 364 2139 vox
415 2077 543 2160 rengelii
566 2077 596 2136 in
616 2088 682 2139 toto
702 2077 812 2138 mundo
833 2077 995 2158 personuit.
1035 2077 1113 2152 Quia
1133 2087 1233 2136 autem
1252 2099 1329 2158 pro-

192 2151 293 2214 missio
319 2155 392 2214 baeo
416 2153 527 2214 animos
548 2155 604 2215 iilis
623 2155 720 2216 facere
740 2153 863 2228 debeat,
892 2153 1026 2214 bortatur
1046 2175 1096 2214 eos
1117 2151 1269 2229 Christus,
1296 2165 1331 2216 ut

195 2231 335 2291 audacter
360 2243 391 2291 et
414 2242 534 2291 suenus
557 2229 589 2290 in
613 2231 671 2292 boe
694 2229 789 2311 ipsum
813 2230 999 2306 incumbant,
1028 2251 1126 2310 neque
1146 2241 1331 2308 terreantur,

181 2306 325 2392 ‘quamvis
353 2309 448 2372 adbuc
468 2305 611 2393 ignobile
634 2318 759 2368 cernant
779 2305 988 2444 Evanpelium,
1027 2307 1097 2386 quin
1122 2307 1182 2367 sint
1205 2307 1330 2368 clamosi

195 2383 258 2455 eius
283 2404 454 2464 praecones.
501 2383 593 2460 Quod
618 2405 652 2446 ex
675 2383 786 2446 Marco
805 2385 908 2459 renui,
939 2383 997 2444 alio
1018 2383 1117 2445 forsan
1137 2395 1275 2463 tempore
1296 2397 1330 2445 et

193 2480 282 2522 sensu
306 2462 415 2524 dictum
440 2472 497 2522 est:
527 2461 593 2542 quia
620 2473 719 2522 tamen
743 2459 803 2522 iliis
827 2461 962 2522 concisae
986 2459 1149 2522 sententiae
1175 2461 1330 2544 leguntur,

154 2579 157 2586 «
192 2549 333 2627 sequutus
357 2561 419 2598 sum
445 2539 525 2617 quod
549 2539 620 2598 mihi
644 2537 737 2621 magis
760 2550 823 2612 erat
846 2535 1012 2618 probabile.
1062 2535 1222 2618 Postquam
1248 2539 1330 2598 enim

138 2666 142 2694 ,
191 2613 256 2676 ἰΙΙιε
274 2615 427 2695 Apostolb
445 2617 597 2696 praecepit
616 2613 765 2692 Christus,
782 2627 816 2675 ut
834 2614 1021 2694 conspicuam
1040 2612 1155 2690 lucem,
1198 2615 1259 2674 nasi
1279 2635 1329 2674 ar-

194 2689 297 2752 dentes
316 2691 465 2768 lucernae,
477 2691 588 2773 procul
608 2692 757 2768 emittant,
777 2691 919 2754 contiuuo
962 2703 1008 2750 nst
1027 2690 1159 2766 subiicit,
1210 2691 1329 2752 ihil-est

192 2767 357 2843 oecultum,
386 2769 466 2847 quod
485 2767 777 2856 nonmaniieptdur.
815 2769 937 2851 Evange
951 2767 969 2782 '⁹
989 2780 1084 2828 autern
1103 2767 1225 2828 lucerna
1246 2770 1330 2848 quasi

192 2842 373 2904 intenebris
393 2864 514 2904 accensa
534 2844 765 2924 fuitiipostoiis‚
783 2855 816 2913 ut
835 2865 890 2924 per
908 2855 1003 2904 totum
1022 2842 1126 2904 orbem
1146 2865 1251 2904 eorum
1271 2843 1329 2904 mi-

150 2916 155 2930 *
193 2919 316 2980 nisterio
345 2920 377 2978 in
400 2919 524 2980 sublime
549 2932 650 2980 evecta
677 2920 817 3004 fulgerete
856 2921 933 2980 idem
959 2933 1004 2982 est
1027 2939 1146 3000 prorsus
1172 2934 1329 2982 contextus

192 2997 271 3073 apud
296 2995 426 3069 Meam,
466 2997 561 3076 eapite
585 3000 614 3062 8.
673 2996 827 3071 Quantum
850 2999 887 3058 ad
907 2997 1004 3058 iocum
1029 2995 1197 3058 duodecimi
1224 2998 1330 3080 capitis

193 3082 323 3152 spectat,
342 3073 462 3131 minime
482 3073 602 3132 dubium
623 3082 668 3134 est
707 3073 758 3134 uin
778 3075 825 3134 bic
844 3094 891 3135 res
914 3076 1039 3152 ondeat,
1055 3073 1088 3137 iu
1108 3073 1206 3134 verbis
1227 3088 1329 3136 tamen

193 3159 239 3207 est
263 3147 373 3228 aliquid
398 3148 559 3228 diversum,
589 3149 656 3229 qtn'a
677 3149 706 3209 iu
729 3163 760 3210 et
783 3151 843 3212 illie
864 3096 1013 3227 Ciristus,
1043 3147 1118 3230 quae
1142 3151 1174 3212 in
1193 3153 1328 3212 tenebris

171 3224 330 3296 ‚dixerunt
347 3226 375 3284 Α
397 3225 500 3298 ostoli,
520 3227 551 3286 in
570 3226 665 3286 iucem
685 3228 836 3307 proferre:
857 3249 916 3308 quo
935 3225 1094 3310 significat,
1114 3247 1166 3287 eos
1186 3249 1251 3287 non
1271 3227 1328 3288 nisi

191 3321 353 3362 susurrasse
377 3245 524 3363 Phactenus
554 3304 602 3363 de:
619 3303 799 3388 Evangelio,
838 3305 890 3365 sed
915 3326 1007 3384 usque
1032 3304 1106 3364 adeo
1131 3303 1236 3363 nobile
1260 3304 1328 3364 fore

189 3379 381 3514 praeconium
402 3380 481 3459 quod
502 3381 665 3461 perferent,
684 3393 717 3440 ut
734 3401 766 3444 se
786 3379 933 3443 diffundat
952 3403 1044 3463 usque
1064 3381 1102 3444 ad
1121 3389 1265 3441 extremas
1276 3401 1327 3443 or-

212 3463 235 3515 r's
277 3468 361 3516 artes.
602 3481 604 3486 ·

255 3476 312 3599 13AE
350 3531 399 3592 Na
421 3536 552 3593 mamre
574 3531 613 3596 ab
634 3529 680 3594 dia
696 3539 748 3614 pari
765 3531 898 3596 occident
915 3555 1029 3610 comm.
1069 3533 1189 3614 Optima
1207 3531 1327 3594 ratione

191 3607 349 3690 discipulos
368 3628 436 3675 suns
456 3610 564 3670 animat
584 3610 718 3674 Cbrisbas
738 3611 774 3672 ad
792 3611 895 3671 mortis
915 3623 1034 3672 contem
1056 3621 1127 3684 tam,
1148 3611 1231 3690 quod
1251 3611 1327 3670 banc

188 3687 296 3747 fluxam
322 3699 354 3748 et
377 3685 515 3750 caducam
534 3688 623 3748 vitam
647 3688 735 3752 flocci
758 3688 867 3748 endere
892 3687 1020 3748 debeant
1036 3631 1172 3748 bomines
1197 3689 1236 3747 ad
1255 3707 1328 3747 coe-

188 3761 293 3824 lestem
317 3764 567 3826 immortalitatem
592 3764 692 3826 creati.
734 3709 800 3826 idue*
819 3763 896 3828 redit
915 3765 994 3826 enirn
1011 3783 1139 3838 summa,
1169 3763 1194 3823 si
1215 3783 1327 3844 expen-

190 3841 262 3900 dant
281 3841 392 3915 fideles,
412 3861 551 3918 quorsum
570 3841 633 3901 nati
651 3842 720 3915 sint,
740 3851 771 3904 et
789 3861 865 3922 quae
884 3839 922 3902 sit
940 3859 989 3900 sua
1010 3839 1158 3914 conditio,
1178 3861 1241 3899 nnn
1256 3859 1326 3908 ,esse

189 3937 242 3978 eur
264 3930 411 3978 terrenam
438 3917 525 3976 vitam
549 3917 624 3980 adeo
650 3919 731 3980 anxie
757 3929 906 3999 appetant.
946 3918 1123 3996 Quanquam
1144 3915 1265 3996 plenior
1283 3927 1329 3976 est

189 4011 224 4054 ac
244 3993 366 4055 uberior
384 3992 543 4054 verborum
562 4015 676 4056 sensusr
697 3998 786 4055 docet
806 3995 884 4055 enim
895 3991 1040 4070 Christus,
1058 4015 1076 4056 a
1098 3992 1136 4052 ud
1157 4015 1209 4053 eos
1224 4013 1323 4054 emor-

189 4079 273 4129 tuum
293 4091 356 4132 esse
375 4068 434 4129 Dei
454 4070 605 4146 timorem,
626 4073 675 4152 qui
695 4084 887 4152 tyrannorum
908 4084 988 4130 metu
1009 4091 1026 4129 a
1046 4013 1113 4129 tiit
1133 4069 1324 4131 confessione

188 4147 344 4221 excidunt,
373 4167 408 4206 ac
430 4145 548 4208 brutum
573 4160 725 4228 stuporem
741 4169 875 4232 regnare
900 4149 931 4208 in
956 4169 1061 4208 eorum
1087 4147 1244 4222 cordibus,
1275 4147 1327 4225 qui

187 4221 291 4282 mortis
315 4234 430 4284 terrore
456 4225 577 4284 eandem
603 4225 672 4286 fidei
699 4225 915 4285 consessionem
940 4225 1069 4286 abiicere
1096 4245 1157 4304 non
1180 4223 1325 4283 dubitant.

186 4295 326 4362 Notanda
344 4299 424 4362 enirn
444 4312 488 4360 est
508 4299 658 4363 antithesis
678 4302 755 4365 inter
775 4303 847 4363 duos
868 4301 1030 4364 contrarios
1052 4301 1183 4360 timores.
1214 4301 1248 4360 Si
1269 4300 1324 4359 bo-

126 4463 133 4470 ·
188 4380 300 4440 minam
325 4387 406 4438 metu
431 4377 595 4440 suisoeatur
613 4379 672 4440 Dei
692 4380 797 4456 timor,
828 4399 865 4440 an
887 4399 947 4441 uon
968 4389 1090 4462 apparet
1110 4377 1180 4490 plusx
1194 4377 1253 4438 iliis
1270 4397 1326 4438 uos
