2766 4840
246 235 436 313 (illi-183
475 231 564 294 Acris
579 227 802 332 Pharisaeorum
824 229 1059 313 reprobatiol
1127 241 1220 330 ⁴⁵⁷.
1301 281 1311 310 ι

62 385 216 448 sceleribus
237 385 423 467 expulerant,
443 391 474 447 ‘et
492 382 607 446 damam
623 385 755 460 ipsorum
766 393 882 446 'vocam
901 385 1022 466 oblique
1039 383 1217 466 subindicat,

62 463 118 524 Dei
137 463 260 544 amplius
280 484 342 524 nou
362 483 435 524 esse.
472 463 537 522 Hac
558 461 675 541 quidem
696 459 763 544 lege
782 471 959 522 exstructtuu
980 474 1048 524 erat.
1065 464 1218 545 templum,

62 552 93 600 ut
105 539 215 601 Christi
235 541 363 601 adventu
382 559 444 602 esse
465 539 612 600 desineret
631 539 714 597 sedes
735 552 769 598 ac
787 537 876 600 statio
884 538 961 599 lleit
973 540 1108 600 essetnec
1119 553 1218 603 tamen

61 617 139 694 qnasi
164 617 280 699 insigne
304 627 527 677 monumentum
547 627 708 696 perpetuae
727 615 786 676 Dei
804 615 934 696 gretiae,
960 615 1018 676 nisi
1038 617 1144 696 populi
1162 609 1239 678 ini

59 689 167 826 pietate
188 693 366 754 destnrctum
387 695 474 754 loret
505 691 663 752 Horribilis
682 692 773 774 igitur
792 691 941 752 haecfuit
952 691 1012 753 Dei
1026 693 1116 768 ultio,
1137 693 1218 773 qnod

71 789 154 830 ocum
175 774 243 829 'tam
266 770 422 852 magnifice
447 790 514 830 ase
534 769 703 840 decoratum
724 789 787 828 non
807 769 902 830 modo
918 769 1098 830 deseruitac
1115 770 1227 841 matt„

59 856 101 904 tus
122 848 340 922 evertiroluit,
357 849 408 907 sed
429 867 520 926 usque
540 845 576 906 ad
596 845 685 906 linem
704 845 806 906 muudi
825 843 952 906 subiecit
971 848 1219 928 extremae-ignes

58 921 172 983 miniae.
210 925 290 983 Eant
308 944 387 984 nunc
406 924 635 996 Romanensem.
648 919 687 982 et'
703 922 797 984 invito
816 919 884 984 Iteo
903 919 1117 1013 babylonicam
1136 945 1218 986 suam

58 1017 153 1058 arcem
182 1000 335 1060 extollere·
348 1011 491 1083 pergant,
517 1020 606 1078 quum
627 998 772 1078 templum
790 999 850 1061 Dei
870 998 1007 1078 auspiciis
1029 1011 1059 1060 et
1076 1001 1226 1066 mandato·
1278 1017 1289 1026 ‘

59 1077 208 1137 conditum
228 1075 348 1137 videant
367 1076 471 1158 populi
490 1073 649 1137 sceleribus
669 1073 817 1136 cecidisse.
1122 1111 1144 1127 1·
1207 1127 1210 1136 .

130 1159 179 1220 39.
218 1151 297 1215 Dico
321 1155 397 1214 eadm
420 1151 506 1214 uobis.
555 1151 720 1219 Confirmat
743 1153 824 1232 qnod
851 1143 962 1213 dixerat
987 1146 1024 1213 de
1050 1147 1158 1234 propin
1201 1169 1219 1216 a

55 1225 113 1288 Dei
133 1230 265 1304 ultione,
286 1231 353 1312 quia
372 1229 485 1291 scilicet
502 1229 621 1290 unicum
642 1226 806 1310 effugiendi
826 1227 960 1290 interitus
979 1230 1141 1290 remedium
1161 1230 1219 1290 ilis

55 1306 188 1368 tolletur.
227 1308 302 1368 Nam
315 1304 395 1371 'illud
415 1319 478 1368 erat
491 1316 605 1386 tempus
620 1317 783 1384 acceptum,
802 1303 852 1365 ille
863 1303 924 1366 dies
935 1305 1046 1378 saltatis,
1086 1326 1151 1378 narn
1169 1307 1220 1366 diu

54 1378 142 1460 idem,
163 1384 214 1465 qui
224 1379 407 1466 Redemptor
417 1381 472 1443 illis
483 1369 654 1455 advenerat,¹
670 1375 752 1441 les'tis
772 1381 806 1441 ac
826 1401 935 1460 praeco
956 1390 1019 1442 erat
1037 1327 1219 1463 redemptio*

54 1459 99 1519 nis
120 1479 136 1520 a
156 1481 189 1520 ae
211 1460 324 1522 allatae.
363 1461 434 1521 Eius
454 1465 550 1520 autem
571 1459 714 1532 discessu,
738 1459 862 1537 perinde
882 1477 917 1518 ac
936 1459 1011 1519 solis·
1026 1477 1147 1533 naemu,
1171 1457 1220 1518 lux

53 1535 129 1596 vitae
143 1538 277 1598 evannit:
300 1559 390 1618 quare
402 1543 525 1599 necesse
546 1535 602 1596 luit
620 1534 756 1596 miseram
777 1535 851 1596 hanc
863 1535 986 1610 cladem,
1005 1555 1091 1614 quam
1104 1535 1221 1596 denun-

52 1611 117 1688 tiat,
137 1616 305 1676 succedere.
337 1617 423 1676 Nunc
444 1611 594 1694 quaeritur
613 1613 761 1690 quodnam
780 1623 895 1704 tempus
916 1611 1220 1694 designcthocparti-

52 1689 136 1766 cula',
161 1687 252 1751 donec
269 1689 380 1752 donus.
421 1689 549 1766 Quidam
575 1687 611 1748 ad
636 1685 769 1748 ultimum
794 1685 894 1748 iudicii
919 1687 996 1748 diem
1022 1689 1220 1772 restringunt:
1263 1679 1267 1692 ⁸

52 1766 101 1826 alii
122 1768 294 1829 vaticinium
306 1788 368 1829 esse
381 1779 500 1859 putant,
520 1767 600 1846 qnod
621 1764 709 1845 paulo
730 1775 799 1843 post
818 1762 972 1845 impletum
992 1759 1057 1838 suit,
1076 1783 1165 1843 quum
1185 1785 1220 1823 cx

52 1843 172 1906 Iudaeis
205 1845 301 1906 uidam
315 1846 465 1907 Christum
479 1843 626 1924 supplices
644 1841 851 1903 adoraverunt.
882 1839 944 1902 Sed
953 1837 1219 1920 neutrainterpre-

50 1921 126 1980 tatio
148 1865 221 1982 mibi
240 1923 393 2002 probatur.
432 1924 477 1981 Ac
503 1932 583 1982 certe
607 1919 715 1992 miror,
741 1930 801 1978 tarn
820 1917 915 1978 levem
934 1917 1104 1997 scrupulum
1123 1917 1220 1979 doctis

51 1994 224 2060 hominibus
244 1994 397 2059 obstaculo
418 1987 517 2072 inisse',
536 1992 603 2058 dum
625 1992 708 2055 anxie
728 2005 883 2074 quaerunt,
903 1991 1054 2076 quomodo
1076 1991 1221 2055 de'Chri-

50 2085 98 2133 sto
120 2073 230 2134 dicturi
250 2075 309 2134 sint
328 2075 488 2150 increduli,
511 2071 671 2134 bendanus
689 2075 739 2150 qut
756 2075 848 2143 amis,
866 2083 936 2130 eice·
957 2072 1027 2130 Non
1044 2067 1131 2130 euim·
1147 2090 1220 2147 qua·

50 2148 93 2210 les
116 2151 210 2211 futuri
229 2149 305 2226 sint,
323 2153 375 2212 sed
396 2151 467 2232 quid
486 2150 697 2230 ipse=sacturus
717 2148 755 2207 sit
773 2146 955 2227 prenuntiat,
993 2146 1147 2214 Nemeto
1167 2145 1220 2205 aet,

48 2227 190 2288 serbiam
209 2225 299 2287 donec
318 2226 436 2308 longius
457 2225 643 2296 extenditur,
663 2241 748 2302 quarn
768 2224 805 2283 ad
823 2233 939 2300 tempus
960 2222 1039 2299 quod
1059 2221 1220 2300 praecedit.
1286 2241 1291 2249 ·

47 2303 166 2383 Ioseph
187 2323 249 2361 non
270 2315 313 2361 est
333 2321 507 2384 congressus
527 2321 592 2360 cum
611 2318 720 2371 uxore,
740 2300 835 2358 donec
855 2296 905 2355 illa
926 2295 1075 2356 Christum
1095 2315 1132 2375 pe
1156 2297 1221 2356 erit,

45 2377 126 2440 Non
147 2377 289 2459 intelligit
307 2378 352 2436 his
370 2377 468 2438 verbis
488 2377 673 2456 Scriptura,
705 2385 750 2433 ost
770 2381 885 2452 partum
906 2391 957 2432 eos
977 2384 1079 2450 postea
1099 2317 1223 2432 cohabi-

44 2469 133 2516 tasse
154 2464 293 2532 tanquam
311 2454 406 2512 virum
427 2465 457 2514 et
475 2469 611 2526 uxorem,
640 2395 701 2512 sed
717 2461 831 2516 tautum
856 2447 985 2520 ostendit
1004 2447 1127 2520 blaciam
1153 2459 1241 2518 antex

44 2532 105 2592 filii
129 2525 176 2589 sui
196 2541 310 2611 partum
330 2529 475 2612 virginem
495 2529 582 2588 luisse
602 2548 619 2586 a
638 2527 703 2586 viro
723 2525 870 2598 intactam.
900 2523 1067 2599 Praesentis
1078 2544 1151 2660 ergo
1163 2520 1223 2586 loci

44 2609 117 2683 hic,
145 2623 214 2666 meo
234 2603 358 2679 iudicio,
387 2605 534 2688 genuinus
554 2613 599 2664 est
616 2611 735 2676 sehsu's,
752 2603 890 2663 hactenus
910 2599 989 2659 inter
1008 2609 1060 2678 up's
1081 2607 1113 2660 su
1136 2597 1224 2660 misse

47 2699 80 2746 et
102 2683 275 2744 humaniter
293 2695 422 2743 versatus
441 2693 567 2758 sam,·et
586 2679 838 2740 oibciodoctoris
857 2675 990 2738 iunctust
1010 2677 1223 2756 nasac-peracto

46 2759 223 2824 vocationis
241 2781 326 2821 meae
346 2761 432 2821 cursis
452 2759 615 2833 discedam,
639 2775 694 2828 nec
713 2775 762 2816 me
780 2755 904 2836 posthac
925 2753 983 2824 frui
1001 2753 1153 2832 poteritis,
1171 2753 1226 2828 scd

48 2859 146 2922 quem
166 2857 247 2896 nunc
266 2835 497 2919 Redemptorem
518 2833 707 2896 contemnitis
727 2845 757 2893 et
776 2832 875 2892 salutis
895 2826 1076 2905 ministrum,
1097 2827 1225 2900 iudicem

48 2913 259 3008 experiemini,
298 2913 343 2974 Ita
369 2913 511 2974 convenil
533 2909 581 2971 hic
599 2909 687 2992 'locus
714 2915 779 2969 cuin
804 2907 856 2969 illo
878 2906 1035 2966 Zachariae
1060 2909 1224 2985 (1210),

48 2990 214 3052 Videbunt
233 3009 320 3070 quem
339 2989 554 3051 transfixerunt.
594 2987 677 3062 Quin
696 2987 785 3047 etiam
803 2985 921 3048 ridetur
940 2981 1073 3043 Christus
1099 2984 1228 3065 ligante

49 3066 262 3148 perstringere
281 3087 386 3128 uanam
407 3087 510 3128 eorum
536 3067 553 3126 h
597 3063 720 3138 ocrisin,
768 3064 828 3124 uod
846 3061 927 3124 velut
945 3061 1105 3142 promissae
1125 3059 1226 3121 saturis

48 3143 198 3204 ardenter
218 3143 318 3280 cussidi
339 3141 471 3224 quotidie
491 3162 526 3204 ex
570 3139 662 3202 salmo
689 3160 761 3200 cane
785 3151 850 3214 ant,
874 3135 1052 3198 Benedictus
1073 3133 1123 3218 qui
1142 3133 1226 3196 venit

49 3219 85 3276 in
108 3218 234 3279 nomine
285 3219 394 3281 omini:
416 3221 529 3281 interea
550 3215 679 3278 ludibrio
700 3216 850 3275 habebant
869 3211 1076 3274 oblatnmsibi
1094 3203 1226 3272 Redem-

48 3305 188 3431 ptorem·
226 3297 365 3377 Denique
385 3315 416 3358 se
437 3298 473 3358 ad
491 3295 559 3356 illos
578 3305 732 3354 venturum
752 3303 853 3374 negat,
873 3293 970 3352 donec
983 3289 1019 3350 ad
1033 3309 1103 3350 cons
1128 3300 1226 3348 ectum

74 3368 231 3429 orrendae
253 3373 314 3430 eius
333 3374 491 3434 maiestatis
511 3370 618 3452 trepidi
637 3387 704 3430 soro
725 3368 905 3442 exclament,
924 3385 994 3427 vere
1014 3384 1077 3426 esse
1127 3364 1154 3423 ei
1173 3363 1226 3424 Fi-

51 3449 141 3508 lium.
164 3445 284 3524 xAtque
315 3447 387 3508 haec
418 3446 607 3510 comminatio
633 3445 674 3506 ad·
695 3458 797 3514 omnes
822 3441 978 3526 Evangelii
1004 3443 1239 3518 cohtemptores'

15 3595 16 3598 Ἴ
50 3523 203 3606 pertinet,
223 3520 395 3602 praesertim
417 3527 467 3614 qui
487 3524 561 3589 falso
583 3523 644 3582 eius
665 3540 775 3581 nomen
796 3521 973 3593 obtendunt,
994 3515 1226 3597 quumeiusdo-
1291 3519 1295 3532 “

51 3600 187 3662 carinam
206 3609 361 3678 respuant:
382 3618 450 3679 quta
468 3601 587 3661 tandem
608 3603 780 3692 agnoscent,
800 3617 831 3657 se
851 3605 914 3658 n'on
928 3601 1022 3676 'posse
1042 3593 1104 3654 eius
1123 3605 1226 3650 manos

51 3677 213 3757 elingere,
238 3673 285 3737 cui
311 3695 390 3735 nunc
414 3673 510 3737 fucata
536 3693 588 3735 sua
612 3673 954 3738 aemulatione-illudunt.
993 3665 1068 3730 Nam
1088 3679 1118 3728 et
1138 3665 1228 3726 bodie

50 3755 168 3815 eadem
187 3753 264 3832 apud
281 3751 414 3830 Papistas
434 3753 581 3814 cantilena
601 3763 729 3825 resonat,
750 3750 854 3832 quibus
874 3760 971 3809 tamen
992 3765 1048 3826 pre
1067 3735 1162 3803 nihilo
1183 3751 1228 3802 est

52 3829 215 3904 Christus,
246 3828 341 3889 donec
370 3827 498 3889 vindicta
525 3839 651 3890 armatus
674 3826 805 3888 tribunal
832 3823 1020 3887 conscendat.
1069 3821 1228 3880 Monemur

51 3907 162 3979 ctiam,
183 3925 268 3984 quarn
290 3905 339 3964 din
360 3904 447 3965 nobis
468 3915 590 3986 apparet
603 3902 736 3964 Christus
750 3903 844 3964 Patris
865 3900 998 3973 nomine,
1019 3898 1228 3976 Interpressa-
1263 3945 1268 3952 .

50 3982 131 4043 lutis
152 4003 186 4040 ac
205 3981 368 4056 hlediator,
389 4001 450 4040 non
471 3981 559 4042 labris
578 3992 691 4040 tautum
711 3978 919 4040 honorandum
940 3995 1023 4050 esse,
1042 3973 1093 4034 sed
1112 3971 1230 4032 sincere

51 4059 226 4140 optandum
246 4069 280 4116 nt
298 4056 353 4118 sibi
374 4077 429 4118 uos
448 4067 544 4118 toturn
567 4077 604 4116 ne
624 4057 763 4115 mundum
784 4054 928 4116 subiiciat.

138 4133 213 4194 Luc.
232 4141 279 4200 bi·
321 4133 415 4215 ῼυνηι
435 4147 528 4193 namn
546 4075 617 4192 iaec
636 4131 678 4190 ad
693 4133 769 4191 illos.
808 4131 870 4188 lam
897 4125 977 4208 prius
997 4119 1154 4198 admonui,
1177 4143 1227 4185 su·

52 4210 199 4294 periores
224 4210 383 4271 sententias
407 4231 469 4269 non
495 4231 549 4270 suo
575 4209 644 4270 loco
665 4209 774 4287 positas
796 4221 894 4266 essen
914 4202 1004 4262 Luca.
1041 4202 1117 4262 Nam
1137 4219 1228 4282 quum

52 4287 204 4360 referret,
224 4287 396 4369 obiurgatos
416 4287 504 4348 luisse
524 4284 675 4348 aCbristo
695 4281 805 4343 scribas
825 4279 855 4339 in
876 4280 1003 4360 quodam
1015 4278 1151 4360 prandio,
1171 4293 1228 4357 poa

52 4377 191 4427 stremos
203 4364 289 4426 etiam
300 4383 461 4443 sermones,
482 4361 588 4444 quibus
607 4373 711 4422 eorum
730 4355 843 4442 flagitia
862 4355 952 4438 paulo
971 4366 1040 4417 ante
1051 4345 1226 4450 mortemab

85 4463 184 4524 Calvisi
197 4477 280 4512 aaran.
295 4465 319 4510 in
331 4465 413 4515 iiam·
426 4466 470 4516 us.
485 4463 539 4513 iol.
554 4462 585 4512 11.
723 4479 724 4484 ¹
991 4437 1028 4500 17
1161 4465 1171 4522 l
