2814 4846
340 343 341 350 ἵ
403 257 603 338 (toti-Mater
623 267 654 318 et
672 252 777 318 trahes
797 251 891 336 lesu.)
1073 209 1085 218 -
1151 265 1211 330 3⁰3

68 415 103 476 in
121 413 219 474 media
240 411 349 494 populi
368 411 455 504 turha
475 423 640 503 sermonem
661 409 806 502 habente,
837 410 953 504 venisse
972 408 1077 472 fratres
1096 411 1162 506 eius
1179 425 1210 476 et

67 504 211 626 ''imi-²
240 488 353 626 lilii.ll
373 488 1033 628 ‘itt¹tt‘htt‘dtttti‘ttt‘litto
1052 490 1211 627 {tlttt

68 569 306 724 pppeprpbsabsse
327 653 381 716 est,
402 587 600 734 quiUsanctaiu
619 654 742 702 matrem
761 641 892 703 comitati
904 655 982 717 sunt,
1001 641 1089 704 luisse
1109 613 1211 704 incre}

67 722 165 812 dulos.
208 719 311 811 Quod·
323 719 496 780 Ambrosius
516 733 548 812 et
567 717 796 811 Chrysostomus
822 721 945 810 Mariani
970 719 1141 811 ambitionis
1160 721 1210 782 iii-

66 797 323 886 siuiulant,·nihil
344 797 435 858 hahet
452 796 584 888 colorus·
596 797 665 876 quid
686 817 764 857 enim
783 797 1041 889 haedismptione
1061 817 1135 888 opus
1155 811 1210 873 est,

69 895 161 955 quum
191 873 304 952 ubique
330 889 531 934 summaieius
548 885 647 1009 pietas
673 885 704 933 ct
727 873 872 965 modestia
891 874 1019 954 Spiritus
1038 875 1209 966 testimonio

69 949 316 1042 commendetur?
355 949 446 1011 Forte
462 938 547 1031 lmpu
560 962 584 1011 it
603 971 654 1011 eos
675 949 798 1036 carnalis
819 951 942 1042 allectus
961 951 1157 1042 uehementis,
1175 964 1210 1012 ut

68 1027 437 1167 tltttttttttt‘tt't
451 1029 726 1166 ,ttitt'tttt’
749 1026 881 1180 ‹ii‘ld'¹⁰
901 1029 999 1089 ⁸²¹¹⁶¹⁰
1019 1049 1082 1088 ‘¹⁰¹¹
1103 1027 1208 1090 ‘¹¹¹¹'¹²⁰

68 1201 130 1242 uno
152 1181 282 1261 quodam
308 1147 426 1241 allatum
451 1181 539 1242 luisse
559 1125 692 1240 nuiitium
713 1181 750 1240 de
775 1180 894 1240 illorum
921 1181 1063 1256 adventu,
1091 1182 1209 1245 Marcus

68 1269 167 1350 autepi
188 1268 220 1318 et
238 1255 333 1318 Lucas
352 1257 487 1348 pluribus
512 1277 679 1317 sermonem
703 1255 855 1336 tribuunt,
886 1257 917 1316 in
938 1277 975 1318 eo
995 1257 1069 1318 nihil
1090 1271 1136 1318 est
1154 1258 1209 1321 ab·

67 1335 165 1472 pugili:
205 1354 309 1394 verum
328 1338 377 1415 (ut
396 1334 461 1427 lieri
481 1333 574 1427 solet)
594 1334 780 1427 mandatnm,
810 1333 891 1472 pnod
904 1333 948 1394 de
967 1333 1033 1414 ipso
1054 1337 1209 1397 evocando

67 1423 286 1548 12²m3222m’
304 1431 320 1472 a
340 1410 473 1494 pluribus
492 1410 619 1474 subinde
639 1422 793 1491 exceptum
826 1421 879 1487 uit,
897 1410 1126 1472 donectandeni
1138 1432 1209 1493 per-

145 1565 252 1625 lllatth.
272 1568 319 1632 48.
462 1577 504 1624 est
521 1577 615 1624 mater
632 1571 706 1624 iiico.
743 1563 814 1625 Non
834 1561 955 1623 dubium
982 1573 1042 1639 est,
1073 1563 1144 1644 quin
1163 1563 1208 1628 his

68 1642 167 1702 verbis
188 1653 328 1721 carpatur
346 1643 364 1702 ll
380 1642 458 1702 ariae
475 1641 702 1722 importunitas,
728 1652 759 1700 et
778 1651 858 1700 certe
879 1651 1072 1721 praepostere
1091 1661 1208 1710 cursum
1239 1640 1243 1650 “

67 1719 224 1780 doctrinae
245 1717 308 1777 eius
327 1719 504 1799 abrumpere
523 1718 666 1779 tentabat
705 1716 767 1778 Sed
791 1717 905 1778 interea
924 1718 1020 1778 carnis
1040 1728 1071 1779 et
1088 1739 1140 1779 sau
1184 1721 1209 1768 '-

68 1796 113 1854 nis
134 1793 389 1877 propinquitatem
410 1807 568 1856 extenuans
580 1795 744 1855 doctrinam
763 1793 849 1855 valde
868 1792 972 1854 utilem
992 1793 1119 1876 profert,
1158 1818 1208 1858 uni

68 1892 138 1933 suos
159 1891 264 1933 omnes
284 1871 442 1952 discipulos
462 1892 495 1931 ac
515 1871 616 1933 fideles
641 1873 671 1932 iii
692 1870 819 1932 eundem
838 1872 962 1933 honoris
981 1871 1105 1954 gradum
1129 1875 1208 1934 reci-

66 1951 130 2086 pit,
153 1949 214 2009 acsi
242 1948 322 2010 iuter
340 1947 577 2042 consanguineos
596 1949 690 2086 primi
710 1959 821 2010 essent:
851 1947 912 2009 imo
934 1969 985 2009 eos
1005 1949 1036 2008 in
1056 1950 1157 2010 matris
1177 1961 1208 2012 et

82 2039 192 2086 ratruni
213 2026 313 2086 locum
332 2025 491 2086 substituit.
529 2025 592 2085 Pcn
616 2037 646 2085 et
665 2037 762 2086 autem
781 2025 854 2086 haec
873 2026 1020 2091 sententia
1041 2046 1076 2086 ex
1095 2025 1208 2089 Christi

68 2103 189 2163 officio:
210 2103 234 2162 si
257 2101 357 2162 nificat
377 2102 471 2178 enirn,
490 2121 552 2162 noii
571 2103 672 2182 paucis
691 2101 864 2182 quibusdam
884 2119 915 2162 se
936 2101 1035 2162 datum
1055 2121 1135 2179 esse,
1153 2103 1207 2164 sed

67 2179 126 2258 piis
145 2123 295 2252 omniCus,
316 2179 415 2257 quiin
435 2201 527 2239 tinum
547 2201 612 2240 cum
633 2179 697 2259 ipso
716 2177 891 2259 corpuslide
903 2178 1078 2254 coaluerint,
1098 2179 1207 2241 deinde

65 2256 182 2318 nullum
202 2276 267 2316 esse
293 2256 421 2320 sanctius
447 2255 635 2347 cognationis
658 2255 807 2316 vinculum
833 2275 919 2334 quam
939 2255 1104 2334 spirituale,
1137 2257 1207 2336 quia

65 2333 231 2394 secundum
251 2352 370 2392 carnem
390 2353 504 2393 censeri
524 2351 587 2392 nou
607 2329 731 2405 debeat,
750 2331 801 2390 sed
821 2350 855 2390 ex
876 2330 1003 2411 Spiritus
1022 2331 1068 2390 sui
1087 2332 1207 2408 virtute,

67 2431 128 2490 quo
143 2410 277 2481 ,donatus
298 2421 343 2470 cst
361 2431 377 2470 a
398 2409 487 2469 Patre
507 2408 544 2468 ad
563 2408 752 2468 renovandos
771 2406 923 2481 homines,
952 2417 1001 2480 ut,
1031 2408 1081 2484 qui
1100 2419 1206 2468 natura

67 2487 217 2568 impurum
238 2497 269 2546 et
287 2485 475 2547 maledictum
487 2495 572 2545 crant
581 2483 720 2544 Abrahae
734 2503 846 2557 semen,
861 2482 1065 2618 ‘gratia‘sancti
1085 2495 1115 2543 et
1134 2503 1206 2544 coe·
1274 2506 1275 2509 ¹

66 2565 155 2625 lestes
174 2563 235 2624 Dei
254 2562 324 2623 Filii
344 2583 406 2624 ease
425 2561 578 2642 incipiant.
605 2561 690 2620 ·Ideo
710 2559 818 2620 Paulus
838 2558 869 2637 (Ι
887 2557 1094 2640 ‚Cor.5,16.)
1115 2557 1206 2620 Chri-

65 2653 142 2701 stum
162 2661 234 2700 vere
255 2640 397 2722 cognosci
416 2650 507 2722 negat
526 2637 686 2728 secundum
706 2657 841 2708 carnem,
862 2633 929 2716 quia
949 2635 1047 2715 potius
1067 2635 1206 2696 couside—
1241 2655 1242 2663 ¹

66 2718 159 2778 tanda
179 2717 219 2778 sit
237 2716 288 2777 illa
307 2716 408 2778 mundi
419 2727 579 2808 reparatio,
598 2733 671 2793 quae
682 2713 773 2806 longe
786 2711 1053 2847 suplpahuiifiananit
1066 2712 1223 2863 virbutem'
1272 2774 1275 2780 ,

863 2809 890 2848 ei
909 2809 942 2848 re
957 2808 1062 2848 orma.
1133 2809 1205 2850 uice

68 2795 199 2870 eminet,
224 2796 293 2856 dum
313 2814 368 2852 nos
390 2794 503 2874 Spiritu
522 2811 576 2852 suo
596 2790 633 2850 ad
652 2789 811 2872 imaginem

65 2891 179 2932 summa
204 2871 262 2930 huc
287 2870 397 2945 tendit,
435 2882 469 2930 ut
488 2867 639 2931 Christum
663 2867 805 2928 discamus
831 2865 901 2926 fidei
927 2864 1205 2946 oculisinspiccre:

67 2949 175 3008 deiude
196 2947 330 3022 sciamus,
348 2958 382 3006 ut
403 2946 525 3027 quisque
543 2944 657 3035 Spiritu
676 2944 826 3036 regenitus
845 2954 942 3004 totuni
962 2962 993 3003 sc
1011 2942 1082 3003 Deo
1102 2944 1133 3004 in
1152 2963 1205 3006 ve·

66 3045 129 3084 ram
149 3023 290 3114 iustitiam
311 3023 429 3114 addicit,
447 3022 488 3083 iti
502 3023 620 3084 Christo
631 3041 754 3112 maxime
771 3018 961 3111 coniunctum
975 3039 1048 3110 esse,
1067 3019 1205 3101 adeoque
1259 3064 1262 3072 ·

57 3121 156 3162 nuum
178 3122 247 3161 cum
266 3120 332 3181 ipso
352 3099 439 3160 ellici.
476 3099 575 3160 Porro
595 3118 647 3159 eos
667 3097 808 3189 inteiligit
832 3095 931 3158 facere
950 3095 1046 3156 Patris
1064 3096 1204 3158 volunta·
1249 3139 1253 3151 .

65 3189 141 3252 teni,
171 3197 237 3237 non
264 3177 314 3256 qui
338 3187 436 3236 exacte
460 3185 554 3236 totam
572 3174 661 3256 Legis
684 3175 824 3234 iustitiam
848 3171 975 3252 implent
1002 3177 1084 3252 (nam
1110 3173 1151 3234 ita
1171 3175 1203 3234 iii

65 3255 216 3316 neminem
242 3264 427 3388 competeret
449 3251 611 3314 fraternum
636 3271 763 3326 nomen,
794 3269 854 3331 quo
879 3249 927 3309 hic
950 3269 1019 3310 snos
1043 3249 1203 3332 discipulos

64 3331 215 3413 insignit),
234 3331 286 3390 sed
307 3330 392 3422 ‘deni
412 3329 569 3420 praecipue
581 3328 779 3402 commendat,
798 3326 1203 3407 quaesanctaeohedientiae
1248 3396 1251 3405 ¹

63 3407 134 3468 fons
156 3419 201 3468 est
220 3418 251 3467 et
270 3427 375 3488 origo,
405 3405 551 3486 simulque
572 3405 703 3465 delectus
723 3415 755 3464 et
773 3403 867 3465 carnis
886 3403 956 3462 vitia
975 3402 1066 3483 tegit,
1086 3425 1125 3464 ne
1144 3404 1202 3464 im-

85 3494 219 3544 utentnr.
257 3484 336 3544 Nota
362 3493 407 3543 est
430 3482 508 3542 enim
537 3479 648 3541 Christi
678 3479 839 3552 sententia,
877 3479 960 3540 Haec
991 3491 1037 3539 cst
1065 3481 1203 3541 voluntas

63 3507 164 3620 lauis
184 3560 252 3636 mei,
270 3572 304 3620 ut
324 3559 453 3640 quisquis
472 3557 552 3619 videt
562 3554 681 3632 Filium,
701 3567 732 3616 et
751 3556 846 3618 credit
863 3555 894 3614 iii
908 3575 985 3630 eum,
1004 3575 1067 3617 non
1087 3568 1202 3636 pereat,

64 3637 116 3697 sed
142 3634 252 3696 habeat
275 3637 364 3698 vitam
389 3646 553 3709 aeternam,
583 3635 705 3696 loannis
724 3639 759 3706 6,
783 3639 831 3699 40.
879 3632 1010 3692 Tametsi
1034 3643 1132 3693 autem
1152 3631 1201 3692 hic

63 3713 179 3774 nullum
199 3712 349 3796 sauguinis
367 3721 533 3792 respectum
552 3710 663 3772 hahere
681 3710 798 3772 videtur
814 3707 959 3784 Christus,
977 3709 1083 3770 scimus
1102 3721 1202 3771 tamen

63 3790 181 3870 reipsa
201 3801 302 3850 sancte
322 3788 447 3850 coluisse
458 3787 615 3848 humanum
626 3787 771 3862 ordinem,
793 3797 823 3846 et
842 3785 870 3844 le
894 3785 980 3845 itimis
1000 3804 1071 3875 erga
1091 3803 1201 3865 paren-

64 3876 108 3926 tes
128 3865 236 3927 officiis
257 3865 427 3926 deluuctum
448 3883 525 3941 csse,
544 3885 646 3924 scium
667 3884 738 3945 prae
758 3805 903 3944 spirituaii
922 3872 1111 3944 cognatione,
1132 3857 1200 3918 nul-

64 3941 120 4002 lius
143 3942 194 4004 vel
220 3943 317 4026 exigui
340 3940 484 4002 momenti
510 3941 658 4002 carnalem
688 3961 749 4002 esse
781 3939 930 3999 admonet
976 3935 1079 3996 Valeat
1108 3936 1201 4020 igitur

62 4019 145 4112 apud
161 4039 218 4080 nos
238 4019 310 4079 haec
330 4017 525 4110 comparatip,
544 4029 576 4076 ut
595 4029 719 4078 naturae
740 4016 859 4097 quidem
878 4015 951 4074 iusta
972 4012 1128 4088 solvamus,
1147 4013 1200 4075 sed

64 4117 146 4156 carni
172 4105 205 4156 et
228 4095 364 4190 sanguini
389 4116 451 4155 uon
480 4115 568 4155 simus
597 4095 720 4153 nimium
754 4093 841 4152 affixi.
892 4089 1049 4151 Caeterum
1079 4091 1199 4170 quando
1250 4115 1253 4120 ·

61 4172 222 4254 Evangelii
253 4193 298 4232 sui
329 4171 488 4252 discipulos
513 4169 739 4250 incomparabili
759 4169 874 4232 honore
894 4166 1037 4261 dignatur
1054 4164 1199 4242 Christus,

61 4262 96 4308 ut
115 4269 169 4310 eos
188 4269 245 4340 pro
266 4248 405 4340 fratribus
425 4247 542 4340 haheat,
564 4246 733 4338 detestanda
754 4257 797 4306 est
817 4255 918 4304 nostra
930 4245 1123 4324 ingratitudo,
1141 4245 1198 4338 uisi

61 4325 242 4465 ppp‘tlpffls
273 4325 409 4389 omnibus
434 4335 640 4424 carnulvotis,
671 4343 774 4385 omues
793 4332 912 4384 nostros
932 4331 1053 4387 conatos
1072 4321 1130 4385 hoc
1148 4343 1196 4385 io·

861 1105 1026 1166 Matthaeus
1045 1105 1150 1182 refert,
1170 1107 1208 1168 ab
1276 1111 1280 1116 ’
1338 1061 1342 1068 ¹
