2764 4854
250 175 423 256 (215-16.
462 174 600 237 Mulieres
620 176 787 256 sepulcrum
807 177 972 255 adeuntes.)
1133 185 1191 245 889

48 350 91 392 tre
109 327 240 412 magistri
261 327 428 392 audierant:
449 329 500 390 sed
513 329 581 409 qnia
593 327 724 390 retinent
733 329 872 412 generale
892 331 1069 410 principium
1090 331 1126 392 de
1144 331 1190 392 ul-

48 408 106 466 ima
118 406 345 482 resurrectione,
365 406 528 488 ignoscitur
544 406 676 467 defectus
696 407 757 481 ille,
776 407 826 485 qui
846 418 940 466 totum
960 419 1056 467 actum
1076 412 1125 498 (nt
1143 409 1191 470 lo-

48 485 178 561 puuutur)
197 481 304 543 merito
322 481 460 556 vitiasset.
500 483 551 543 Sic
569 484 651 544 Deus
670 504 759 563 saepe
780 495 901 562 paterna
921 483 1104 567 indulgentia
1123 506 1190 544 san-

48 571 149 620 :torum
169 558 267 620 olficia
287 557 424 639 suscipit,
464 578 539 638 quae
564 580 628 621 uon
646 561 737 622 ruodo
757 560 820 620 siue
841 561 926 621 venia
946 580 1008 620 non
1029 560 1192 639 placerent,

48 637 88 696 ed
107 635 170 696 inre
191 635 280 695 etiam
300 656 366 696 cum
385 635 395 694 i
439 636 548 696 ominia
567 649 598 696 et
617 656 714 716 poena
727 627 960 717 repudiarentur.
985 637 1021 696 In
1043 657 1079 696 eo
1101 637 1191 718 igitur

48 711 164 794 *efulget
182 711 255 772 mira
276 710 386 772 Christi
397 657 538 787 binius,
569 713 649 792 qnod
670 713 800 806 benigne
826 725 857 774 et
876 713 1001 796 comiter
1018 713 1191 777 mulieribus
1246 751 1251 762 .

48 789 114 850 yirus
145 787 290 864 occurrit,
328 809 403 868 quae
435 809 589 869 perperam
620 789 713 869 ipsum
736 801 971 851 intermortuos
1000 789 1190 869 quaerebant.

48 864 152 939 Quodsi
170 864 233 924 illas
253 864 359 926 frustra
378 866 415 926 ad
434 887 466 926 se
490 865 694 927 ulerumsuum
715 865 814 927 venire
834 887 932 946 passus
952 888 1013 927 non
1034 877 1086 940 est,
1106 879 1190 927 certo

50 952 163 1002 tatuerc
175 941 326 1015 convenit,
345 941 369 1002 si
389 942 452 1022 quis
468 887 531 1002 hdr
550 963 629 1003 nunc
648 943 685 1002 ad
706 964 771 1002 eum
791 943 910 1023 aspiret,
929 943 1048 1004 minime
1068 944 1190 1003 frustra-
1237 985 1247 1008 .

49 1039 94 1076 um
114 1017 164 1078 iri:
195 1017 263 1110 quia
283 1037 345 1079 nou
364 1018 507 1099 impediet
524 1018 659 1080 locorum
680 1018 829 1094 distantia,
855 1020 934 1098 .quin
976 1019 1106 1079 otiantur
1125 1021 1190 1099 ipso

48 1094 150 1170 ideles,
170 1115 221 1174 qut
240 1093 357 1154 coelum
376 1107 407 1154 et
425 1107 534 1156 terram
555 1095 681 1174 Spiritus
702 1095 746 1156 sui
765 1095 873 1155 virtute
893 1043 1004 1176 implet.

108 1173 200 1232 Marc.
219 1179 247 1236 1.
290 1171 332 1229 Et
374 1193 441 1231 ιιιιιιι
470 1175 650 1248 ρνιιεισήειει
680 1171 846 1232 saetam.
886 1173 974 1250 ¹Idem
1003 1171 1082 1232 valet
1110 1172 1191 1252 qnod

48 1246 160 1308 nabetur
185 1248 264 1328 apud
289 1193 484 1323 Matthaeum,
526 1247 564 1307 V
559 1271 661 1324 esprm
684 1271 758 1328 puna
780 1249 895 1308 Ιιισιισὶι
918 1253 951 1308 iu
965 1252 1094 1326 primurn
1116 1250 1192 1308 diem

48 1321 237 1386 tattonem:
274 1325 345 1384 item
381 1323 460 1405 apud
487 1323 613 1400 Lucam,
645 1331 747 1401 puisun
784 1324 830 1384 die
858 1323 1058 1388 Subiectorum.
1115 1326 1190 1386 Nam

48 1421 122 1477 {uum
141 1401 277 1476 sciamus,
294 1400 420 1463 Iudaeos
441 1421 457 1460 a
477 1401 577 1480 primis
591 1401 687 1464 noctis
705 1401 836 1462 tenebris
856 1403 933 1462 diem
954 1402 1041 1462 luisse
1062 1422 1192 1474 exorsos,

48 1477 206 1560 utellignut
218 1497 331 1550 omnes,
351 1477 435 1538 linito
447 1477 581 1538 Sabbato
602 1479 638 1538 de
658 1477 795 1559 sepulcro
814 1479 938 1540 visendo
958 1478 1094 1538 mulieres
1114 1479 1192 1538 inter

49 1573 63 1612 e
84 1553 238 1616 consilium
258 1554 386 1634 cepisse,
406 1565 438 1614 ut
457 1553 526 1614 illuc
547 1566 615 1615 ante
635 1575 770 1616 auroram
789 1555 933 1616 venirent.
964 1559 1098 1614 Primum
1115 1553 1192 1614 diem

48 1627 225 1691 ἶιιὸόιιιοιιιιιιι
243 1630 303 1690 duo
319 1630 525 1712 Evangelistae
545 1631 711 1707 nominant,
730 1651 805 1711 quae
825 1633 929 1692 ordine
948 1632 1042 1713 prima
1062 1641 1126 1692 erat
1145 1631 1191 1689 in·

48 1726 80 1766 er
98 1708 158 1768 duo
174 1705 314 1768 Sabbata.
354 1707 446 1784 Quod
465 1705 515 1767 alii
535 1718 688 1768 verterunt
705 1729 812 1783 mm,
831 1709 940 1769 erroris
960 1729 1075 1770 eausam
1093 1705 1191 1766 multis

48 1790 169 1852 traebuit
188 1790 228 1852 oh
244 1789 364 1874 linguae
380 1789 534 1852 hebraicae
551 1791 711 1852 inscitiam:
731 1803 798 1852 nam
819 1811 907 1870 qnum
927 1807 990 1850 anre
1009 1813 1088 1852 nunc
1102 1813 1192 1850 uuum

48 1867 287 1947 ignificet'nuuc
301 1872 442 1946 primun,
461 1867 667 1950 Evangelistac
687 1871 736 1948 (ut
752 1868 782 1927 in
794 1867 926 1948 pluribus
945 1866 1008 1928 aliis
1028 1867 1117 1944 locis)
1138 1867 1191 1926 he-

48 1944 160 2004 ·raicam
185 1944 304 2024 phrasin
331 1944 447 2027 sequuti
494 1959 541 2009 (αν
560 1943 704 2005 dixerunt.
748 1945 774 2006 E
799 1965 817 2004 o
842 1965 915 2005 vero
944 1949 998 2023 (ne
1019 1943 1192 2025 ambiguitas

48 2019 164 2098 alleret)
183 2041 286 2081 eorum
304 2036 435 2082 mentem
451 1975 555 2085 elhrius
573 2021 702 2099 exposui.
728 1964 797 2082 sel
804 2021 838 2080 in
856 2020 1008 2101 emptione
1028 2030 1191 2080 aromatum
1253 2043 1257 2068 ι

48 2129 49 2154 ι
70 2097 162 2158 Marci
182 2095 280 2158 verbis
301 2096 439 2157 nonnihil
458 2097 579 2156 dissidet
589 2096 687 2157 Lucae
707 2098 848 2169 narratio,
869 2097 949 2176 quod
968 2097 999 2154 in
1020 2095 1122 2154 orbern
1142 2117 1191 2154 re-

48 2193 133 2232 *ersae
153 2172 322 2253 paraverint
340 2183 485 2233 aromata:
506 2172 612 2231 deinde
631 2173 792 2232 secundum
810 2193 914 2252 praece
938 2184 1000 2230 tum
1008 2172 1050 2230 Le
1074 2171 1095 2230 is
1107 2171 1192 2249 quie-

48 2249 131 2307 'erint
148 2270 210 2308 nno
230 2248 294 2323 die,
313 2259 472 2327 antequam
492 2247 550 2306 iter
569 2247 718 2329 ingressae
737 2249 804 2308 sint
838 2247 898 2308 Sed
917 2193 1034 2306 hiarcus
1052 2192 1127 2306 duas
1144 2267 1191 2306 res

48 2325 160 2383 liversas
181 2324 287 2383 eodem
307 2334 447 2384 contextu
466 2321 598 2400 reserens
618 2334 753 2402 tempora
771 2323 866 2384 minan
885 2334 1020 2382 accurate
1033 2343 1119 2400 quam
1131 2323 1190 2382 Lu-

50 2420 80 2458 as
100 2399 268 2482 distinguit:
288 2419 356 2460 nam
376 2398 457 2488 quod
469 2399 550 2478 prius
560 2409 655 2459 actum
674 2409 746 2472 crat,
765 2420 824 2458 una
843 2419 908 2459 cum
928 2399 1115 2478 prolcetione
1134 2397 1191 2458 nii-

48 2487 103 2536 cet.
142 2475 178 2534 ln
198 2495 230 2536 re
250 2475 368 2555 quidem
388 2495 450 2554 rpsa
470 2475 588 2554 optime¹
602 2476 797 2549 conveniunt,
816 2476 896 2554 qnod
916 2496 995 2535 sacra
1017 2475 1119 2552 quiete
1137 2477 1191 2534 de.

48 2557 152 2612 unctae
169 2551 267 2630 adhuc
286 2552 365 2611 inter
383 2550 479 2611 noctis
499 2551 636 2612 tenebras
656 2552 746 2611 ἀοιιιο
763 2571 897 2633 egressae
915 2551 984 2626 sint,
1003 2563 1036 2610 ut
1054 2550 1108 2610 sub
1129 2553 1190 2630 pri-

48 2649 111 2687 num
137 2627 297 2690 diluculunt
322 2628 367 2688 ad·
383 2627 549 2718 sepulcrum
575 2627 758 2687 accesserint.
811 2629 921 2686 Iterum
952 2647 1022 2686 vero
1048 2629 1216 2708 memoria,

47 2706 194 2765 eneudutn
214 2716 259 2765 est
277 2703 360 2785 quod
377 2725 459 2784 prrus
478 2704 531 2762 atti
555 2703 573 2778 ‘,
592 2703 681 2763 ritum
700 2703 830 2785 ungendi
843 2716 985 2776 mortuos,
1006 2702 1075 2764 licet
1094 2703 1191 2764 mtrltis

48 2780 166 2842 nolanis
184 2781 323 2864 gentibus
341 2780 503 2856 communis
536 2791 611 2856 oret,
631 2781 708 2859 apud
728 2780 808 2840 solos
820 2781 945 2840 ludaeos
960 2779 1092 2861 legitimo
1105 2781 1191 2839 luisse

48 2879 63 2914 n
84 2879 153 2933 usu,
174 2859 278 2938 quihus
297 2877 313 2918 a
332 2856 465 2950 patribus
484 2857 606 2917 traditus
628 2857 739 2931 suerat,
768 2866 801 2916 nt
819 2877 850 2917 se
871 2859 901 2916 in
922 2857 979 2916 lide
999 2854 1190 2917 resurrectio-

48 2935 78 2994 ris
99 2947 277 2996 exercerent.
317 2933 451 2994 (nadaver
470 2933 550 2993 enirn
569 2954 656 2994 sensu
675 2932 820 3012 privatum
841 2934 962 2993 condire
981 2931 1045 2992 siue
1066 2933 1122 2992 hoc
1142 2953 1191 2992 re-

48 3023 135 3088 pectu
162 3012 301 3094 frigidum
326 3023 357 3072 et
381 3011 470 3071 inane
494 3009 630 3070 solatium
656 3009 771 3082 suisset,
792 3011 868 3070 sicut
889 3009 1053 3091 Aegyptios
1077 3009 1192 3084 scimus,

48 3107 87 3146 tac
107 3088 138 3148 in
158 3101 242 3170 parte
262 3087 346 3148 anxie
365 3086 454 3150 luisse
475 3106 618 3166 operosos
645 3085 800 3146 sineullo·
815 3087 960 3165 proiectu.
1000 3086 1090 3164 Atqui
1109 3086 1191 3158 Deus

48 3175 91 3223 roe
110 3186 194 3227 sacro
215 3161 350 3245 symbolo
371 3162 487 3224 ludaeis
506 3162 582 3222 vitae
603 3162 759 3244 imaginem
780 3162 811 3222 in
831 3176 926 3224 morte
941 3162 1192 3244 repraesentabat,

48 3247 66 3294 tt
84 3261 115 3300 se
137 3263 171 3302 ex
191 3241 348 3322 putredine
367 3251 398 3299 et
418 3239 539 3320 pulvere
560 3259 669 3299 nornrn
688 3238 821 3320 vigorem
841 3253 1013 3320 recepturos
1028 3251 1191 3330 sperarent.

48 3311 131 3376 locro
153 3316 263 3379 Christi
281 3317 458 3376 resurrectio
479 3315 563 3394 sicpti
583 3315 699 3376 vivifico
720 3334 773 3374 sno
787 3316 888 3376 odore
908 3327 1073 3396 penetravit
1092 3315 1190 3374 omnia

48 3391 177 3470 epulcra,
196 3404 230 3452 ut
247 3392 336 3454 vitam
355 3391 388 3451 in
406 3403 540 3453 mortuos
557 3392 693 3483 spiraret,
712 3391 752 3450 ita
774 3403 905 3452 externas
924 3393 988 3452 illas
1008 3387 1191 3452 ceremonias

50 3461 171 3529 holerit.
211 3469 313 3546 Quare
334 3489 395 3530 non
416 3469 478 3548 ipse
498 3467 681 3530 adminiculis
699 3465 816 3550 egebat,
835 3469 887 3530 sed
905 3469 1059 3529 mulierum
1080 3467 1191 3527 ruditas

51 3550 61 3597 t
81 3543 213 3621 inscitia,
233 3545 300 3625 quia
319 3545 451 3606 nondum
467 3544 565 3627 probe
584 3543 747 3620 tenebant,
771 3543 866 3625 ipsum
887 3565 904 3604 a
924 3543 1116 3625 corruptione
1135 3543 1190 3602 im-

48 3635 148 3682 nnnem
169 3642 242 3682 esse.

106 3703 135 3761 a
174 3695 373 3777 Dicetmqu
390 3700 466 3757 iuter
483 3719 522 3758 aa.
561 3697 648 3756 Hanc
671 3695 887 3758 dubitationem
906 3696 986 3758 solus
1006 3697 1121 3756 hiarcus
1141 3716 1189 3755 ex-

48 3768 146 3835 ·rimit:
179 3777 232 3836 sed
252 3795 341 3854 quum
362 3773 411 3833 alii
430 3784 552 3834 narrent
571 3772 697 3854 lapidem
721 3772 758 3846 ab
780 3773 887 3855 angelo
908 3772 995 3833 fuisse
1015 3773 1191 3844 revolutum,

47 3847 120 3909 acile
141 3851 309 3934 colligitur,
333 3849 484 3930 perplexas
505 3849 628 3910 haesisse
650 3859 681 3910 et
700 3849 816 3909 consilii
836 3847 953 3922 dubia&
981 3850 1077 3909 donec
1096 3847 1191 3906 aditus

48 3919 92 3981 lei
116 3949 205 3989 manu
229 3927 392 4009 patefieret.
420 3926 595 3993 xCaeterum
620 3925 688 3986 hinc
709 3927 867 4000 discamus,
896 3926 961 3985 zelo
981 3945 1034 3985 suo
1055 3924 1191 4002 abreptas

51 3995 98 4058 ine
119 4005 245 4066 consilio
267 4003 336 4064 illuc
356 4001 479 4063 venisse.
517 4001 659 4081 Lapidem
679 4000 815 4081 sepulcro
835 4001 971 4063 viderant
988 3993 1119 4083 0‘pponi,
1140 3995 1191 4078 qui

51 4069 69 4128 b
90 4078 223 4160 ingressu
243 4078 361 4172 quosvis
379 4091 507 4139 arceret:
548 4100 601 4138 cur
625 4078 655 4138 id
681 4077 761 4138 domi
785 4096 839 4155 per
866 4077 957 4136 otium
978 4097 1039 4137 uon
1059 4075 1190 4136 venitin

48 4162 180 4232 nentem,
192 4161 197 4174 “
211 4158 266 4216 nist
292 4155 360 4236 quia
380 4167 460 4216 metu
481 4167 511 4216 et
530 4154 723 4216 admiratione
743 4153 882 4214 attonitas
906 4153 983 4212 ratio
1001 4165 1032 4212 et
1050 4151 1192 4212 memoria

48 4219 153 4293 leficit?
193 4233 253 4298 Sed
273 4233 341 4314 quia
362 4233 412 4314 pio
432 4232 549 4296 terrore
570 4229 751 4304 coeuntiuut,
770 4227 871 4289 vitium
891 4229 948 4289 hoc
960 4228 1016 4289 illis
1028 4231 1109 4290 Deus
1129 4246 1211 4288 non.
1251 4223 1264 4240 “

48 4315 168 4378 mputat
472 4347 477 4352 ·
