2778 4838
361 247 528 324 (tw-8⁰.
567 241 689 306 Ioannis
708 241 859 323 baptistae
878 243 959 320 nex.)
1194 245 1235 306 ω

73 395 225 488 offepsam
243 395 363 478 tyratanl
382 396 534 460 incurrere
546 378 608 458 uon
624 395 749 471 dubitat,
767 393 938 476 praesertim
952 411 1041 473 quum
1052 388 1151 466 sciret,
1168 411 1239 462 ute-¹

72 486 190 535 retrtcrs
211 471 359 535 illecebris
379 487 495 555 captum
515 475 561 534 vix
579 493 667 555 posse
686 493 702 532 a
723 473 878 606 prpposito
898 470 1020 530 moveri.

150 550 296 642 mattha.
320 550 415 634 Quum
429 551 511 611 vellat
524 573 588 611 eum
603 548 742 612 oocidm.
791 549 889 609 idetur
899 547 931 605 iu
940 542 1083 606 Matthaei
1096 553 1127 604 et
1138 543 1232 604 Marci

73 625 174 719 verbm
199 625 344 718 nonnulla
368 647 431 689 esse
457 627 667 708 discrepantia,
698 625 780 706 quod
804 624 887 704 prior
910 622 1062 683 Herodem
1086 619 1232 680 nefandae

76 703 173 764 caedas
195 705 336 784 cupidum
354 703 442 795 fuisse
462 704 547 781 dicit,
571 704 623 765 sed
642 713 722 763 metu
741 700 847 782 populi
866 700 953 760 luisse
973 707 1133 760 retentum:
1158 695 1233 756 alter

73 801 146 872 vero
166 780 587 871 muamoblerodrademhuius
606 777 784 841 crudelitatis
803 776 959 836 insimulat.
997 774 1057 836 Sed
1076 772 1170 832 facilis
1180 792 1231 832 so-

72 856 149 918 lutra
171 867 227 930 est,
245 865 331 917 rotun
352 859 432 936 quod
449 858 595 931 Herodes,
609 855 667 915 uisi
677 860 742 934 'qna
761 853 856 914 maior
875 851 1031 922 necessitas
1049 850 1175 910 invitum
1191 848 1233 908 ita

72 933 175 996 facere
196 945 329 1024 cogeret,
347 945 478 994 sanctum
497 934 591 995 virum
611 933 747 1006 occidere
766 929 905 1004 noluerit,
924 925 992 1008 quia
1011 927 1093 987 illum
1113 944 1232 986 revere-

74 1008 174 1086 batur,
195 1009 364 1100 etquidem
384 1009 521 1100 obstabat
538 1009 656 1092 religio,
674 1029 713 1068 ne
732 1019 792 1068 tam
811 1007 952 1066 atrociter
969 1005 1001 1063 iu
1020 1003 1080 1064 Dei
1095 999 1232 1082 Prophe·

74 1099 135 1178 tam
156 1097 294 1148 saeviret:
319 1087 465 1148 Herodras
484 1097 581 1147 autem
600 1085 714 1146 assidue
734 1105 800 1144 eum
819 1080 995 1143 stimulando
1014 1079 1075 1140 Dei
1093 1079 1232 1138 timorem

76 1185 104 1223 eu
124 1163 293 1253 excusserit.
311 1220 312 1228 ,
330 1163 488 1244 Sedquum
499 1162 639 1223 elles-'atus
648 1161 685 1221 ab
698 1160 748 1221 illa
761 1159 836 1220 furia
848 1158 1020 1219 exstinctum
1031 1165 1154 1235 cuperet
1164 1175 1232 1214 sau-

75 1251 282 1331 ctumymrm,
299 1251 431 1301 retentus
451 1240 549 1300 fuerat
566 1257 645 1300 novo
666 1235 832 1309 obstaculo,
852 1232 995 1314 quia'sibi
1011 1231 1161 1294 timebata
1176 1249 1233 1310 po-

75 1316 174 1408 pulari
193 1328 296 1408 motu..
326 1317 423 1396 Atque
438 1317 486 1377 bic
504 1314 635 1377 notanda
646 1325 718 1398 ¹sum
731 1311 932 1386 Marciverba,
950 1309 1108 1382 Herodias,
1127 1305 1247 1384 inquit,

75 1393 272 1454 insidiabatur
287 1391 344 1453 ulli:
365 1413 474 1474 nempe
494 1392 562 1484 quia
580 1388 743 1471 sponte-ad
763 1389 883 1448 caedem
902 1405 1068 1468 propensus
1086 1401 1148 1441 nou
1170 1391 1234 1442 erat

76 1471 226 1561 Herodes,
244 1469 292 1530 vel
311 1469 438 1549 obliquis
458 1467 569 1530 artubus
588 1488 655 1538 eum
666 1463 877 1526 circumvenire
887 1462 1032 1534 tentabat,
1049 1459 1097 1520 vel
1114 1457 1234 1518 claude-

77 1559 186 1607 sunum
205 1557 309 1607 sancto
329 1547 395 1606 viro
415 1546 533 1606 exitium
551 1543 737 1604 moliebatur.
775 1540 850 1601 Mihi
870 1539 954 1619 prior
977 1534 1122 1598 sententia
1141 1532 1234 1614 magis

76 1625 187 1703 placet,
206 1623 287 1702 quod
324 1641 357 1682 er
373 1622 491 1684 insidias
505 1621 602 1682 mariti
617 1619 745 1679 animum
758 1615 928 1698 captaverit,
946 1615 999 1674 sed
1010 1613 1127 1685 trustra,
1146 1629 1236 1690 quam

78 1701 130 1760 dau
148 1700 264 1782 scilicet
282 1644 399 1759 obstitit
416 1697 598 1760 couscientia
618 1694 743 1770 Herodi,
762 1716 802 1754 ne
821 1692 1006 1754 sanctovito
1026 1687 1156 1748 ultimam
1175 1685 1234 1773 vim

78 1777 215 1838 afferret.
249 1776 367 1836 Deinde
392 1775 531 1836 successit
556 1772 629 1834 alius
652 1783 762 1846 metus,
787 1791 826 1831 ne
846 1769 910 1848 quis
930 1787 964 1828 ex
983 1764 1086 1826 mortis
1106 1763 1167 1824 eius
1187 1783 1234 1822 111-

79 1855 225 1945 dignitate
244 1851 382 1944 tumultus
402 1861 576 1943 emergeret.
614 1849 676 1910 Sed
688 1849 804 1910 Marcus
814 1857 927 1908 tantum
939 1843 1011 1904 attin
1035 1843 1067 1914 it,
1087 1839 1157 1921 quid
1170 1839 1234 1898 He-

78 1934 184 1993 rodem
203 1929 381 2010 impedierat,
400 1949 556 2065 rpuommus
581 1925 677 1986 statim
702 1943 816 1986 morem
836 1920 960 2006 gesserit
977 1863 1068 1980 sedni
1088 1915 1235 2052 precibus.

79 2007 223 2090 Optasset
232 2006 311 2066 enlm
322 2006 405 2066 Hero
428 2006 479 2080 ias,
498 2003 618 2066 simulac
637 2003 669 2062 io
688 2021 836 2062 carcerem
856 2009 967 2061 tractus
984 1994 1081 2055 luerat
1111 2011 1235 2066 oannes,

78 2090 117 2180 de
143 2107 182 2148 eo
207 2081 453 2175 sumioccul'tum
477 2080 662 2216 supplicium.
699 2077 792 2156 Atqui
811 2074 946 2135 Herodes
966 2069 1086 2134 colebat
1102 2081 1237 2130 sanctum

77 2185 185 2236 utrum,
204 2173 239 2221 ut
257 2172 345 2221 ettam
365 2179 425 2220 erus
445 2179 526 2218 consi
539 2157 574 2216 ris
593 2155 723 2216 libenter
741 2163 868 2234 pareret.
906 2149 1007 2210 Porro
1023 2147 1128 2220 timor,
1153 2144 1237 2204 cuius

77 2241 128 2302 bic
144 2242 179 2300 fit
191 2237 316 2311 mentio,
335 2255 397 2296 uon
416 2243 480 2294 erat
497 2231 627 2294 formido
646 2252 682 2292 ex
701 2229 796 2290 aliena
814 2225 959 2308 opinione
977 2233 1133 2301 concepta,
1151 2219 1237 2280 sicuti

77 2318 236 2379 metuimus
251 2314 356 2394 quibus
366 2323 454 2404 parta
467 2321 512 2370 est
522 2308 619 2392 aliqua
638 2305 807 2378 auctoritas,
826 2301 942 2364 tametsi
961 2299 1059 2361 bonor
1098 2297 1236 2378 'ndignos

78 2413 248 2456 censemus:
273 2391 325 2451 sed
342 2389 392 2448 buc
409 2387 500 2446 timor
517 2383 683 2444 voluntaria
703 2392 767 2442 erat
785 2377 983 2451 observantia,
1002 2375 1069 2456 quia
1120 2373 1237 2446 erodes,

80 2493 170 2552 quem
189 2479 320 2530 sanctum
339 2465 434 2526 virum
455 2474 486 2522 et
504 2459 621 2522 fidelem
640 2457 699 2518 Dei
717 2455 881 2516 ministrum
904 2472 967 2514 esse
990 2470 1143 2530 persuasus
1163 2457 1237 2521 erat,

79 2550 136 2609 bac
156 2549 194 2609 de
214 2567 299 2606 causa
318 2563 387 2602 non.
401 2537 528 2600 audebat
548 2546 757 2597 contemnere·
786 2533 886 2608 Atque
911 2529 970 2588 boc
989 2537 1094 2586 uoutu
1113 2524 1142 2583 di
1166 2543 1236 2582 num

80 2638 139 2688 est:
161 2621 291 2705 quamvis
311 2619 390 2680 euim
410 2626 545 2697 expertus
563 2623 640 2672 essct
658 2612 797 2681 Ioannes,
816 2606 888 2666 utile
909 2605 972 2665 csse
980 2601 1078 2662 multis
1090 2543 1186 2660 modis
1205 2617 1237 2658 se

80 2701 199 2784 pollere
219 2699 316 2777 aliqua
335 2694 430 2777 gratia
448 2691 526 2772 apud
545 2687 749 2759 Tetrarcbam,
767 2703 830 2744 uon
844 2694 943 2742 tamen
955 2679 1016 2740 cius
1027 2677 1154 2738 animum
1164 2673 1236 2733 alie·
1251 2689 1262 2706 ‘

79 2799 154 2839 nare
174 2776 283 2838 veritus
302 2785 357 2848 est,
377 2790 466 2851 quum
486 2767 571 2828 aliter
590 2784 653 2826 non
671 2773 773 2844 posset
790 2759 924 2822 fauorem
941 2755 1025 2816 illum
1042 2751 1131 2825 tueri,
1150 2769 1237 2830 quam

79 2855 197 2936 perfide
216 2853 253 2912 ad
272 2861 376 2910 uotum
396 2859 427 2906 et
445 2843 554 2905 infame
572 2842 666 2904 scelus
686 2836 884 2900 connivendo.
922 2829 1039 2893 Testari
1050 2828 1168 2909 quidem
1180 2846 1238 2906 po·
1337 2878 1339 2887 .

78 2945 172 3007 terat,
190 2950 223 2992 se
243 2927 361 2988 'neatis
381 2920 543 2984 commodis
561 2918 680 2978 minime
702 2914 867 2985 consulere,
892 2930 948 2970 uec
968 2907 1055 2969 alium
1075 2925 1160 2986 quam
1181 2923 1237 2982 pu-

80 3009 181 3072 blicae
196 3029 215 3066 u
230 3007 237 3020 '
251 3003 327 3064 utatis
339 2999 449 3060 babere
461 3019 508 3066 res
531 3007 635 3058 ectum.
676 2991 799 3054 Certum
818 2988 896 3049 euim
916 2997 970 3058 est,
988 2983 1062 3044 nibil
1081 2981 1237 3042 ambitiose

80 3105 215 3168 rogasse,
233 3081 285 3142 sed
303 3077 483 3159 morigerum
502 3017 545 3134 illi
556 3071 643 3132 fuisse
654 3069 807 3128 Herodem
825 3065 858 3124 iu
876 3063 983 3124 sanctis
1002 3059 1143 3130 consiliis,
1181 3074 1237 3116 uae

82 3163 121 3223 ad
148 3161 307 3243 legitimam
331 3153 417 3236 regui
436 3148 717 3212 administrationem
741 3141 924 3225 spectabant.
960 3139 1072 3198 Verum
1092 3135 1160 3216 quia
1200 3153 1238 3193 oc

83 3259 151 3300 corn
176 3230 335 3298 cusationis
354 3251 446 3313 genus
465 3227 521 3288 sibi
539 3225 652 3287 licitum
672 3227 816 3282 essenon
835 3219 925 3292 videt,
943 3226 977 3276 ut
994 3213 1148 3274 veritatem
1165 3225 1238 3292 pro·
1300 3263 1308 3276 ,

84 3261 186 3377 dendo
226 3311 347 3374 uaedam
367 3304 464 3366 officia
486 3304 600 3377 eliciat,
623 3300 738 3359 bostem
759 3317 792 3357 cx
812 3295 908 3356 amico
927 3291 983 3354 sibi
1002 3290 1100 3351 sacere
1119 3285 1240 3361 namt,

79 3386 84 3402 ⁸
106 3413 174 3453 uam
194 3334 363 3452 adulatione
381 3382 429 3444 vel
448 3380 566 3442 silentio
586 3377 690 3438 fovere
709 3373 827 3447 malum,
852 3369 933 3451 quod
952 3387 1055 3430 severe
1073 3365 1239 3446 repreben-

83 3412 157 3531 dere
176 3467 302 3549 cogitur.
338 3457 533 3537 Praescripsit
550 3473 622 3536 ergo
634 3453 762 3512 Ioannes
778 3469 832 3512 suo
844 3446 976 3526 exemplo
992 3444 1049 3525 piis
1067 3438 1239 3506 doctoribus

84 3557 199 3607 certam
217 3541 359 3623 regulam,
378 3549 418 3596 ne
438 3531 622 3596 distimulent
631 3526 798 3610 principum
816 3524 898 3598 vitia,
917 3534 950 3582 ut
968 3522 1023 3581 bac
1041 3517 1177 3580 mercede
1194 3513 1239 3572 fa-

84 3643 189 3683 vorem
208 3637 312 3680 cortun
332 3609 515 3695 quantumvis
533 3610 564 3668 iu
585 3623 740 3668 commune
758 3601 860 3682 utilem
879 3599 1032 3660 redimant.
1070 3597 1105 3654 In
1116 3589 1241 3652 Herode

84 3720 159 3760 vcro
199 3695 263 3756 nasi
281 3694 313 3757 iu
332 3689 453 3782 speculo
473 3685 560 3748 nobis
581 3680 710 3743 ostendit
729 3678 857 3770 Spiritus
867 3675 937 3750 Dei,
956 3695 1004 3734 sae
1027 3669 1240 3747 econtingere,

84 3788 131 3850 ut,
150 3796 201 3854 qur
214 3774 312 3833 Deum
330 3785 445 3827 sincere
465 3783 526 3824 non
547 3759 659 3832 colunt,
676 3769 771 3838 parata
790 3755 849 3814 sint
867 3765 966 3813 tamem
985 3693 1082 3826 adque
1101 3766 1135 3804 ex
1176 3752 1242 3800 arte

87 3849 214 3932 obsequi
234 3849 294 3910 eius
313 3841 475 3913 mandatis,
498 3839 590 3900 modo
614 3834 655 3894 eis
680 3853 735 3924 per
757 3828 969 3912 indulgentiam
994 3821 1103 3902 aliquid
1122 3763 1243 3894 relaxet,

86 3929 149 3989 Sed
168 3927 221 3987 ubi
240 3922 363 4016 rigidius
373 3929 525 4009 urgentur,
544 3931 663 3973 excusso
683 3929 755 4000 rugo
775 3927 837 3968 non
856 3905 947 3965 modo
967 3901 998 3960 iu
1017 3894 1243 3968 contumaciam,

86 4007 139 4066 sed
160 4005 190 4064 in
210 4001 323 4064 rabiem
343 3995 510 4088 prosiliunt.
547 3991 618 4050 Nou
628 3987 781 4069 testigatur,
801 4004 853 4044 cur
867 3980 923 4042 sibi
951 3977 1079 4052 la'ceant,
1100 3973 1149 4052 qui
1164 3970 1242 4031 mul-

87 4083 125 4143 tis
144 4080 223 4142 sanis
242 4075 372 4139 consiliis
391 4071 615 4150 obtemperant,
638 4064 734 4125 donec
758 4081 789 4122 se
815 4059 846 4120 iu
872 4001 998 4118 solidum
1016 4053 1086 4112 Deo
1106 4049 1248 4112 addicere

87 4171 120 4219 et
138 4155 286 4220 subiicere
306 4148 469 4212 didicerint
590 4213 592 4223 Ι

165 4241 195 4300 6.
237 4230 333 4314 Qum
356 4240 451 4288 ment
473 4219 672 4282 summaer.
715 4217 802 4276 Nunc
828 4208 974 4291 incipiunt
998 4223 1119 4266 narrare
1143 4203 1243 4262 Evan-

88 4311 234 4454 gelistae,
254 4327 315 4386 qua
338 4305 441 4365 fraude
457 4297 606 4360 Herodias
625 4291 732 4355 loanni
752 4288 888 4363 exitium,
911 4284 993 4366 quod
1012 4281 1063 4343 diu
1081 4275 1245 4342 machinata

102 4397 201 4465 uerat
217 4381 338 4448 undem
358 4375 502 4446 attulerit:
522 4371 639 4438 occasio
652 4383 750 4433 autem
762 4367 806 4428 illi
817 4367 884 4428 data
895 4374 940 4426 est
956 4381 991 4424 ex
1007 4356 1134 4423 solleuni
1146 4353 1248 4436 epulo,

1048 4467 1054 4498 t
