2756 4838
302 203 310 215 “
400 244 482 322 (ιιι.
520 239 929 334 aspernamentum.)
1187 249 1245 311 aaa

50 383 53 390 ’
88 391 130 452 his
148 405 319 475 purgarent,
338 404 478 478 putarent
496 413 706 485 supervacuum
725 405 919 469 sarmentum,
943 371 1132 476 caeterisqud
1143 397 1241 476 operis
1338 427 1342 444 ι

87 469 257 549 supplerent
276 471 459 530 sacerdotum
474 471 634 531 desidiam:
656 472 775 531 iuterim
794 483 892 532 tamen
934 472 1053 552 opulum
1072 493 1174 532 severe
1193 495 1239 532 ar-

83 557 215 628 guerent,
236 545 395 626 collapsam
405 548 597 608 restituerent
612 548 763 628 pietatem,
783 493 1044 630 expergelacerent
1054 547 1167 626 sopitos
1176 550 1240 609 ani-

82 643 153 694 uros,
171 623 289 701 Deique
311 623 420 682 cultum
441 635 472 683 ct
490 645 596 684 novam
615 625 703 685 vitam
729 627 912 686 reducerent.
957 626 1024 685 lloc
1045 636 1143 696 *autem
1169 625 1240 704 quid

82 699 156 760 aliud
183 711 261 772 erat,
286 699 372 777 quam
397 713 573 780 proventum
598 699 667 761 Deo
694 723 728 762 ex
754 723 803 761 sua
829 701 914 762 vinea
940 701 1071 762 debitum
1098 701 1239 780 poscere?

84 776 170 848 Quod
192 777 326 838 Christus
346 777 381 836 ad
402 793 485 838 suum
501 777 665 836 institutum
677 790 745 859 apte
765 799 892 857 vereque
905 777 1120 842 accommodat:
1140 799 1239 868 neque
1345 798 1354 820 a

83 849 157 911 enim
177 872 269 931 penes
288 852 453 933 Prophetas
474 853 646 914 onntinuum
668 867 698 914 et
716 854 821 914 stabile
842 867 904 915 erat
922 855 1074 916 Ecclesiae
1092 875 1239 936 regimen,

79 927 128 986 sed
146 949 162 988 a
182 929 384 988 sacerdotibus
403 943 621 990 retentnmsem
646 953 677 991 er
696 931 762 1003 suit,
782 933 1026 1011 quemadmodum
1039 931 1137 1009 siquis
1151 930 1237 1012 igna-
1318 977 1322 990 .

79 1025 126 1062 vus
151 1002 275 1064 colonus
302 1006 444 1066 culturam
465 1007 602 1067 deserens
623 952 729 1070 Ilocum
745 1019 854 1084 umen,
875 1008 921 1068 cui
942 1007 1125 1090 praepositus
1144 1007 1236 1069 semel

80 1079 141 1158 suit,
159 1081 352 1162 possessionis
372 1094 523 1164 praetextu
543 1095 677 1163 occupet

149 1163 196 1222 35.
236 1158 336 1216 Aliam
354 1159 522 1220 ceciderunt.
563 1159 618 1219 Hic
645 1159 762 1239 paulurn
788 1161 931 1224 disserunt
950 1161 1066 1222 Marcus
1092 1173 1122 1220 et
1140 1160 1236 1222 Lucas

77 1233 271 1294 ahlatthaeo.
309 1235 384 1294 Nam
411 1259 500 1315 quum
526 1236 574 1296 hic
601 1237 698 1316 plures
722 1257 823 1298 servos
843 1250 1070 1316 commemoret,
1087 1248 1126 1328 pt
1145 1259 1235 1318 quum

78 1330 175 1370 omnes
195 1310 272 1371 male
293 1323 323 1369 et
340 1309 461 1392 indigue
473 1313 588 1372 tractati
605 1324 712 1386 essent,
730 1315 871 1374 maiorem
885 1323 1037 1386 humerum
1048 1324 1235 1379 rursussum-
1254 1355 1262 1364 ·

76 1386 202 1446 missum:
223 1386 267 1447 illi
286 1387 539 1466 singulostantum
553 1389 657 1449 ordine
670 1401 795 1468 ponunt,
815 1391 896 1469 quasi
919 1411 982 1450 non
1001 1387 1086 1448 simul
1107 1391 1235 1450 duo‘vcl

77 1473 132 1522 tres
152 1465 231 1524 missi
251 1463 363 1538 forent,
380 1464 432 1524 sed
453 1487 526 1525 unus
546 1476 615 1545 post
634 1465 731 1524 alium.
778 1467 954 1544 Quanquam
980 1478 1076 1525 autem
1098 1464 1234 1526 omuibus

76 1538 151 1598 idem
171 1541 367 1600 communiter
387 1541 443 1600 luit
461 1541 657 1624 propositum,
677 1563 784 1621 nempe
798 1543 922 1602 Iudaeos
935 1543 1012 1602 idem
1032 1541 1063 1600 iu
1082 1541 1159 1606 Filio
1180 1563 1233 1602 au-

74 1637 164 1690 amns,
185 1616 266 1696 quod
286 1617 315 1675 in
337 1617 496 1697 Prophetis
515 1639 577 1696 nou
598 1618 689 1678 semel
710 1619 856 1693 fecerant,
875 1619 1040 1678 Matthaeus
1063 1629 1162 1678 tamen
1183 1639 1232 1678 ex-

74 1693 199 1770 pressius
218 1714 280 1754 rem
290 1695 383 1772 ipsam
403 1693 545 1754 declarat:
565 1715 673 1775 nempe
688 1696 949 1774 quodDeus„Pro
974 1696 1105 1754 betarum
1116 1696 1232 1776 copiam

73 1769 232 1845 mittendo,
262 1770 417 1860 certpverit
442 1793 507 1832 cum
527 1772 713 1832 sacerdotnm
732 1771 852 1833 malitia.
888 1773 938 1830 Un
961 1792 977 1831 e
997 1783 1121 1906 apparet
1145 1793 1232 1852 quam

73 1844 222 1979 indcpmita·
234 1847 323 1907 luerit
340 1846 459 1908 illorum
479 1846 591 1923 rabies,
616 1847 759 1933 ad¹qpam
778 1847 984 1932 corrigendam
1003 1868 1044 1908 nu
1056 1846 1083 1910 la
1101 1847 1232 1910 remedie

17 1981 19 1988 ,
95 1943 128 1981 ιο
143 1934 266 1983 ecerrnt.
604 1981 614 1988 .
812 1975 814 1983 ι
1138 1976 1141 1994 .
1201 1941 1205 1945 ’

76 1942 100 2030 p‘
145 2005 193 2082 37·
240 1997 426 2060 Verebantur
453 1983 574 2060 Ftttim:
617 2002 698 2062 llaec
750 2002 846 2063 uidem
873 1999 1016 2084 cogitatio
1046 2002 1168 2083 proprie
1195 1993 1229 2062 in

72 2071 169 2134 Deum
189 2096 250 2136 non
271 2077 425 2138 convenit:
444 2077 557 2138 sciehat
575 2025 747 2158 enimquid
765 2080 893 2140 laturum
914 2091 1000 2167 esset²
1020 2098 1075 2140 nec
1093 2098 1146 2158 spe
1166 2099 1230 2138 me-

73 2147 155 2211 lioris
173 2164 295 2213 eventus
315 2153 454 2234 deceptus
475 2154 539 2226 luit,
558 2155 610 2213 sed
630 2154 766 2214 usitatum
787 2167 841 2228 est,
860 2165 1030 2234 praesertum
1050 2155 1081 2212 in
1101 2155 1229 2232 parabo-

72 2224 115 2299 lis,
135 2229 172 2288 ad
193 2250 259 2289 eum
278 2229 430 2290 transferri
450 2229 593 2290 humanos
613 2228 746 2289 allectus.
789 2231 894 2310 Neque
918 2241 1016 2290 tamen
1041 2229 1101 2288 hoc
1125 2227 1176 2290 ahs
1195 2249 1230 2290 re

71 2305 202 2364 additum
222 2315 275 2378 est,
295 2305 362 2384 qnia
379 2302 476 2364 voluit
497 2303 629 2364 Christus
648 2316 787 2383 tanquam
804 2307 837 2384 in
857 2305 977 2383 speculo
998 2316 1231 2383 repraesentare,

72 2401 158 2457 qnam
179 2380 331 2460 deplorata
352 2393 428 2439 esset
447 2378 565 2439 illorum
584 2379 728 2468 impietas,
748 2381 829 2440 cuius
853 2381 911 2440 hoc
935 2379 1021 2438 nianis
1042 2392 1152 2448 certum
1173 2369 1230 2448 luit

70 2475 204 2528 examen,
223 2467 326 2514 contra
345 2455 403 2514 Dei
424 2455 541 2530 Filium,
560 2454 610 2534 qui
630 2476 709 2535 ipsos
729 2457 764 2516 ad
784 2476 883 2514 sanam
898 2468 1229 2518 mentemrevocaturus

70 2541 204 2604 venerat,
224 2531 372 2592 diabolico
392 2531 493 2592 lucore
512 2533 675 2613 insurgere.
702 2531 798 2592 Sicuti
816 2543 912 2591 autem
932 2530 1044 2591 crudeli
1063 2532 1229 2611 Propheta-

69 2630 134 2666 rum
155 2609 255 2682 eaede,
276 2618 415 2686 qnantum
428 2609 457 2667 in
478 2629 509 2667 se
530 2619 603 2682 erat,
621 2608 719 2668 Deum
739 2595 818 2689 pride
838 2628 855 2667 a
872 2629 922 2668 sna
935 2606 1114 2668 haereditate
1134 2608 1228 2688 depu-

70 2683 176 2757 lerant,
195 2684 236 2744 ita
257 2683 303 2744 hic
321 2684 465 2744 scelerum
486 2685 617 2746 omnium
637 2683 766 2744 cumulus
787 2685 852 2758 luit,
872 2683 979 2742 Filium
999 2681 1176 2760 interficere,
1194 2697 1229 2745 ut

70 2773 233 2842 regnarent
252 2761 333 2840 qnasi
353 2761 384 2820 in
404 2760 508 2822 orbata
528 2762 626 2821 domo.
664 2761 739 2822 Nam
764 2773 844 2822 certe
864 2761 936 2820 haec
955 2759 1156 2820 sacerdotibus
1175 2759 1228 2819 ad»

71 2859 167 2898 versus
189 2837 338 2900 Christum
357 2837 504 2900 saeviendi
525 2859 609 2900 causa
629 2837 694 2913 luit,
713 2859 751 2897 ne
776 2837 960 2918 tyrannidem
1006 2835 1066 2896 nasi
1089 2837 1229 2915 praedam

72 2914 247 2974 amitterent.
286 2914 354 2994 Ipse
374 2915 451 2986 enim
473 2927 532 2988 est,
579 2936 613 2975 er
637 2935 724 2993 quem
744 2916 826 2974 Deus
845 2913 934 2974 Pater
951 2857 1014 2973 vult
1034 2933 1177 2992 pracesse,
1198 2925 1230 2974 et

72 2990 117 3048 cui
137 3011 226 3050 omne
246 2991 400 3071 imperium
421 2989 534 3052 detulit.
557 2936 599 3051 in
619 2991 677 3051 line
694 2991 780 3051 etiam
796 2989 945 3070 paululum
964 2989 1228 3072 variantEvange·

73 3065 163 3127 listae.
203 3069 366 3128 Matthaeus
392 3068 470 3128 euim
495 3079 638 3144 extortam
662 3068 719 3128 illis
744 3067 960 3127 consessionem
985 3067 1092 3140 relect,
1120 3087 1177 3147 qua
1196 3081 1247 3128 set

73 3142 150 3222 ipsos
176 3142 362 3204 damnarunt:
392 3145 508 3205 Marcus
536 3143 709 3224 simpliciter
743 3142 893 3204 Christum
923 3143 1141 3224 pronuntiasse,
1171 3164 1229 3235 qua

18 3269 24 3276 .
74 3239 167 3306 poena
187 3221 265 3280 servi
286 3223 360 3282 adeo
380 3241 507 3302 nequam
527 3222 614 3281 etim
637 3220 705 3280 robi
719 3219 879 3280 mulctandi
897 3220 964 3280 sint.
994 3220 1088 3280 Lucas
1100 3232 1230 3356 speruus

73 3297 248 3378 inspeciem
269 3297 417 3373 dissentit,
446 3310 594 3358 aversatos
617 3244 707 3356 luisse
732 3297 831 3358 dicens
852 3297 1050 3358 denuntiatam
1071 3317 1088 3356 a
1136 3295 1228 3356 hristo

73 3391 206 3447 poenam.
236 3377 348 3433 Verum
368 3375 392 3433 si
412 3375 534 3455 propius
555 3373 743 3453 expendimus
755 3393 882 3447 sensum,
901 3374 981 3434 nulla
1000 3386 1226 3464 estrepugnan-

72 3448 120 3523 tia,
139 3451 208 3530 qnia
229 3452 265 3510 de
284 3471 394 3530 poena,
434 3473 500 3510 uam
519 3451 616 3523 meriti
637 3449 812 3510 erantttales
831 3451 924 3525 servi,
950 3471 1011 3511 non
1032 3449 1152 3508 dubium
1173 3461 1228 3524 est,

72 3525 139 3658 puin
159 3527 267 3587 assensi
288 3527 399 3587 suerint
433 3527 552 3588 'hristo:
571 3528 623 3586 sed
643 3547 729 3605 quum
751 3525 833 3586 in'se
852 3537 912 3588 tana
937 3525 1046 3586 crimen
1075 3546 1161 3605 quam
1180 3521 1227 3582 iu-

92 3602 175 3662 icium
198 3603 329 3664 conlerri
347 3602 507 3676 sentirent,
520 3604 577 3664 hoc
597 3603 606 3661 i
628 3625 691 3662 sum
712 3601 862 3682 deprecati
881 3607 956 3661 sunt'

144 3689 190 3746 42.
231 3679 568 3758 Nunqunmlegastisetc.
599 3625 775 3739 'ienendum
792 3689 837 3738 est
857 3679 939 3768 quod
957 3679 1045 3757 paulo
1065 3687 1133 3736 ante
1154 3675 1249 3756 dixi:=

74 3774 142 3830 naus,
162 3755 438 3837 quum'sacerdotcs
464 3768 495 3816 et
517 3756 630 3816 scribae
655 3754 806 3816 addictum.
825 3753 881 3814 siha
906 3755 1049 3814 haherent
1073 3751 1227 3832 populum,

75 3828 127 3891 hoc
147 3833 226 3894 inter
244 3834 324 3913 ipsos
344 3833 456 3893 axioma
476 3833 621 3906 volitasse,
640 3832 719 3892 solos
740 3851 802 3890 esse
818 3827 966 3922 legitimos
986 3828 1111 3892 arbitros
1133 3838 1163 3886 ct
1180 3827 1226 3886 iu-

75 3906 149 3968 dices
168 3911 283 3970 luturae
303 3909 531 3988 redemptionis,
555 3921 588 3968 nt
612 3929 700 3978 nemo
721 3907 760 3974 ¹iu
779 3908 915 3970 atessam
935 3903 1118 3983 recipiendus
1138 3903 1228 3977 soret,

74 3981 127 4042 nisi
147 4007 233 4064 quem
254 3999 326 4046 nutu
345 3985 545 4066 suffragioque
566 3984 819 4064 snoprohassent.
858 3983 931 4042 Ideo
951 3981 1145 4053 contendunt,
1165 4001 1228 4040 esse
1280 3975 1290 3996 “

74 4055 252 4140 impossihile
272 4064 353 4141 quod
372 4062 483 4122 dixerat
503 4060 646 4135 Christus,
666 4060 756 4120 filium
778 4070 808 4118 et
821 4060 977 4120 haeredem
992 4057 1103 4118 domini
1123 4058 1228 4116 vineae

74 4133 109 4192 ah
130 4137 196 4217 ipsis
216 4138 351 4210 interfici.
391 4139 458 4197 lloc
479 4149 573 4198 autern
587 4136 718 4198 Christus
739 4135 908 4215 Scripturae
929 4132 1097 4227 testimonio
1118 4133 1228 4194 confir-

75 4221 142 4282 mat,
162 4227 192 4272 et
213 4215 375 4304 emphatica
395 4225 439 4275 est
457 4215 663 4308 interrogatio,
682 4212 740 4271 acsi
752 4212 878 4280 dixisset,
897 4211 959 4271 Vos
979 4229 1033 4289 pro
1046 4231 1153 4302 magno
1175 4210 1228 4270 ah-

76 4289 161 4348 surdo
182 4292 297 4364 dacius,
316 4292 379 4352 lieri
399 4311 484 4372 posse
505 4303 538 4349 ut
556 4311 658 4350 mneae
678 4287 778 4350 coloni
803 4287 894 4368 impie
920 4300 1023 4348 contra
1042 4287 1101 4348 Der
1121 4285 1228 4348 Filium

78 4365 260 4446 conspirent:
281 4368 371 4448 quid?
391 4389 429 4430 an
450 4367 601 4449 Scriptura
621 4366 850 4449 (Ps.118,22.')
870 4363 1013 4467 praedixit
1030 4363 1109 4428 laeto
1129 4363 1231 4426 lavore
