2756 4838
231 233 313 311 (471.
352 228 527 292 Tabemarii
546 229 661 309 templo
680 227 765 308 pulsi.
791 226 891 288 -Firus
910 227 1061 306 arelacta.)
1175 233 1233 318 ²⁰⁵.

76 385 173 461 ultio),
191 383 243 443 sed
264 404 353 462 quum
372 381 494 444 molesta
515 381 561 444 illi
577 401 634 462 pro
655 380 751 444 caruis
770 380 1055 454 seusuessetlames,
1074 397 1138 440 eam
1157 401 1231 441 con-

78 462 164 520 trario
184 459 294 520 aflectu
313 460 433 520 vincere
443 471 597 596 agqpestus
611 470 664 530 est,
684 479 791 537 nempe
811 468 846 518 ut
863 457 957 540 Patris
971 457 1102 592 pluriam
1121 478 1230 537 prove·
1253 471 1255 486 ¹

78 539 169 596 heret:
191 537 435 616 quemadmodum
456 537 492 596 ah
517 537 526 596 i
547 535 626 608 dicit,
648 534 740 596 Cibus
753 553 833 594 meus
845 546 899 608 est,
919 545 952 592 ut
984 535 1075 596 aciem
1093 533 1231 594 volunta-

74 625 129 674 tem
149 613 243 676 Patris
271 613 331 690 (Io.
352 621 388 685 4,
407 619 479 678 34..
522 612 596 673 Nam
624 611 683 672 illic
705 631 822 690 quoque
847 627 914 672 cum·
937 611 1105 672 lassitudine
1123 609 1231 690 sitique

75 690 212 754 luctatur:
233 700 264 748 et
283 707 341 770 ego
360 689 391 747 in
414 690 487 752 hanc
507 688 705 752 coniecturam
725 688 816 768 magis
835 687 957 759 inclino,
977 687 1058 765 quod
1076 687 1168 752 sames
1187 685 1230 749 illi

74 769 107 826 ad
126 765 296 827 miraculum
317 765 466 826 edendum
481 785 608 844 suosque
628 765 779 826 docendos
799 765 915 826 occasio
929 763 1025 824 suerit.
1045 765 1128 844 Ergo
1140 781 1229 844 quum

75 843 163 924 ipsum
184 853 334 920 premeret
353 841 461 916 fames,
482 863 537 904 nec
557 853 673 922 praesto
695 842 808 902 adesset
827 840 919 915 cibus,
938 841 1055 900 aliunde
1075 861 1106 900 se
1149 841 1229 912 ascit,

75 940 175 998 nempe
194 919 255 976 Dei
276 917 401 1000 gloriam
422 908 625 1002 propagando.
645 917 750 977 Voluit
769 929 865 978 autem
886 918 916 976 iu
937 915 1045 976 arbore
1063 861 1228 997 symbolum

74 1015 259 1076 proponere,
291 994 382 1074 qualis
401 995 519 1054 tandem
540 995 768 1060 exitusmansat
786 994 972 1074 hypocritas,
993 1005 1028 1060 et
1041 992 1126 1057 simul
1147 991 1229 1060 deto-

72 1093 150 1152 gere‚
170 1092 256 1150 quam
277 1070 372 1130 inanis
392 1071 428 1130 sit
448 1092 482 1131 ac
502 1070 586 1131 nihili
607 1091 709 1130 eorum
730 1070 899 1130 ostentatio.
1067 1081 1072 1102 ⁸

144 1153 191 1214 19.
232 1147 280 1206 Ne
302 1143 422 1222 posedire
445 1169 486 1206 ex
512 1163 538 1207 te
558 1149 691 1230 fructus.
741 1146 820 1206 ilinc
844 1147 1000 1220 discamus,
1040 1146 1109 1227 quid
1134 1145 1231 1208 valeat

72 1223 262 1284 maledicendi
280 1222 415 1298 uerbum,
435 1243 541 1304 nempe
561 1223 764 1294 utsterilitatis
778 1223 932 1300 damnetur
943 1221 1047 1282 arbor:
1067 1223 1152 1282 sicuti
1163 1242 1229 1282 rur-

72 1323 129 1360 sum
150 1299 303 1360 benedicit
320 1299 420 1372 Deus,
466 1313 533 1360 autu
553 1299 763 1360 secunditatem
788 1321 839 1359 sua
856 1320 932 1360 voce
949 1299 993 1358 ins
1018 1299 1082 1358 irat
1120 1297 1230 1360 Caete-

72 1399 130 1437 rum
151 1363 256 1438 clarius
277 1398 312 1438 ex
332 1377 433 1439 lllarco
446 1321 564 1456 iiquet,
582 1397 644 1436 non
665 1375 798 1454 protinus
819 1375 962 1436 exaruisse
1004 1397 1085 1447 cum,
1104 1375 1152 1436 vel
1171 1375 1230 1436 sal-

71 1465 126 1513 tem
147 1451 176 1516 id
196 1473 259 1516 nun
279 1453 368 1512 luisse
389 1451 575 1531 observzltum
595 1473 610 1512 a
631 1451 790 1535 discipulis,
809 1453 905 1532 doneq
916 1451 1058 1532 postridie
1075 1451 1246 1516 frondibus

71 1529 205 1590 nudatam
225 1528 372 1589 viderunt.
402 1529 634 1620 ddem‘quoque
655 1529 770 1587 Marcus
789 1527 841 1586 uni
861 1525 954 1590 Petro
969 1527 1117 1609 assignat,
1149 1528 1229 1608 quod

71 1607 233 1668 Matthaeus
246 1605 444 1665 communiter
455 1606 590 1666 omnibus
603 1603 765 1686 discipulis:
785 1605 845 1664 sed*
858 1625 947 1685 quum
959 1603 1092 1664 Christus
1111 1604 1142 1662 in
1163 1603 1229 1683 plu-

71 1683 122 1744 rali
140 1703 272 1774 'numero
291 1683 510 1774 respondeat,¹
532 1683 674 1764 colligere
699 1693 869 1762 promptum
895 1692 954 1755 est,
993 1701 1084 1740 uuum
1109 1697 1229 1762 rogasse

70 1781 198 1820 omnium
219 1771 356 1817 nomine·

140 1835 188 1901 24.
212 1833 418 1911 =Respoisdens
437 1847 530 1894 aalma
549 1832 639 1897 Iesus.
678 1834 771 1894 Usum
798 1833 931 1894 miraculi
955 1833 1073 1914 longius
1100 1831 1231 1892 extendit

71 1911 219 1988 Christus,
249 1923 282 1970 ut
308 1933 378 1973 suos
405 1911 564 1992 discipulos
592 1910 627 1970 ad
651 1911 739 1972 fidem
766 1909 900 1972 fiduciam
922 1931 960 1970 ue
984 1911 1102 1973 animet.
1139 1911 1168 1970 Α
1210 1907 1230 1968 d
1317 1945 1323 1956 κ

69 1989 198 2058 Marcum
218 1989 365 2072 generalis
384 1990 513 2070 primum
532 1987 695 2048 exhortatio
716 1988 847 2069 ponitur,
866 2003 897 2048 ut
971 2001 1037 2048 eant
1046 1986 1142 2067 fidem
1193 1990 1227 2049 σι’.
1319 1987 1322 1997 '

69 2064 106 2124 Se
129 2066 208 2124 uitur
228 2064 333 2126 deinde
346 2063 517 2146 promissio,
533 2063 590 2124 fide
603 2063 808 2146 impetraturos
821 2063 960 2145 quicquid
970 2085 986 2124 a
997 2063 1066 2124 Deo
1078 2063 1229 2143 petierint.

68 2087 171 2201 Fidem
190 2141 249 2201 Ilei
269 2139 380 2202 habere
399 2141 572 2200 tantundem
592 2140 672 2199 valet
691 2151 781 2220 atque
802 2152 884 2200 certo
904 2139 959 2199 sibi
999 2140 1170 2212 comittere,
1199 2151 1229 2198 et

70 2219 273 2299 exspectares
293 2217 361 2276 De'o
382 2216 522 2306 quicquid
543 2235 617 2294 opus
638 2216 734 2276 luerit.
779 2214 839 2274 Sed
860 2215 928 2294 quia
949 2161 1044 2287 fides,
1064 2215 1088 2273 si
1109 2235 1164 2306 qua
1185 2227 1229 2274 cst

67 2295 178 2370 nobis,
200 2293 327 2382 erumpit
345 2291 442 2352 statim
463 2312 493 2350 ru
512 2310 634 2374 preces,
663 2300 693 2349 et
712 2290 749 2351 ad
767 2289 928 2370 thesauros¹
976 2291 1051 2350 atiae
1070 2291 1163 2362 Dera
1177 2291 1228 2371 qui

67 2371 159 2431 verbo
182 2380 291 2428 ostensa
310 2378 387 2441 sunt,
430 2368 555 2438 cnetrat,
574 2375 608 2424 ut
627 2365 916 2442 illis'lruatur„ideo
959 2365 1006 2425 dei
1048 2367 1228 2428 recationem

66 2444 222 2579 subiunqit
233 2443 376 2504 Christus.
425 2463 472 2502 am
481 2443 512 2501 si
525 2453 642 2503 tantum
659 2439 784 2514 dixisset,
804 2438 869 2501 lore
891 2441 1010 2522 quicqui
1051 2443 1229 2592 qptabimus,

66 2521 174 2602 quibus
195 2539 240 2578 arn
265 2520 324 2578 visa
351 2531 427 2578 esset
452 2516 608 2598 imperiosa
633 2516 680 2577 vel
705 2517 790 2576 nimis
809 2537 911 2578 secura
933 2517 1012 2577 fides.
1087 2539 1155 2578 uare
1176 2539 1228 2581 eos

66 2619 134 2658 vere
156 2597 272 2667 demum
293 2595 413 2655 credere
434 2591 719 2668 ostendithristus‚
740 2593 790 2674 qui
811 2594 945 2654 bonitate
968 2593 1029 2652 eius
1052 2606 1082 2653 et
1101 2595 1227 2673 promis-

67 2673 199 2734 sionibus
220 2671 299 2746 lreti,
318 2671 490 2751 suppliciter
510 2671 546 2730 ad
565 2669 659 2750 ipsum
671 2669 856 2752 confugiunt.
896 2669 953 2728 ilic
972 2682 1069 2730 autern
1090 2670 1171 2730 loeus
1192 2671 1229 2730 ad

68 2751 124 2810 vim
145 2759 338 2828 naturamque
359 2747 427 2808 fidei
447 2746 664 2827 exprimendam
685 2745 806 2828 insignis
828 2758 886 2818 est,
909 2765 1017 2825 nempe
1039 2745 1118 2827 quod
1140 2747 1228 2806 certi-

68 2827 139 2888 tudo
159 2827 198 2885 sit
216 2825 247 2884 in
259 2825 318 2886 Dei
331 2823 499 2884 bonitatem
519 2823 705 2897 recumbens,
724 2841 799 2914 quae
820 2822 1033 2882 dubitationem
1047 2842 1109 2883 non
1123 2822 1228 2882 admit-

68 2904 112 2962 tit.
150 2903 197 2962 Νι
219 2922 256 2962 ue
277 2901 355 2963 enim
376 2899 449 2961 alios
469 2901 590 2960 credere
617 2911 753 2982 agnoscat
774 2899 922 2974 Christus,
961 2899 1016 2959 nisi
1037 2899 1087 2980 qui
1107 2899 1228 2960 indubie

68 2989 199 3038 statuunt
249 2977 390 3038 eum·sibi
416 2997 478 3036 esse
504 2977 681 3058 propitium,
710 2997 766 3036 nec
792 2976 936 3036 haesitant
962 2977 1032 3056 quin
1053 2977 1171 3037 daturus
1191 2977 1229 3038 sit

70 3057 146 3133 quod
168 3065 282 3134 petunt.
320 3053 411 3114 Unde
453 3053 632 3132 ersp‘icimus,
653 3073 739 3132 quam
761 3052 909 3113 diabolico
931 3053 1073 3136 figmento
1093 3052 1227 3114 fascinati

68 3133 126 3191 sint
144 3131 298 3210 Papistae,
328 3131 378 3221 qui
399 3075 487 3191 {idem
507 3129 685 3190 dubitationi
710 3130 902 3210 permiscent:
933 3131 994 3190 imo
1014 3129 1120 3190 stultae
1140 3149 1227 3212 prae-

69 3207 242 3300 sumptionis
262 3228 316 3268 uos
335 3207 518 3282 insimulant,
541 3207 566 3266 si
586 3206 623 3266 de
645 3218 770 3286 paterno
790 3205 850 3265 Dei
870 3226 940 3288 erga
960 3227 1014 3268 uos
1036 3207 1137 3268 favore
1157 3227 1228 3288 per-

68 3306 139 3344 suasi
161 3305 262 3347 coram
283 3283 346 3364 ipso
367 3284 469 3343 sistere
489 3303 543 3342 nos
564 3282 711 3342 audemus.
749 3283 841 3363 Atqui
861 3281 919 3344 hoc
939 3283 1098 3366 praecipue
1116 3283 1227 3344 Christi

70 3359 245 3420 benefitium
260 3359 365 3419 Paulus
377 3360 573 3431 commendat,
594 3357 672 3437 quod
687 3379 720 3418 ex
738 3357 797 3436 lide
816 3359 893 3419 illius
913 3361 1062 3421 audaciam
1074 3359 1227 3433 habemus,

69 3437 229 3498 accedendi
240 3437 277 3496 ad
288 3436 386 3496 Deum
409 3431 473 3496 lum
494 3434 611 3509 fiducia,
630 3435 666 3494 ad
676 3435 825 3514 Ephess3,
836 3442 882 3502 12.
902 3435 1002 3498 Ducat
1012 3447 1165 3517 praeterea
1178 3436 1226 3496 hic

69 3511 164 3586 locus,
186 3533 293 3584 ,verum
314 3512 381 3572 lidei
406 3531 526 3570 examen
546 3511 576 3570 in
597 3509 733 3589 precibus
753 3512 911 3590 contineri.
950 3513 984 3572 si
1009 3513 1072 3592 quis
1093 3511 1224 3586 obiiciat,

69 3602 135 3648 vota
154 3591 229 3650 haec
249 3601 397 3667 nunquam
418 3586 505 3646 luisse
526 3587 672 3662 exaudita,
701 3599 735 3647 ut
752 3600 868 3648 montes
894 3610 925 3649 se
946 3589 977 3648 in
996 3607 1076 3648 mare
1096 3586 1225 3667 proiice-

72 3678 151 3740 rent,
182 3665 274 3725 facilis
294 3664 448 3743 responsio
470 3674 528 3736 est',
561 3664 710 3724 Christum
730 3683 792 3724 non
812 3664 907 3724 laxare
926 3663 1054 3725 habenas
1074 3663 1226 3722 bominum

71 3742 160 3816 rotis,
191 3753 224 3812 ut
265 3761 298 3802 ro
318 3741 443 3800 'arbitrio
463 3738 607 3817 quidlibet
625 3750 781 3820 appetant,
807 3740 875 3800 dum
896 3740 964 3800 hdci
983 3739 1103 3820 regulae
1144 3759 1225 3799 reces

72 3815 193 3879 subiicit
233 3761 284 3878 Spin
304 3815 382 3876 enim
402 3835 521 3876 neccsse
542 3827 599 3888 est,
630 3827 663 3875 ut
682 3815 809 3896 Spiritus
833 3837 935 3878 omncs
963 3813 1081 3875 ndstros
1101 3761 1226 3875 ailectus

72 3893 160 3954 verbo
181 3895 239 3952 Dei
259 3895 391 3952 frenatos
411 3893 440 3950 in
463 3891 534 3952 obse
558 3891 683 3953 uiumoo
707 3903 744 3950 at.
766 3891 885 3962 Certum
900 3904 930 3952 et
947 3893 1010 3952 sine
1030 3890 1225 3952 haesitatione

73 3970 208 4029 exorandi
230 3971 362 4030 fiduciam
383 3967 507 4048 requirit
519 3911 661 4028 Christus.
723 3967 781 4028 nde
800 3989 893 4048 porro
914 3989 978 4028 eam
997 3987 1080 4026 mens
1100 3967 1225 4027 humana

72 4047 218 4128 concipiat
237 4046 293 4106 nisi
313 4065 348 4110 ex
366 4045 424 4120 Dei
443 4043 556 4105 vcrbo?
593 4045 681 4108 Nunc
705 4064 778 4127 ergo
803 4045 949 4120 videmus,
982 4043 1132 4104 Christum
1150 4043 1226 4104 nihil
1283 4093 1295 4104 .

72 4120 139 4180 disci
162 4122 215 4183 ulis
236 4133 420 4202 prpmrttere,
439 4120 493 4180 uisi
513 4141 544 4180 sc
560 4121 637 4181 iutra
648 4131 740 4198 metas
752 4121 844 4182 divini
854 4119 1033 4201 beneplaciti
1044 4120 1225 4182 contineant.

142 4143 215 4259 buc.
235 4205 281 4264 47.
316 4198 451 4258 dlocsbm
544 4200 583 4217 ''
620 4201 653 4257 in
670 4197 783 4293 templo.
822 4199 937 4258 Marcus
967 4209 1005 4270 et,
1014 4196 1109 4259 Lucas
1128 4197 1225 4280 primo

74 4273 191 4346 docent,
210 4294 243 4335 ex
264 4294 323 4355 quo
344 4291 455 4356 genere
497 4273 627 4334 ominum
638 4274 804 4335 constiterit
813 4272 955 4349 Ecclesia,
975 4293 1082 4354 nempe
1093 4295 1127 4335 ex
1138 4275 1225 4334 turba

73 4348 210 4428 ignobili:
230 4373 344 4414 rursum
364 4373 505 4432 quosnam
519 4350 655 4414 habuerit
667 4352 765 4412 hostes
777 4351 923 4438 Christus,
941 4370 1048 4432 nempe
1057 4351 1224 4414 sacerdotes
