2756 4838
159 232 218 296 192
429 219 648 286 SECT.XV1.
686 235 765 314 aren
785 235 821 283 ru
838 173 1056 318 marsanam
1159 262 1185 288 ,a

161 378 198 440 ad
216 395 357 440 sommam
375 373 536 458 parabolae
555 374 638 436 lacit:
664 384 696 435 et
715 376 815 455 inepte
834 375 1097 456 philosophantur,
1164 374 1173 434 i
1193 374 1242 434 bic
1264 374 1323 436 dis-

161 465 267 537 putant
291 453 378 534 qnam
402 464 525 514 austere
541 471 576 511 ac
600 452 697 536 rigide
722 473 788 512 cum
813 453 871 515 suis
889 452 971 512 Deus
996 462 1073 534 agat.
1140 451 1215 511 rbilo
1243 453 1325 512 enim

160 532 254 614 magis
277 544 384 593 notare
407 528 495 591 talem
518 528 648 622 rigorem
669 528 802 590 Christus
826 528 933 604 voluit,
958 549 1045 608 quam
1072 549 1173 588 usuras
1194 529 1326 601 laudare,

161 629 252 701 quum
292 605 508 685 atremsarnilias
527 627 570 667 sac
589 605 761 685 loquentem
780 607 902 678 inducit,
922 605 1088 685 oportuisse
1109 605 1187 686 apud
1208 626 1326 664 mensa-

157 707 235 746 mum
263 629 374 767 deponi
397 683 568 776 pecuniam²
597 683 630 742 'nt
653 682 756 744 saltem
787 705 821 743 ex
846 683 973 742 foenore
998 695 1154 742 cresceret.
1194 683 1325 740 Tantum

159 759 306 846 significat
331 761 481 835 Cbrrstus,
505 758 578 820 nibal
604 759 797 820 excusationis
822 761 888 822 fore
914 779 1017 818 eorum
1045 759 1191 832 desidiae,
1218 758 1269 836 qui
1295 768 1327 816 et

155 841 239 900 dona
250 837 309 898 Dei
320 837 516 920 supprimunt,
528 850 558 898 et
567 847 691 898 aetatem
702 857 782 902 suam
795 847 972 899 consumunt
984 836 1013 894 in
1025 836 1099 895 otio.
1134 835 1225 894 Unde
1235 834 1324 893 etiam

160 915 340 1000 colligimus,
365 915 476 974 nullum
493 913 612 974 vivendi
632 935 725 999 genus
745 934 845 976 coram
865 913 934 973 Deo
959 912 1052 994 magis
1078 933 1141 990 esse
1167 910 1327 986 laudabile,

160 1013 248 1074 quam
268 1013 303 1052 ex
322 1013 381 1072 quo
403 993 440 1052 ad
459 991 611 1052 bominum
633 991 804 1051 societatem
826 991 922 1069 aliqua
941 990 1081 1069 provenit
1102 989 1264 1048 utilitas.—
1277 995 1325 1052 29.

159 1077 207 1134 3⁰.
228 1069 382 1134 Sententia
403 1069 485 1142 baec,
508 1067 597 1129 Omni
615 1065 729 1128 dobcnd
747 1065 873 1140 dodinae,
896 1066 1026 1146 exposita
1047 1066 1105 1125 fuit
1122 1065 1152 1124 in
1169 1065 1266 1144 capite
1279 1070 1326 1128 13·

160 1143 312 1206 Tarsam
338 1144 424 1206 etiarn
444 1149 602 1206 omnious
620 1165 707 1226 snpra
728 1144 825 1224 capite
844 1149 872 1210 8.
893 1143 1044 1204 docuimus
1065 1142 1242 1202 domesticae
1264 1141 1328 1199 luci

161 1224 288 1304 opponi:
311 1243 377 1282 nam
398 1244 486 1302 quum
506 1221 665 1302 antiquitus
685 1233 848 1280 nocturnae
869 1231 902 1279 ut
921 1217 1078 1298 plurimum
1092 1237 1199 1280 coenae
1211 1227 1328 1290 essent,

181 1321 231 1359 uas
273 1299 394 1360 lurimae
415 1300 492 1360 laces
506 1309 544 1360 -et
563 1297 710 1377 lampades
730 1297 929 1358 illustrabant:
951 1295 1001 1376 qui
1022 1297 1176 1357 eliciuntur
1195 1314 1326 1378 eregno

159 1319 231 1453 bei,
252 1321 385 1438 bitriscus
406 1397 458 1438 eos
477 1373 549 1436 dicit
569 1387 649 1436 extra
669 1372 734 1434 eiici
754 1375 784 1435 in
804 1374 952 1435 tenebras.

236 1453 371 1520 Luc27.
405 1453 555 1514 Goctm
572 1454 703 1512 inimicos
720 1472 806 1510 mam.
844 1451 912 1512 Hoc
931 1448 1061 1510 secundo
1082 1447 1217 1510 membro
1237 1467 1328 1528 prae-

160 1529 248 1610 cipue
267 1531 393 1592 Iudaeos
411 1531 528 1592 videtur
545 1529 760 1612 perstringere:
792 1546 894 1590 omnes
913 1539 1011 1588 tamen
1033 1526 1257 1606 complectitur,
1277 1526 1331 1605 qui

161 1606 282 1671 absente
308 1607 431 1668 domino
458 1628 521 1668 sese
542 1607 578 1666 ad
595 1603 798 1665 delectionem
825 1605 951 1698 erigunt.
991 1601 1112 1664 Christo
1134 1616 1233 1663 autem
1255 1623 1329 1684 pro·

160 1681 289 1764 positum
309 1683 375 1758 luit,
395 1701 457 1743 non
477 1684 568 1744 modo
588 1681 661 1742 tales
681 1679 831 1742 borribilis
850 1681 997 1742 vindictae
1018 1680 1245 1740 denuntiatione
1265 1691 1328 1738 ter-

160 1779 248 1836 rere,
267 1760 320 1822 sed
339 1761 427 1820 etiam
446 1781 514 1820 suos
534 1758 664 1819 retinere
684 1757 714 1816 in
735 1757 793 1818 lide
813 1755 1015 1819 subiectionis.
1053 1757 1161 1836 Neque
1182 1755 1262 1816 enirn
1282 1755 1329 1815 le-

161 1836 203 1898 vis
222 1836 349 1898 tentatio
370 1845 423 1911 est,
442 1836 543 1900 ridere
561 1835 723 1894 multorum
743 1833 865 1914 perfidia
886 1846 917 1896 et
935 1833 1100 1894 rebellione
1121 1853 1251 1916 regnum
1269 1833 1329 1894 Dca'
1376 1879 1377 1898 .

162 1912 303 1994 dissipari.
342 1914 426 1996 Ergo
446 1922 479 1971 nt
498 1911 576 1971 inter
593 1909 694 1970 turbas
713 1930 881 1973 maneamus
902 1909 1013 1991 quieti,
1040 1909 1176 1970 Christus
1196 1931 1228 1970 se
1248 1909 1328 1970 redi-
1376 1973 1377 1996 ,

106 2045 111 2058 ,
161 1999 259 2050 rurum
278 1989 429 2065 admonet,
448 2006 562 2068 suoque
582 1987 710 2048 a‘drentu
729 1987 836 2069 impiae
858 1987 1033 2050 delectionis
1053 1988 1120 2048 sore
1139 1987 1281 2048 ultorem.
1376 2001 1377 2050 l

243 2263 348 2390 (toti.)
401 2305 573 2380 ΜΑΤΤΗ.
599 2299 683 2370 XXI.
742 2305 770 2372 t.
803 2305 846 2371 Et
877 2326 975 2391 quum
1011 2305 1329 2394 appropinquassent
1376 2301 1377 2373 l

161 2412 416 2498 Hierosolymis,
443 2421 476 2476 et
501 2411 665 2502 venissent
685 2408 889 2496 Betbphage,
919 2409 960 2476 ad
982 2421 1124 2476 montem
1147 2405 1329 2486 Olivamm,

161 2527 240 2584 tunc
260 2517 349 2583 lesus
373 2516 457 2580 misit
480 2513 563 2580 duos
589 2513 775 2601 discipulos,
822 2513 852 2578 2.
896 2513 1019 2580 Dicens
1048 2518 1109 2593 eis,
1138 2515 1187 2580 lte
1214 2518 1251 2579 in
1280 2537 1331 2578 ca·

111 2637 118 2656 *
161 2620 306 2698 stellam,
332 2619 422 2706 quod
443 2629 556 2684 contra
576 2639 635 2684 vos
658 2628 720 2694 est,
747 2629 779 2683 et
805 2619 907 2682 statim
935 2619 1109 2682 invenietis
1137 2621 1265 2684 asinam
1288 2617 1332 2684 al-

161 2723 305 2810 ligatam,
334 2733 366 2786 et
393 2719 519 2808 pullum
547 2713 618 2786 cum
646 2743 699 2786 ea:
732 2720 848 2787 solvite
877 2732 909 2784 et
930 2719 1082 2786 adducite
1099 2721 1195 2788 mibi.
1239 2725 1273 2789 ³.
1293 2723 1332 2787 El

161 2832 190 2894 si
212 2831 283 2915 quis
305 2825 399 2915 vobis
420 2823 543 2911 aliquid
566 2825 695 2904 dixerit,
715 2824 830 2902 dicite,
856 2824 1016 2890 Dominus
1038 2823 1087 2890 bis
1109 2847 1196 2911 opus
1218 2825 1332 2892 babet:

163 2940 197 2996 et
226 2927 394 2994 confestim
423 2932 544 2993 emittet
576 2949 642 2994 eos.
698 2928 729 2992 4.
762 2929 836 2996 llos
863 2939 967 2994 autem
994 2940 1096 2994 totum
1126 2930 1251 2996 factum
1280 2941 1334 3008 est,
1375 2973 1376 2984 κ

162 3043 199 3097 ut
226 3030 414 3118 impleretur
440 3032 529 3116 quod
558 3031 676 3097 dictum
699 3043 746 3096 est
767 3053 828 3118 per
851 3031 1058 3118 Propbelam,
1085 3033 1264 3112 dicentem,
1305 3035 1332 3100 5.

159 3133 271 3204 Dicite
290 3130 380 3198 filiae
401 3134 496 3212 Sion,
518 3136 603 3200 Ecce
625 3158 682 3202 rex
703 3148 776 3201 tuus
798 3137 888 3200 venit
907 3133 965 3202 tibi
988 3148 1192 3216 mansuetus,
1222 3151 1258 3204 et
1285 3161 1333 3204 se-

156 3233 245 3303 dena
272 3257 371 3320 super
397 3237 531 3316 asinam,
564 3252 595 3306 et
622 3239 747 3328 pullum
775 3238 878 3304 filium
906 3238 1093 3323 subiugalis.
1140 3241 1172 3306 6.
1205 3241 1333 3308 Euntes
1375 3319 1376 3328 ἵ

156 3349 269 3406 nutem
297 3339 445 3426 discipuli
472 3341 623 3425 fecerunt
651 3345 734 3408 sicut
759 3355 972 3430 praeceperat
999 3342 1064 3408 illis
1089 3343 1192 3411 lesus.
1238 3348 1268 3411 7.
1295 3348 1333 3412 m

155 3441 365 3514 adduxerunt
391 3447 510 3514 asinam
540 3457 572 3512 et
598 3445 736 3533 pullum,
767 3457 799 3511 et
825 3449 1048 3534 imposuerunt
1073 3469 1177 3533 super
1197 3471 1259 3516 eos
1281 3473 1334 3514 ve-

157 3551 309 3614 stimenta
338 3571 412 3627 sna,
440 3559 472 3614 et
501 3573 574 3618 eum
601 3573 699 3638 super
724 3549 781 3614 illa
804 3549 1015 3618 collocarunt.
1056 3551 1086 3616 8.
1110 3550 1253 3618 Plurima
1276 3576 1335 3618 au-

157 3663 226 3718 tem
253 3650 348 3719 turba
375 3663 556 3720 straverunt
576 3659 763 3720 vestimenta
786 3675 843 3719 sna
865 3659 899 3719 in
920 3660 988 3720 via:
1021 3653 1075 3718 alii
1102 3675 1186 3721 vero
1213 3653 1336 3720 caede·

158 3755 240 3824 bant
270 3778 377 3824 ramos
406 3757 446 3823 dc
475 3757 661 3837 arboribus,
691 3769 722 3824 et
750 3759 937 3824 sternebant
963 3761 1092 3825 insvla.
1150 3762 1182 3825 9.
1225 3757 1333 3828 l'orro

156 3861 290 3940 turbae,
317 3881 401 3948 quac
430 3861 672 3946 praecedebant
699 3872 839 3948 atquae
865 3861 1102 3950 sequebantur,
1138 3862 1334 3940 clamabant,

162 3965 317 4042 dicentes,
339 3966 495 4030 llosanna
511 3965 583 4033 filio
595 3968 713 4046 David,
734 3964 927 4037 benedictus
949 3970 1115 4053 quiverit
1137 3970 1174 4034 ln
1196 3974 1332 4036 nomine

161 4065 304 4146 Domini,
325 4068 481 4134 Hosanna
503 4073 536 4134 in
559 4069 727 4135 altissimis.

242 4234 380 4302 MARC.
401 4237 454 4300 Xl.
498 4237 526 4301 1.
553 4237 595 4303 Et
622 4235 698 4304 dum
727 4242 986 4329 appropinquant
1011 4239 1264 4327 Hierosolymis
1291 4241 1332 4308 ad

157 4333 348 4423 Betbpbaqe
370 4349 402 4404 et
422 4338 612 4412 Bethaniam
632 4343 718 4408 iuxta
740 4339 880 4412 montem
901 4341 1085 4423 Olirarum,
1107 4348 1226 4413 emittit
1247 4342 1333 4414 dnos
1374 4375 1375 4412 r
