2756 4838
408 199 595 276 (159-160.
635 195 753 278 Iuvenis
774 195 880 276 dives.)
1165 206 1222 268 165

363 312 378 342 s
489 321 495 333 x

64 361 94 408 nt
112 347 213 408 falsam
225 345 336 407 iuvenis
378 348 578 408 ersnasionem
598 349 676 410 corri
700 361 771 410 eret.
794 347 871 409 Nam
890 348 914 409 si
935 349 1052 428 penitus
1072 350 1128 411 sibi
1148 353 1220 413 luis-

63 437 105 486 sct
123 436 223 499 notus,
242 425 339 484 audita
357 367 401 484 le
425 425 447 484 is
467 426 620 486 mentione
640 447 670 486 se
713 426 741 486 ei
759 425 869 487 iudicio
891 425 1050 486 obnoxium
1071 428 1219 490 confessus

63 501 151 562 soret:
173 521 252 560 nunc
273 500 340 581 qnia
362 445 423 561 und

64 589 138 650 cunt,
156 577 284 637 interior
302 587 403 638 seusus
425 577 488 638 aliis
508 578 606 638 verbis
627 580 806 659 exprimitur.
825 579 900 638 Nam
920 579 945 642 si
965 579 1120 658 quicquam
1140 601 1220 642 nuuc

64 666 175 735 praeter
194 652 284 736 Legis
303 655 438 714 mandata
460 655 591 737 exigeret
611 654 755 728 Christus,
774 676 874 716 secum
894 657 956 746 ipse
976 669 1131 736 pugnaret.
1155 657 1220 718 Nu·

63 751 112 820 per
122 731 212 812 Legis
224 730 366 790 mandatis
379 731 542 810 perfectam
552 732 690 794 iustitiam
701 733 913 812 comprehendi
930 731 1046 791 docuit:
1068 734 1219 812 quomodo

65 807 148 888 igitur
167 807 338 880 conveniet,
358 807 469 888 Legem
490 808 621 869 delectus
643 809 746 892 argui?
770 809 855 870 Adde
867 809 948 889 quod
962 809 1032 869 salsa
1045 823 1121 870 esset
1132 824 1219 889 quam

63 885 137 962 prius
157 883 247 942 citavi
267 883 357 942 Musis
378 885 566 944 contestatio.
585 887 670 966 Ergo
685 885 818 946 Christus
839 906 901 945 non
920 905 1009 944 unum
1029 898 1148 965 praeter
1158 888 1238 946 Le-e

62 961 102 1050 gis
121 957 360 1019 observationem
379 959 479 1020 iuveni
500 961 600 1022 deesse
619 961 770 1044 iutelligit,
788 963 844 1023 sed
861 962 892 1020 iu
904 961 966 1040 ipsa
978 961 1065 1042 Legis
1076 963 1219 1050 obserpa·

62 1047 148 1096 hone.
171 1035 350 1114 Quanquam
366 1038 444 1097 enim
464 1059 607 1117 nusquam
626 1040 663 1098 ad
684 1039 782 1098 omnia
801 1038 956 1114 vendenda
976 1059 1030 1098 nos
1040 1039 1100 1098 Lex
1120 1051 1219 1122 cogat,

63 1112 123 1192 quia
142 1123 244 1172 tamen
262 1113 382 1174 vitiosas
402 1134 504 1174 omnes
524 1115 775 1194 concupiscentias
786 1114 952 1174 inuihilum
963 1113 1082 1196 redigit,
1102 1117 1169 1194 quia
1181 1115 1219 1177 ad

62 1189 148 1248 erucis
159 1187 349 1248 tolerantiam
366 1191 473 1264 erudit,
493 1191 560 1270 quia
572 1190 636 1250 vult
655 1192 691 1250 ad
712 1192 836 1252 esuriem
857 1202 888 1250 et
906 1192 1058 1270 penuriam
1079 1213 1134 1252 nos
1155 1211 1219 1254 esse

61 1277 188 1344 paratos,
208 1264 260 1324 lou
285 1286 301 1324 e
321 1266 439 1326 aberrat
457 1267 569 1326 iuvenis
589 1288 605 1342 a
625 1267 714 1350 plena
734 1267 796 1328 cius
816 1267 1029 1328 observatione·
1060 1289 1147 1347 quam
1167 1268 1219 1328 diu

61 1341 153 1401 allisus
173 1341 236 1402 suis
257 1285 364 1404 dunis
385 1341 624 1424 concepiscentia
648 1343 802 1426 flagrabat.
849 1345 894 1404 Ae
914 1365 1002 1402 unum
1098 1367 1114 1402 e
1133 1345 1216 1420 dicit,

62 1419 123 1495 quia
144 1419 181 1479 de
202 1419 388 1480 scortatione
409 1433 440 1479 et
459 1420 619 1480 homicidio
640 1419 813 1486 concionari
832 1439 952 1480 necesse
973 1414 1149 1498 nonhabet,
1165 1421 1218 1482 sed

60 1495 234 1572 peculiarem
255 1495 392 1555 morbum
412 1497 631 1580 perstringere,
650 1497 708 1557 acsi
728 1493 811 1558 ulcus
831 1496 924 1580 digito
945 1497 1114 1578 attingeret.
1152 1499 1217 1561 Nu-

59 1571 180 1631 tandum·
194 1591 286 1647 vero,
306 1573 387 1662 quod
407 1593 468 1632 non
488 1573 582 1634 solum
603 1573 732 1634 vendere
751 1573 851 1648 iubet,
870 1573 921 1633 sed
941 1573 1009 1633 dare
1031 1573 1218 1654 pauperibus,

59 1647 122 1738 quia
142 1649 257 1709 divitias
277 1648 405 1709 abiicere
427 1671 480 1730 per
499 1671 530 1711 se
550 1651 642 1710 virtus
658 1663 722 1710 'non
742 1661 829 1724 esset,
847 1650 899 1710 sed
911 1667 985 1708 vana
1005 1650 1103 1729 potius
1123 1649 1217 1710 ambi-

60 1735 109 1782 tio.
137 1725 290 1786 Laudatur
309 1747 325 1785 a
367 1727 478 1787 rofanis
491 1727 637 1787 historicis
649 1728 752 1789 Crates
772 1725 943 1798 Thebanus,
963 1727 1044 1816 quod
1064 1726 1218 1816 pecuniam

59 1813 87 1859 et
123 1802 243 1882 nicquid
264 1747 392 1864 habeliat
410 1804 572 1882 pretiosum
593 1805 623 1864 in
643 1823 724 1864 mare
742 1803 913 1884 proiecerit,
933 1824 1007 1882 qma·
1020 1803 1076 1862 nisr
1095 1803 1217 1882 perditis

59 1823 160 1956 opibus
180 1899 212 1938 se
234 1880 298 1939 lore
318 1879 434 1946 salvum
446 1900 509 1939 nou
529 1879 661 1960 putabat.
701 1879 795 1954 Quasi
814 1900 887 1940 vero
913 1899 977 1938 non
995 1879 1084 1938 satius
1105 1879 1223 1954 luisses,

60 1955 133 2031 qnod
152 1955 209 2015 sibi
230 1954 357 2017 ducebat
376 1977 438 2016 esse
457 1958 653 2038 superfluum,
691 1957 722 2016 in
742 1957 814 2018 alios
835 1976 969 2040 erogare.
1016 1953 1107 2016 Certe
1149 1977 1217 2015 uum

60 2032 156 2092 caritas
175 2032 326 2096 vinculum
345 2034 383 2092 sit
396 2033 598 2113 perfectionis,
619 2033 674 2115 qui'
688 2053 786 2094 secum
807 2031 880 2092 alios
922 2032 1043 2093 ecuniae
1063 2055 1115 2092 usu
1128 1977 1216 2091 irau-

60 2105 119 2180 dat,
137 2107 213 2170 nibil
234 2109 326 2170 laudis
345 2113 485 2168 mereturi
510 2111 613 2190 Itaque
634 2129 696 2170 non
715 2110 887 2200 simpliciter
899 2053 1040 2168 iaudatur
1059 2129 1075 2166 a
1096 2106 1216 2168 Christo

58 2183 196 2260 venditio,
215 2187 268 2246 sed
287 2185 446 2244 liberalitas
466 2187 497 2244 in
518 2185 652 2244 iuvandis
663 2185 851 2265 pauperebus.
876 2182 983 2244 Carnis
1004 2185 1092 2242 etiarn
1111 2183 1216 2258 morti·

58 2258 223 2343 ficatiopem
243 2281 289 2322 ma
313 2261 335 2320 is
355 2272 443 2342 urget
460 2259 606 2333 Christus,
626 2281 714 2339 quum
729 2262 810 2336 dicit,
829 2281 945 2338 sequere
962 2281 1016 2318 ma.
1045 2259 1116 2318 Non
1136 2260 1216 2319 euim

57 2281 350 2408 untumdareiuier,
370 2338 422 2396 sed
439 2335 579 2395 serendae
592 2336 671 2394 cruci
692 2336 830 2396 humeros
850 2335 1007 2408 subiicere,
1027 2347 1060 2392 ut
1079 2335 1216 2394 nomina-

58 2411 103 2472 tim
114 2436 148 2474 ex
173 2413 372 2472 onitlllarcus.
397 2413 437 2470 Et
448 2413 506 2472 boc
526 2411 644 2470 stimulo
657 2410 713 2469 luit
724 2412 916 2492 pungendus:
937 2410 1015 2488 quia,
1035 2431 1123 2487 quum
1135 2412 1217 2471 domi

57 2487 83 2547 in
96 2435 209 2552 umbra
223 2487 327 2548 etotio
348 2489 503 2548 commode
523 2506 612 2567 agere
632 2486 734 2549 solitus
754 2497 839 2562 esset,
859 2507 919 2546 nun
945 2507 1010 2544 uam
1028 2485 1076 2544 vel
1093 2486 1215 2547 minimo

57 2579 137 2644 gustu
159 2575 350 2656 conceperat,
410 2563 440 2624 id
458 2576 534 2624 esset
543 2574 674 2622 veterem
688 2563 837 2622 homiuem
850 2507 1034 2641 crucibgere,
1053 2572 1084 2620 et
1095 2563 1215 2624 domare

57 2643 146 2702 carnis
167 2641 352 2721 cupiditates.
406 2651 537 2700 aeterum
557 2639 642 2699 nimis
662 2639 778 2700 ridiculi
795 2650 864 2699 sunt
882 2637 1031 2711 monachi,
1051 2637 1119 2698 dum
1132 2639 1216 2698 buius

57 2715 111 2778 loci
131 2730 286 2798 praetextu
304 2728 410 2777 statum
430 2715 626 2797 perfectionis
644 2715 701 2776 sibi
721 2725 871 2796 arrogant.
891 2713 993 2774 Primo
1014 2713 1158 2796 colligere
1170 2715 1214 2774 la-

59 2793 110 2853 cile
131 2807 186 2869 est,
207 2815 270 2854 non
285 2793 422 2854 omnibus
442 2793 505 2854 sine
528 2792 644 2852 delectu
663 2792 721 2853 hoc
740 2790 883 2866 mandari,
902 2803 938 2877 ut
953 2790 1082 2852 vendant
1102 2791 1214 2852 omnia:

57 2882 192 2950 peccaret
212 2870 290 2930 euim
311 2869 452 2964 agricola,
473 2869 524 2950 qui
543 2867 647 2929 labore
667 2891 721 2930 suo
741 2867 875 2928 victitare
895 2878 1024 2928 assuetus
1044 2865 1214 2948 liberosque

57 2967 119 3006 suos
139 2947 220 3008 alere
241 2946 424 3026 praediolum
443 2946 596 3018 venderet,
614 2943 695 3006 nulla
714 2944 887 3005 necessitate
907 2955 1034 3004 coactus.
1073 2943 1214 3005 Retinere

58 3041 137 3104 ergo,
157 3023 238 3104 quod
257 3025 288 3083 in
309 3045 426 3083 manum
438 3034 567 3082 nostram
579 3021 780 3101 posuitDeus,
799 3021 824 3081 si
843 3020 934 3080 modo
954 3041 1047 3100 parce
1063 3032 1094 3081 et
1112 3021 1212 3103 lunga-

58 3095 122 3158 liter
140 3100 195 3160 uos
217 3111 248 3160 et
266 3099 403 3160 familiam
424 3099 535 3160 alentes
559 3111 673 3178 partem
699 3098 824 3177 aliquam
850 3097 1029 3176 pauperibus
1049 3119 1214 3180 erogemus,

57 3175 169 3236 maioris
189 3177 304 3237 virtutis
324 3188 369 3236 est
389 3197 475 3256 quam
496 3176 595 3235 omnia
610 3173 781 3255 dilapidare.
820 3172 880 3234 Sed
900 3194 1044 3254 quaenam
1065 3187 1108 3236 est
1127 3197 1213 3257 prae-

58 3249 130 3311 clara
149 3253 204 3314 ista
223 3253 368 3326 venditio,
387 3274 444 3332 qua
463 3275 494 3312 se
514 3251 669 3312 venditant
687 3249 843 3309 monachi?
885 3271 952 3311 uum
973 3251 1054 3310 domi
1074 3251 1213 3331 pabulum

57 3345 114 3386 nou
138 3328 274 3390 inveniat
297 3330 376 3389 bona
401 3351 485 3410 pars,
513 3329 544 3388 iu
563 3327 756 3400 monasteria,
776 3327 858 3407 quasi
900 3347 955 3386 ene
975 3327 1099 3388 refertas
1120 3329 1213 3402 haras,
1236 3389 1238 3401 Ι

59 3422 87 3460 se
107 3405 260 3488 demergit.
300 3405 365 3466 Sibi
391 3405 510 3485 quidem
538 3424 640 3463 onmes
664 3403 766 3464 sedulo
788 3416 906 3478 cavent,
944 3415 977 3462 ut
996 3403 1096 3485 ignavi
1115 3405 1212 3464 alieno

57 3497 128 3555 pane
147 3484 329 3564 saginentur.
367 3481 497 3564 Egregia
516 3479 630 3540 scilicet
648 3480 837 3558 permutatio,
856 3480 924 3540 dum
944 3479 1123 3613 pauperibus
1144 3499 1212 3538 ero-

59 3573 123 3635 gare
142 3559 222 3634 iussi,
243 3559 323 3640 quod
343 3557 417 3618 iuste
437 3555 605 3636 possident,
623 3577 677 3617 suo
697 3576 759 3615 non
780 3555 914 3615 contenti
933 3555 1029 3618 siena
1047 3555 1174 3634 rapiunt.

129 3635 219 3696 Marc.
239 3643 286 3700 21.
335 3634 462 3694 latuistis
485 3655 550 3704 epm
572 3631 657 3692 Iena
679 3631 791 3691 diluuii.
843 3631 935 3707 Quod
967 3632 1035 3691 binc
1067 3630 1212 3712 colligunt

57 3703 200 3786 Papistae,
219 3733 310 3791 opera
329 3710 481 3769 moraliter
494 3709 572 3771 bona
594 3718 682 3787 (quae
693 3729 755 3768 non
767 3707 842 3768 liunt
854 3707 980 3788 Spiritus
991 3707 1141 3780 instinctu,
1160 3707 1213 3766 sed

58 3783 309 3865 regenerationem
321 3786 518 3866 praecedunt)
538 3785 575 3846 de
595 3805 731 3876 congruo
750 3785 867 3860 mereri,
887 3784 973 3843 nimis
994 3781 1108 3864 puerile
1129 3802 1211 3842 com-

59 3872 183 3923 mentum
204 3877 257 3924 est
295 3865 370 3924 Nam
391 3863 415 3922 si
435 3883 469 3924 ex
489 3883 589 3922 ansore
609 3861 667 3921 Der
687 3859 815 3921 infertur
833 3861 980 3933 meritum,
995 3879 1084 3918 ranas
1105 3870 1135 3919 et
1155 3878 1210 3938 pu-

59 3931 124 3994 lices
143 3940 271 4001 dicemus
289 3939 413 4012 mereri,
454 3937 521 4028 quia
540 3937 621 3998 Deus
648 3938 710 3997 siue
737 3939 912 4018 exceptione
936 3946 1085 3995 creaturas
1108 3955 1210 3996 omnes

60 4029 154 4074 amore
172 4017 369 4098 prosequitur.
395 4016 586 4096 Distinguere
607 4035 686 4098 ergo.
701 4014 808 4074 amoris
827 4013 934 4094 gradus
954 4031 1064 4092 operae
1083 4011 1210 4092 pretium

60 4098 109 4145 est.
147 4093 239 4168 Quotl
263 4091 299 4154 ad
319 4103 504 4175 praesentem
522 4089 620 4150 locum
641 4091 763 4164 attinet,
794 4089 923 4150 breviter
948 4099 1051 4148 tenere
1074 4089 1210 4163 sufficiat,

60 4159 152 4226 Deum
172 4160 309 4230 non‘uisi
329 4169 404 4230 lilios
422 4189 501 4242 suos,
521 4187 594 4246 quos
608 4165 721 4246 Spiritu
733 4163 901 4246 adoptionis
917 4165 1063 4248 regenuit,
1083 4177 1209 4246 paterno

60 4255 155 4302 amore
170 4247 337 4328 complecti,
356 4257 444 4326 atque
458 4243 512 4304 hac
532 4241 690 4302 dilectione
710 4242 791 4316 heri,
810 4253 843 4301 ut
861 4261 960 4301 coram
988 4242 1049 4304 cius
1067 4241 1210 4304 tribunali

60 4316 228 4392 probentur.
267 4323 435 4384 Secundum
456 4322 535 4382 huuc
551 4339 680 4397 sensum,
698 4317 897 4402 diligialteo,
917 4329 947 4380 et
966 4317 1208 4384 corameoiusti÷

424 501 540 583 aLegis
550 503 640 562 verba
657 523 723 562 eum
742 512 840 562 reatus
860 502 904 562 sui
924 523 986 562 non
1006 501 1074 562 satis
1096 507 1220 565 conrin-
