2764 4854
361 259 509 336 (tta-a.
550 257 631 318 lesus
652 277 750 320 coram
773 259 910 342 Caipha.)
1047 337 1056 364 ·
1161 267 1219 330 337

55 415 120 480 bae
154 425 186 479 et
213 415 360 479 seniores
392 424 621 479 convenerant.
671 416 722 482 58.
742 417 856 482 Petrus
883 426 988 482 autem
1020 411 1217 505 sequebatur

56 539 130 582 eum
160 515 275 604 promi
310 538 412 603 usque
441 517 482 582 ad
511 518 623 582 atrium
651 519 764 582 summi
792 517 974 599 Pontificis,
1003 531 1035 586 et
1055 523 1216 605 ingressus

56 622 159 696 intro,
190 615 326 683 sedebat
359 639 428 682 eum
458 621 623 698 ministris,
654 631 689 685 ut
714 617 841 685 videret
863 621 974 687 finem.
1012 624 1063 688 59.
1096 625 1216 694 Princi-

54 743 115 807 pes
144 731 249 785 autem
276 720 479 788 sacerdotum
501 734 534 790 et
555 726 702 791 seniores
730 734 762 788 et
781 733 883 788 totum
916 725 1089 793 concilium
1118 753 1215 818 quac·

54 825 173 890 rebant
198 823 312 888 falsum
340 829 556 898 ¹testimouium
588 838 699 894 eontra
727 827 845 905 iesum,
866 839 902 893 ut
928 849 1000 893 eum
1028 835 1124 896 morti
1151 827 1215 898 trass

55 926 181 991 darent.
223 927 274 990 oo.
294 927 337 992 Et
357 949 424 994 nrm
451 929 677 997 inveniebant:
704 931 799 996 etiam
827 953 924 1017 quum
951 929 1042 997 multi
1067 931 1141 998 falsi
1167 945 1214 1000 te·

42 1041 122 1096 ,stes
146 1033 370 1119 accessissent,
390 1053 457 1099 nou
479 1033 697 1101 inveniebant.
738 1033 919 1100 Novissime
941 1046 1046 1098 autem
1057 1049 1216 1102 venerunt

55 1135 124 1200 duo
157 1133 231 1199 falsi
264 1144 369 1212 testes,
410 1138 461 1202 61.
484 1138 550 1229 Qui
579 1139 741 1216 dixerunt,
774 1137 837 1202 Hie
869 1137 961 1216 dixit,
991 1139 1122 1204 Possum
1158 1138 1215 1204 de-

54 1249 180 1306 struere
202 1235 356 1323 ternplum
377 1239 454 1322 Dei,
475 1254 507 1308 et
529 1242 638 1308 triduo
663 1242 837 1308 aedificare
859 1237 950 1304 iilud.

66 1404 69 1416 ¹
139 1421 279 1496 hauc.
310 1389 397 1490 XIV.
438 1427 488 1492 53.
521 1427 562 1493 Et
599 1425 800 1493 adduxerunt
832 1426 937 1490 lesum
967 1359 1018 1492 'ad
1057 1449 1212 1494 summum

53 1525 272 1626 sacerdotem,
294 1539 326 1592 et
347 1519 545 1594 conveniunt
573 1552 644 1596 cum
671 1553 712 1596 eo
741 1550 854 1594 omnes
880 1529 1043 1613 principes
1063 1531 1224 1622 sacerdo·¹
1275 1558 1281 1578 ·
1317 1589 1379 1634 w

54 1641 137 1706 tum,
168 1637 201 1694 et
228 1634 388 1710 seniores,
420 1645 452 1698 et
479 1631 613 1698 scribae.
654 1633 705 1698 54.
732 1631 775 1697 Et
800 1632 914 1696 Petrus
950 1635 1073 1705 eminus
1099 1657 1214 1722 seque-

53 1731 153 1798 batur
180 1755 251 1798 eum
279 1739 436 1822 usquein
465 1741 578 1802 atrium
599 1740 712 1802 summi
734 1735 918 1801 Pontificis:
944 1745 977 1800 et
1002 1739 1213 1840 eratgsedens

52 1857 137 1902 una*
156 1858 228 1902 cum
262 1842 428 1918 ministris,
460 1850 491 1904 et
513 1838 688 1905 calefiebat
723 1839 764 1907 ad
796 1839 914 1904 lumen.
963 1839 1014 1903 55.
1046 1839 1214 1926 Principes

53 1951 162 2006 autem
194 1942 397 2009 sacerdotum
435 1955 466 2018 et
498 1955 599 2010 totum
630 1941 799 2008 concilium
840 1940 1041 2030 quaerebant
1072 1945 1213 2010 testimo-

52 2043 142 2106 nium
171 2043 325 2111 adversus
352 2047 471 2127 lesum,
498 2059 533 2112 ut
554 2069 627 2134 eum
649 2050 745 2114 morti
773 2043 951 2110 traderent:
978 2065 1041 2110 nec
1067 2048 1214 2112 invenie·

56 2144 146 2211 bant.
201 2149 251 2212 66.
278 2147 379 2213 Multi
410 2154 495 2216 enim
530 2149 646 2215 falsum
678 2152 895 2214 testimonium
927 2145 1073 2211 dixerant
1103 2161 1214 2214 eontra

32 2269 145 2329 ·eum,
173 2260 206 2315 et
225 2270 293 2314 non
322 2249 545 2334 congruebant
571 2271 684 2314 eorum
710 2250 902 2318 testimonia.
942 2248 993 2312 57.
1014 2247 1056 2314 Et
1082 2249 1212 2336 quidam

50 2363 222 2438 surgentes
247 2349 362 2415 falsum
389 2354 604 2417 testimonium
632 2349 777 2414 tulerunt
803 2361 914 2415 contra
931 2371 1031 2429 eum,
1057 2351 1213 2420 dicendo:

48 2458 105 2522 58.
129 2455 199 2519 Nos
221 2451 400 2518 audivimus
428 2473 500 2518 eum
527 2453 704 2528 dicentem,
725 2451 795 2536 Ego
823 2449 946 2516 diruam
968 2453 1121 2540 tempium
1144 2456 1214 2536 hoe,

51 2555 145 2644 quod
175 2552 323 2620 manibus
349 2555 550 2633 factumest,
578 2568 610 2620 et
636 2552 739 2620 tribus
769 2552 884 2620 diebus
912 2553 1096 2624 aedificabo
1124 2557 1212 2624 alind
1251 2591 1257 2601 ν

50 2683 122 2728 non
148 2658 371 2726 manufactum.
413 2659 464 2724 59.
505 2659 547 2725 Et
571 2681 613 2724 ne
639 2661 687 2723 sic
715 2640 1073 2748 quidcmpeougruebat
1101 2681 1213 2726 eornm
1252 2659 1261 2758 i

51 2766 281 2848 testimonium.¹
578 2758 580 2767 ’
1210 2773 1216 2784 “

138 2927 241 2998 LUC.
267 2931 367 2996 xxti.
387 2931 458 3018 Ι64.
490 2929 769 3020 comprehensum
804 2941 909 2996 autem
941 2952 1015 2994 eum
1048 2929 1215 3010 duxerunt,

55 3047 88 3103 et
117 3035 313 3102 induxerunt
338 3037 372 3102 iu
399 3033 528 3100 domum
565 3039 678 3100 summi
706 3033 888 3101 Pontifiuis:
919 3034 1033 3100 Petrus
1057 3055 1138 3100 vero
1164 3057 1214 3100 se·

55 3139 218 3228 quebatur
239 3140 370 3205 eminus.
413 3231 415 3239 Ι
547 3131 553 3144 '

131 3390 228 3451 hiiam
247 3389 424 3466 narrationis
444 3391 550 3452 seriem
574 3399 657 3450 tenet
677 3387 771 3448 Lucas
795 3407 881 3466 quam
901 3387 1065 3450 Matthaeus
1084 3400 1115 3448 et
1134 3389 1214 3447 Mar-

56 3489 117 3529 cus.
156 3469 267 3527 Verum
294 3468 375 3546 quod
400 3468 477 3528 inter
503 3467 583 3548 ipsos
609 3465 753 3525 diversum
774 3476 832 3539 est,
856 3484 924 3524 mox
948 3485 1001 3524 suo
1022 3463 1091 3524 ioco
1112 3466 1214 3524 conci-

57 3545 131 3606 liare
150 3543 338 3606 studebimus.
371 3544 493 3604 Interim
514 3561 589 3623 quae
609 3553 713 3602 notatu
734 3541 822 3622 digna
841 3553 909 3600 sunt
921 3539 1062 3600 inverhir
1073 3540 1215 3600 Matthaei

58 3621 211 3693 ethiarci,
231 3619 362 3680 breviter
379 3621 581 3702 perstringere
600 3616 749 3682 convenit
789 3617 832 3675 Im
855 3617 945 3691 rimis,
964 3627 997 3676 ut
1016 3615 1137 3676 tollatur
1147 3637 1214 3676 cru-

56 3699 98 3759 cis
116 3695 294 3771 scaudaium,
313 3699 472 3776 spectanda
493 3707 538 3756 est
557 3695 676 3768 utilitas,
696 3713 781 3784 quam
794 3637 881 3754 uobis
895 3693 1012 3774 peperit
1025 3691 1137 3751 Christi
1153 3693 1213 3751 exi-

55 3775 186 3834 nanitio:
206 3771 248 3833 sic
269 3772 347 3833 enim
367 3771 420 3833 fiet
437 3785 471 3832 ut
490 3769 729 3854 incomparabilis
741 3769 800 3830 Dei
820 3769 936 3830 bonitas
950 3781 980 3830 et
991 3767 1103 3849 gratiae
1114 3767 1215 3827 eihsa-

55 3852 111 3925 cia,
131 3849 271 3930 quicquid
291 3849 425 3909 deforme
444 3869 478 3909 ac
497 3849 673 3930 probrosum
693 3845 753 3907 iilic
774 3847 845 3919 erit,
869 3865 923 3905 suo
944 3844 1061 3926 snigore
1085 3842 1214 3904 aboleat.

53 3927 162 3988 Filium
181 3925 241 3986 Dei
260 3927 340 4006 capi,
360 3925 466 3986 vinciri
485 3939 516 3985 et
535 3923 699 4014 constringi
719 3923 878 3984 secundnm
899 3941 1016 3982 carnem
1036 3930 1123 3998 turpe
1143 3919 1215 3980 suit:

52 4017 178 4066 atvero
198 4003 266 4062 dum
286 4013 469 4084 reputamus,
494 4022 549 4061 nos
576 4001 636 4061 eius
656 4001 779 4060 vinculis
802 3998 915 4059 solutos
939 4015 1002 4058 esse
1021 4016 1038 4055 a
1056 3995 1215 4076 tyrannide

53 4079 178 4154 diaboii,
198 4089 229 4139 et
247 4091 341 4156 reatu,
362 4077 411 4159 qui
431 4101 486 4138 uos
505 4099 605 4139 coram
624 4075 693 4137 Deo
713 4075 834 4136 tenebat
853 4074 892 4132 im
915 4073 1022 4147 licitos,
1041 4093 1103 4131 nen
1118 4072 1214 4132 solum

53 4159 169 4218 tollitur
190 4155 414 4230 ostendiculum,
434 4156 470 4216 ad
491 4156 570 4235 quod
590 4153 756 4244 impingere
776 4161 876 4232 posset
894 4095 967 4210 hdes
987 4159 1098 4224 nostra,
1118 4150 1214 4210 sedin

54 4231 116 4296 eiu's
138 4234 237 4294 iocum
256 4234 387 4294 succedit
406 4233 563 4292 immensae
583 4231 642 4290 Der
661 4230 773 4312 gratiae
794 4225 965 4300 admiratio,
991 4225 1038 4294 cui
1063 4226 1138 4284 tanti
1159 4225 1216 4285 suit

53 4323 157 4372 nostra
177 4309 325 4385 liberatio,
345 4321 378 4369 ut
397 4311 421 4368 F
423 4309 503 4368 ilium
523 4307 707 4388 unigenitum
727 4303 822 4384 impiis
841 4303 1027 4364 vinciendum
1052 4303 1214 4362 tradiderit.

53 4389 122 4448 Hoc
144 4405 264 4467 queque
284 4387 371 4448 uobis
397 4386 454 4447 erit
477 4383 631 4467 singularis
652 4380 762 4444 Christi
788 4377 859 4462 ergit
882 4401 938 4442 nos
963 4379 1072 4440 amoris
1098 4379 1214 4459 pignum

78 4487 171 4546 earnm
186 4499 269 4534 eoam.
285 4490 308 4530 a.
323 4487 403 4534 traam.
420 4489 465 4534 ue.
481 4489 532 4534 ror,
551 4489 581 4533 u.
972 4463 1011 4528 tt
