2778 4838
486 237 570 316 (tus.
608 235 716 298 illotae
734 237 862 316 manus)
1088 245 1091 254 ¹
1186 245 1251 311 ,85

83 395 198 466 quanto
224 381 373 477 indignius
398 397 459 460 est,
470 387 650 524 posthabita
673 391 757 474 Lege
781 389 842 452 Dei
864 402 960 452 totum
983 389 1109 454 studium
1135 389 1171 451 ad
1195 391 1245 454 illa
1327 371 1330 382 ⁵

79 463 227 524 servanda
252 463 445 542 impendere?
499 477 604 556 pparet
627 465 899 550 igitur-ambitiose
921 467 1029 550 magis,
1074 487 1141 526 uam
1159 477 1243 529 recto
1355 537 1361 546 ‚

79 540 149 600 zelo
174 539 257 620 ipsos
277 539 411 617 oliendi,
436 541 504 602 dum
528 551 567 602 rta
594 543 728 604 homines
747 545 816 606 Deo
840 545 1021 624 praeferunt.
1088 561 1158 604 orro
1184 563 1244 624 quo

78 637 168 678 seusu
189 615 284 691 dicat,
304 637 355 676 eos
374 619 540 702 transgredi
554 617 620 692 ¹Dei
638 621 789 696 mandata,
809 642 843 681 ex
862 633 1002 682 contextu
1021 619 1108 681 facile
1127 619 1245 702 colligi-

79 706 136 754 uir.
177 694 249 754 Non
275 691 438 756 abolebaot
484 695 573 772 alam,
597 696 645 757 rel
665 719 698 758 ex
738 697 853 759 rosesso
872 699 984 782 Legem
1003 696 1079 772 Dei,
1103 707 1137 756 ut
1162 717 1222 777 quo

77 768 432 862 vetuerat·li·ci·tum·es·se
452 718 609 856 lugerent,
628 775 680 835 sed
699 719 821 855 obliqua
841 786 905 836 erat
923 787 1001 836 trans
1041 773 1133 847 ossio,
1175 793 1244 864 uum

76 848 178 908 officia
200 845 339 908 damnatus
358 861 490 910 incuncta
508 870 611 910 secure
631 851 727 912 omitti
747 849 943 932 patiebantur.
978 851 1098 912 Carum
1113 795 1244 926 etlamr-

76 925 151 986 liare
172 921 337 1003 exemplum
358 926 502 1003 estquod
524 927 657 988 Christus
677 929 808 1004 adducit,
833 927 1028 1010 Praeceptum
1047 926 1107 986 Dei
1128 939 1186 1001 est,
1209 938 1244 986 ut

75 1000 166 1061 liberi
188 999 334 1060 bonorem
354 999 482 1062 babeant
501 1002 559 1063 suis
578 1005 761 1084 parentibus.
801 1005 880 1079 Quia
902 1025 1001 1066 sacrae
1021 1003 1188 1084 oblatipues
1205 1008 1241 1064 iu
1306 1049 1308 1057 .
1379 1043 1382 1050 ·

76 1078 193 1141 lucrum
212 1077 399 1138 sacerdotum
420 1078 575 1152 cedebant,
595 1092 653 1141 um
672 1082 768 1164 rigida
787 1093 851 1142 erat
870 1103 969 1142 earum
983 1081 1106 1154 exactio,
1126 1093 1158 1140 ut
1171 1101 1240 1162 gra-

74 1155 141 1216 vius
184 1173 287 1214 eccare
307 1151 467 1236 tingerent,
486 1155 537 1234 qui
556 1157 630 1218 nihil
648 1170 756 1237 sponte
776 1157 896 1236 olleret,
915 1179 1001 1238 quarn
1040 1157 1242 1238 ui'parentem

74 1174 232 1292 iraudhret
250 1229 352 1292 debito
372 1231 445 1292 iure.
474 1231 614 1312 Denique
630 1235 711 1314 quod
728 1236 886 1294 secundum
902 1180 1087 1316 Legemllci
1104 1232 1242 1293 volunta-

74 1310 153 1368 rium
175 1317 255 1380 erat,
281 1306 372 1386 pluris
392 1319 456 1370 crat
474 1308 635 1370 scribarum
657 1310 782 1385 iudicio,
807 1331 894 1390 quam
913 1332 1003 1370 arnum
1023 1331 1057 1370 er
1070 1309 1242 1389 'praecipuis

74 1385 134 1446 Dei
145 1383 299 1444 mandatis.
338 1385 423 1466 lirgo
436 1384 553 1463 quotics
565 1385 606 1446 ita
617 1386 725 1446 intenti
742 1408 839 1447 snmus
859 1387 896 1447 ad
912 1387 1067 1448 servandas
1088 1386 1241 1445 bominum

74 1462 169 1544 leges,
189 1471 224 1519 ut
242 1460 278 1520 ad
298 1461 390 1541 ipsam
409 1461 468 1521 Dei
487 1460 600 1544 Legem
619 1463 790 1524 servandam
807 1463 904 1524 minus
923 1461 1009 1524 studii
1029 1482 1175 1540 curaeque
1184 1461 1241 1519 im-

97 1540 252 1612 cudamus,
273 1557 427 1598 censemur
446 1557 510 1598 eam
529 1540 704 1622 transgredi.
740 1539 835 1600 Paulo
854 1551 923 1620 post
942 1539 1030 1615 dicct,
1049 1538 1163 1598 irritum
1176 1535 1241 1597 fieri

71 1561 135 1675 bei
159 1613 328 1674 mandatum
354 1626 479 1694 propter
505 1615 657 1676 homiuum
683 1617 872 1691 traditiones,
897 1616 964 1698 quia
989 1614 1103 1677 scribae
1122 1614 1163 1676 ita
1182 1614 1242 1673 suis

72 1691 191 1772 placitis
217 1690 364 1750 addictum
391 1689 537 1752 tenebant
556 1693 716 1773 populum,
740 1706 774 1754 ut
798 1693 953 1755 intendere
977 1692 1072 1754 verbo
1091 1690 1151 1750 Dei
1176 1707 1240 1750 nou
1294 1694 1298 1710 ’
1348 1709 1351 1716 ·

72 1779 209 1831 vacaret:
229 1766 337 1827 deinde
358 1767 425 1845 quia
445 1783 508 1828 sese
527 1769 631 1848 pulcre
652 1771 808 1831 defunctos
828 1768 982 1862 putabant,
1002 1769 1051 1850 qrri
1064 1769 1099 1828 ad
1110 1787 1240 1848 unguem

73 1843 132 1904 illis
154 1854 241 1904 mant
261 1841 428 1922 obsequuti,
448 1843 516 1905 hinc
535 1846 677 1928 surgebat
717 1847 837 1906 eecandr
857 1845 986 1906 licentia.
1020 1845 1145 1924 Impune
1160 1843 1240 1904 enim

73 1919 339 2004 violariycrcditur
356 1919 418 1980 Lex
435 1919 515 1996 Dei,
540 1924 655 2000 qrroties
680 1869 751 1985 alibi
776 1944 862 2002 quam
888 1924 919 1982 in
944 1923 1005 1983 eius
1032 1920 1240 1982 observatione

73 1997 192 2059 locatur
210 1995 358 2056 sanctitas.
393 1997 485 2058 Nunc'
498 2019 556 2078 pro
574 2019 606 2060 se
626 1999 749 2080 quisque
766 1999 922 2080 expendat,
941 2019 978 2058 an
995 2017 1057 2058 non
1073 1997 1162 2058 hodie
1178 2017 1240 2056 ma-

73 2075 119 2156 gis
139 2073 215 2134 haec
235 2073 363 2151 pravitas
383 2071 413 2131 in
427 2072 543 2154 Papatu
558 2089 715 2158 grassetur,
735 2097 821 2156 quam
835 2075 905 2137 olim
918 2076 996 2165 apud
1006 2075 1141 2136 Iudaeos.
1169 2073 1241 2133 Nou

71 2161 166 2233 negat
185 2148 303 2229 quidem
316 2148 397 2228 Papa
417 2171 483 2210 cum
503 2162 567 2212 tota
587 2149 658 2212 cleri
677 2153 722 2214 sui
741 2153 879 2226 colluvie,
900 2173 971 2230 qum
986 2151 1025 2212 sit
1039 2148 1240 2210 obediendum

71 2229 156 2302 Deo,
174 2227 228 2286 scd
248 2225 299 2286 ubi
319 2225 438 2286 adrem
457 2237 578 2288 ventum
600 2239 654 2302 est,
674 2229 740 2308 quia
761 2249 824 2288 non
844 2248 928 2288 secus
943 2249 977 2287 ac
992 2226 1117 2306 capitale
1128 2225 1240 2286 crimen

72 2307 259 2366 detestantur
277 2301 426 2362 modicum
447 2303 542 2362 carnis
561 2317 689 2388 gustum,
731 2305 815 2382 uibus
839 2305 948 2364 surtum
965 2300 1011 2362 vel
1027 2301 1168 2362 scortatio
1186 2320 1239 2361 ve-

73 2381 155 2441 niale
180 2379 319 2442 delictum
344 2391 403 2454 est,
429 2391 554 2458 propter
577 2401 643 2441 suas
666 2325 841 2441 trahitiones
867 2390 1004 2439 evertunt
1026 2377 1138 2459 Legem
1164 2363 1239 2436 Dei:

74 2457 144 2538 quia
164 2455 248 2516 nullo
267 2455 359 2516 modo
379 2454 534 2516 serendum
555 2467 614 2532 est,
633 2469 666 2517 ut
685 2457 838 2517 hominum
857 2455 964 2536 placita
985 2455 1021 2514 de
1043 2451 1242 2528 observantia,

74 2555 152 2615 quae
174 2533 245 2594 Deo
271 2532 322 2592 uni
347 2531 488 2605 debetur,
514 2534 671 2612 quicquam
694 2533 837 2594 minuant.
886 2531 984 2590 Porro
1010 2531 1123 2602 honor,
1172 2549 1240 2587 uem

94 2623 225 2672 raestare
244 2607 418 2670 iubetDeus
430 2610 612 2690 parentibus,
630 2610 669 2670 ad
688 2609 787 2670 omnia
809 2607 926 2688 pietatis
946 2605 1046 2666 officia
1065 2550 1239 2664 extenlitnr.

71 2633 228 2748 Βοιωτίης
246 2685 411 2744 membrum
432 2687 513 2766 quod
532 2686 667 2770 adiungit
688 2685 833 2760 Cbrlstus,
850 2695 948 2744 morte
967 2682 1088 2766 dignum
1109 2699 1171 2742 esse
1189 2678 1241 2759 qui

71 2761 260 2824 maledixerit
278 2761 354 2842 patri
373 2760 422 2822 vel
441 2762 539 2838 matri,
558 2762 615 2823 buc
634 2774 750 2844 spectat
768 2772 800 2821 nt
818 2762 951 2835 sciamus,
969 2779 1032 2818 non
1044 2756 1165 2848 vulgare
1176 2775 1239 2815 esse

73 2853 125 2900 aut
144 2840 217 2899 levis
236 2837 379 2898 momenti
399 2850 589 2919 praeceptum
610 2841 647 2900 de
668 2838 850 2900 honorandis
870 2834 1052 2917 parentibus,
1072 2855 1153 2895 curus
1171 2833 1239 2892 vio-

71 2916 147 2978 latio
167 2928 229 2976 tam
248 2934 351 2975 sevae
370 2915 501 2996 punitur.
540 2916 608 2977 lloc
632 2935 704 2976 vero
730 2915 893 2976 scribarum
917 2911 1033 2992 culpam
1053 2931 1114 2970 uon
1135 2929 1240 2995 parum

73 2993 253 3075 amplificat,
281 2990 361 3125 guod
380 3003 438 3050 tam
459 3011 559 3052 seuera
580 2991 763 3053 denuntiatio
785 2991 904 3052 minime
925 3009 977 3052 cos
995 2999 1100 3064 terret,
1120 2985 1239 3066 quomi-

72 3093 129 3132 nus
148 3069 265 3130 frenum
297 3075 384 3127 axent
402 3079 557 3148 parentum
577 3067 842 3148 contemptoribus.
1144 3077 1146 3084 '

148 3153 179 3214 6.
222 3143 289 3204 Vos
306 3157 401 3206 mssa
419 3139 513 3205 dicitis
531 3157 583 3206 etc.
622 3143 777 3206 Desectira
802 3155 847 3206 est
871 3141 1025 3222 loquutio,
1057 3159 1133 3221 quae
1159 3139 1238 3220 apud

73 3226 208 3286 Marcum
233 3233 278 3281 est
306 3220 439 3300 plenior,
464 3221 515 3281 ubi
534 3222 664 3295 additur,
695 3244 754 3284 nou
777 3223 871 3297 siritu
895 3241 960 3280 m
982 3219 1062 3279 ultra
1084 3221 1239 3298 quicqum

68 3315 232 3380 pnsum.
271 3295 381 3358 Sensus
401 3311 497 3358 autem
519 3310 572 3374 est,
592 3320 646 3380 per
668 3319 747 3358 eram
767 3297 905 3358 ascribis
926 3294 1048 3370 absolvi,
1068 3295 1118 3374 qui
1130 3313 1239 3374 paren·

72 3379 153 3438 tibus
173 3374 351 3436 subtrabunt
369 3395 420 3434 sua
441 3374 555 3448 officia,
580 3393 630 3435 mo
653 3395 671 3434 o
693 3375 770 3434 hunc
789 3374 937 3434 defectum
956 3373 1114 3453 suppleant
1133 3369 1239 3431 volun-

72 3455 153 3515 tario
179 3451 340 3526 sacrificio,
367 3451 446 3530 quod
473 3451 537 3510 sine
556 3451 616 3512 Dei
641 3449 756 3511 ollensa
782 3450 879 3514 omitti
903 3461 1030 3530 poterat.
1068 3449 1132 3508 Nec
1160 3446 1240 3506 enirn

75 3530 188 3593 Christi
206 3528 297 3588 verba
317 3526 359 3588 sic
374 3527 509 3608 accipere
529 3528 686 3602 convenit,
711 3529 793 3608 quasi
820 3527 856 3587 ab
882 3526 963 3588 omni
989 3527 1066 3586 iusto
1093 3522 1239 3602 obsequio
1344 3559 1348 3568 ·

73 3607 211 3668 homines
231 3603 441 3685 prohibuerint
459 3603 589 3680 scribae,
612 3603 664 3666 sed
683 3614 768 3664 tanto
789 3603 907 3664 iervorc
927 3602 1077 3663 instabant
1096 3597 1132 3657 ad
1151 3615 1239 3678 prae-

74 3685 141 3744 dam
161 3681 337 3755 venandam,
356 3691 390 3739 ut
408 3681 579 3759 parentibus
597 3681 712 3740 interca
732 3679 869 3741 deessent
888 3679 950 3739 lilii.

150 3763 180 3825 7.
218 3757 310 3818 Recte
332 3755 369 3816 da
391 3755 470 3816 vobis
489 3755 644 3834 praediscit
667 3755 790 3819 Iesoirss.
844 3755 977 3839 Longius
1008 3771 1088 3814 nunc
1111 3765 1239 3832 progre7

75 3837 155 3896 ditur
174 3835 335 3896 Dominus:
361 3853 428 3892 nam
450 3832 486 3894 de
506 3836 574 3916 ipsa⁵
590 3854 676 3895 causa
695 3833 885 3914 pronuntiat,
910 3851 997 3912 quam
1016 3829 1046 3890 iu
1068 3828 1127 3886 duo
1146 3845 1240 3887 ruem-

74 3913 128 3974 bra
149 3909 307 3972 distribuit.
345 3909 431 3970 Prius
452 3920 512 3985 est,
536 3911 617 3989 quod
643 3911 767 3970 externis
792 3901 887 3969 solum
911 3906 1016 3968 ritibus
1041 3903 1241 3964 attriverant

74 3989 272 4060 sanctitatem,
292 4007 368 4066 quac
387 3985 501 4046 sincera
522 3988 619 4048 cordis
639 3986 810 4070 integritate
830 3994 956 4057 constat,
975 4002 1030 4062 pro
1044 3978 1137 4039 nihilo
1150 3979 1240 4040 duce-

74 4077 156 4127 rent:
186 4065 326 4138 alterum,
352 4063 432 4155 quod
457 4083 597 4142 perverse
616 4062 714 4123 Deum
734 4063 870 4128 colerent
887 4079 941 4122 suo
961 4057 1095 4148 arbitrio.
1134 4055 1241 4146 Quan-

75 4163 165 4223 quam
186 4152 296 4214 autem,
315 4140 367 4202 nbr
386 4141 526 4200 larvatam
546 4139 702 4229 fictamque
721 4137 944 4202 sanctimoniam
965 4146 1108 4218 exagitat,
1124 4133 1241 4193 radetur

75 4219 175 4280 adhuc
199 4235 342 4297 personas
366 4214 530 4299 stringere,
560 4216 713 4277 doctrmae
737 4227 837 4276 tamen
861 4231 1002 4274 summam
1026 4209 1244 4298 complectitur,
1265 4233 1268 4248 ·

75 4297 162 4356 cuius
182 4293 257 4355 baec
276 4293 365 4374 plena
384 4293 441 4354 luit
460 4293 605 4367 definitio,
624 4291 734 4354 cultum
754 4291 813 4353 Dei
831 4287 1012 4372 spiritualem
1032 4305 1109 4360 esse,
1128 4305 1192 4376 non
1211 4301 1243 4342 rn

75 4369 363 4456 aspersionesque
381 4369 481 4436 celin
500 4370 558 4432 alia
576 4370 746 4432 ceremonia
765 4369 904 4452 positum.
935 4365 1054 4429 Deinde
1073 4375 1135 4428 noa
1155 4363 1242 4424 auum
