2814 4846
442 223 525 302 (Μ.
562 220 677 284 necess
694 221 753 284 viri
772 218 920 306 leprosi.)'
1214 235 1254 300 dl

163 377 213 440 13
252 371 326 438 less
336 387 521 451 prmus.
559 374 711 467 Apparet,
734 393 837 438 omues
862 375 922 440 fide
940 377 1066 458 quadam
1090 377 1180 443 luisse
1199 381 1256 444 im·

85 452 196 544 l⁰l⁰³t
214 469 279 510 nun
299 451 397 512 solnm
417 451 485 532 quia
507 450 617 544 Christe
636 473 726 533 opem
746 453 917 545 implorant,
941 454 994 516 sed
1012 455 1147 537 Magistri
1166 458 1256 522 titulu

84 528 960 696 meust-..tuusattestatastutata
972 545 1256 674 tutassent

87 700 177 742 earne
197 701 250 742 sua
271 693 465 763 conspectant,
484 681 570 744 simul
587 683 907 758 tamenac‘iussisunt,
925 705 957 745 se
979 686 1136 746 ostendere
1156 708 1255 748 sacer·

84 757 218 832 dotibus,
237 777 345 837 perere
357 779 419 818 non
436 759 612 820 detrectant.
650 759 737 821 Adde
763 760 844 852 quud
863 779 1012 850 nunquam
1033 760 1089 822 nisi
1108 761 1177 824 fidei
1197 764 1255 826 im.

84 833 174 916 pulsu
194 834 326 914 proiecti
346 847 445 912 esseut
464 837 501 896 ad
520 836 703 898 sacerdotes:
722 836 877 898 riduculum
890 837 1126 898 enrmiuissetad
1140 850 1254 900 testan-

85 913 153 971 dam
174 933 257 972 suam
276 911 465 986 munditiem,
491 910 591 992 leprae
617 913 763 976 iudicibus
785 933 816 974 se
837 915 967 988 ulierre,
995 914 1051 974 nisi
1065 913 1167 996 «pluris
1193 917 1252 982 iilis

84 987 189 1048 luisset
202 987 316 1048 Christi
332 989 498 1069 promissio,
518 1009 605 1070 quam
625 1009 763 1069 praesens
782 990 881 1056 suurbi
900 991 944 1052 sui
965 991 1096 1068 intuitus.
1140 993 1253 1054 Visibi-

84 1063 143 1124 icm
164 1063 197 1122 in
217 1085 307 1126 carne
326 1086 377 1126 sua
396 1065 507 1146 iepram
549 1077 653 1141 estant,
673 1067 764 1128 unico
782 1078 881 1127 tamen
899 1067 1011 1130 Christi
1031 1067 1125 1130 verbo
1145 1069 1253 1130 sonbsi

83 1141 213 1201 muudus
232 1161 264 1200 se
283 1141 419 1221 profiteri
437 1163 500 1204 nun
521 1085 669 1206 dubitant:
696 1143 800 1223 negari
818 1143 911 1226 igitur
929 1165 991 1204 non
1012 1154 1122 1224 potest,
1148 1166 1253 1210 eorum

84 1216 229 1278 cordibus
249 1217 368 1278 insitum
389 1219 476 1280 luisse
497 1219 617 1298 aliquod
636 1219 706 1280 iidei
728 1239 839 1280 semen.
879 1219 1058 1299 Quanquam
1072 1234 1169 1282 autem
1184 1243 1253 1284 cer·

84 1305 147 1354 tuus
168 1305 224 1368 est,
243 1293 357 1373 Spiritu
377 1295 546 1376 adoptionis
566 1316 628 1356 non
648 1295 737 1356 luisse
757 1294 920 1378 regenitus,
939 1296 1013 1356 nihil
1026 1308 1123 1359 tamen
1136 1309 1181 1360 est
1197 1299 1252 1359 ab·

81 1370 177 1444 surdi,
198 1371 341 1450 quaedam
354 1372 472 1452 pietatis
491 1371 637 1451 principia
657 1372 795 1432 tenuisse.
835 1371 908 1447 Quo
921 1372 1014 1454 magis
1022 1372 1185 1434 timendum
1197 1385 1253 1451 est,

84 1469 124 1508 ue
146 1459 179 1508 et
198 1447 285 1508 nubis
305 1449 461 1531 contingat
479 1448 618 1510 scintiliae
638 1448 707 1510 fidei
731 1449 762 1508 iu
782 1447 871 1510 nobis
890 1451 1032 1510 micantes
1051 1450 1251 1532 exstinguere:

86 1525 143 1584 etsi
165 1525 245 1584 enim
265 1524 330 1584 riva
351 1525 422 1586 fides
442 1547 501 1586 nun
525 1547 592 1586 uam
613 1526 766 1599 emoritur,
787 1523 903 1606 quaein
917 1523 1031 1607 Spiritu
1044 1546 1076 1587 re
1100 1527 1251 1590 oneratio-

83 1601 129 1662 nis
151 1599 220 1660 fixas
241 1599 332 1662 habet
350 1601 475 1674 radices,
494 1601 564 1662 sibi
576 1614 675 1662 tanam
686 1601 820 1675 vidimus,
840 1602 1034 1682 temporalem
1047 1602 1065 1660 ti
1088 1619 1134 1664 em
1145 1622 1161 1663 a
1172 1601 1251 1664 mul-

81 1677 686 1834 hettiattttt'ttttttttt
705 1677 1251 1835 dtt'tttt‘t'tdt'ltdtitt

84 1805 221 1892 ierantur
239 1842 353 1893 mentes
372 1843 502 1906 nostrae,
522 1843 610 1911 atque
631 1833 687 1894 huo
708 1776 795 1894 etiam
805 1830 954 1893 Dominus
974 1832 1037 1924 ipse
1057 1833 1249 1914 arcanoSpi-

83 1909 159 1968 ritus
178 1908 320 1968 instinctu
340 1929 395 1970 nos
414 1907 562 1982 sollicitat,
580 1909 632 1970 aed
649 1919 808 1990 postquam
828 1908 905 1970 votis
945 1909 1012 1968 uttti
1031 1931 1139 1986 sumus,
1158 1923 1191 1972 nt
1210 1911 1249 1970 il-

84 1985 146 2046 iuur
166 1985 284 2064 pietatis
302 2003 419 2046 sensum
439 1983 598 2049 absorbeat
615 1985 732 2068 ingrata
751 1982 874 2047 oblivio.
937 1985 965 2046 ie
978 1985 1083 2066 inopia
1095 1998 1126 2047 et
1137 1987 1249 2050 esuries

82 2063 170 2123 bdem
191 2061 300 2145 gignit,
320 2081 407 2141 quarn
427 2061 536 2123 occidit
555 2063 698 2123 saturitas.

158 2147 224 2204 tt..
252 2135 398 2200 Οαωάἰω
426 2159 477 2200 uua
505 2137 710 2203 mosen.
748 2135 879 2200 Perinde
909 2137 1002 2200 valuit
1033 2140 1091 2200 huc
1119 2159 1247 2221 respon-

81 2215 556 2354 {thtttitttthtttittt
570 2235 655 2352 tt.
677 2213 1251 2357 ttttttttdttttttiitttt*

82 2369 214 2430 mundis:
235 2370 275 2428 ita
296 2368 430 2430 Christus
450 2379 482 2428 et
499 2367 556 2428 illis
576 2312 750 2430 sairudr’ius
768 2387 852 2428 suum
869 2367 1023 2446 relinquit,
1043 2379 1074 2428 et
1091 2379 1182 2431 testes
1201 2369 1268 2430 sa-'

83 2447 124 2506 cit
138 2447 184 2506 sui
195 2445 330 2508 miraculi
342 2457 430 2525 atque
444 2443 670 2526 approbatores.
708 2444 783 2505 ideo
804 2442 936 2516 diximus,
940 2443 1004 2580 dpie
1025 2455 1056 2502 et
1074 2458 1248 2508 reverenter

82 2522 206 2586 istusdc
223 2520 344 2587 Christo
357 2521 491 2596 sensisse,
511 2521 561 2601 qui
581 2521 675 2582 adbuc
695 2519 825 2581 morbidi
845 2539 880 2580 ex
898 2541 938 2580 uu
960 2540 976 2578 a
997 2518 1059 2580 eius
1078 2541 1248 2601 rocespem

83 2599 214 2662 sanitatis
236 2598 370 2690 protinus
390 2598 593 2678 conceperint.
632 2596 747 2658 Insulae
773 2616 845 2658 vero
864 2593 1002 2674 Papistae
1027 2596 1246 2658 consessionem

83 2697 163 2738 suam
184 2675 378 2737 auricularem
399 2675 468 2738 binc
493 2685 634 2736 astruunt.
671 2671 756 2734 iilissi
774 2683 857 2744 sunt,
883 2671 996 2746 lateus,
1021 2693 1038 2732 a
1059 2671 1179 2736 Citristo
1199 2672 1246 2733 ie-

83 2752 165 2834 prosi
177 2755 216 2814 ad
227 2751 404 2826 sacerdotes,
423 2751 476 2812 sed
496 2771 557 2810 nou
578 2763 612 2811 ut
630 2771 681 2810 sua
701 2760 822 2830 peccata
841 2748 872 2810 in
891 2747 1010 2810 illorum
1026 2769 1110 2812 aures
1124 2769 1245 2810 monre-

82 2823 1245 2986 idhiihiiilbhiililildidi.i‘llali‘iiiiiirlpiid‘ihrili

83 2984 127 3044 sio
146 2981 323 3043 munditiem
343 2981 447 3057 ailcrt,
469 2981 522 3042 sed
542 2992 575 3042 ut
592 2925 796 3044 sacerdotibus
814 2945 1023 3054 uitenderent,
1046 2997 1077 3039 se
1098 2978 1155 3040 iam
1175 2991 1245 3042 ante

81 3059 171 3122 fuisse
190 3058 327 3124 mundus.
365 3059 416 3118 Bis
435 3069 532 3119 autem
551 3059 633 3120 stulti
652 3069 721 3120 sunt
738 3077 801 3120 nun
820 3076 853 3116 re
876 3067 1002 3128 utentes,
1022 3077 1109 3136 quam
1126 3067 1245 3138 turpem

79 3136 220 3198 infamiae
232 3134 452 3196 maculamsuae
468 3135 649 3197 confessioni
664 3145 835 3215 aspergente
855 3077 934 3194 bene
954 3133 1068 3194 scilicet
1086 3145 1201 3215 agetur,
1219 3133 1245 3194 si

82 3233 117 3272 er
134 3224 200 3272 tuta
222 3233 324 3273 eorum
345 3223 477 3286 caterva,
502 3213 551 3291 qui
577 3211 613 3274 ad
639 3211 805 3272 sacerdotes
829 3208 959 3289 proiecti
979 3209 1104 3285 fuerint,
1128 3221 1244 3272 tantum

81 3290 196 3350 decima
216 3309 284 3369 pars
304 3289 341 3350 ad
355 3287 504 3350 Christum
523 3288 637 3361 redeat,
656 3286 763 3367 reliqui
782 3307 855 3348 vcro
876 3305 979 3348 omnes
994 3286 1088 3378 impie
1108 3287 1243 3350 alienon·
1370 3312 1374 3326 .

81 3377 141 3426 tur.
179 3361 286 3446 Neque
302 3366 381 3426 enim
398 3363 561 3426 obtendere
573 3376 716 3444 poterunt
730 3363 926 3424 consessionis
942 3385 1012 3426 suae
1022 3363 1151 3438 tutulum,
1170 3364 1243 3443 quin

80 3440 251 3522 proiectum
271 3443 349 3504 bunc
368 3441 493 3504 vicissim
508 3463 646 3523 regerere
658 3441 755 3514 hosat,
774 3440 871 3502 nullos
889 3459 905 3500 a
922 3439 1123 3524 sacerdotibus
1134 3439 1243 3503 reverti

80 3517 209 3658 pluriam
219 3519 287 3580 Deo
299 3521 427 3580 daturos.
467 3518 624 3580 Caeterum
636 3517 721 3600 nugis
731 3515 829 3578 valere
842 3515 925 3578 iussis
938 3529 1083 3592 tenemus,
1102 3535 1243 3597 quorsum

100 3616 119 3657 e
142 3595 346 3657 sacmdutibus
372 3595 450 3657 iacta
473 3595 563 3656 luerit
585 3594 707 3656 mentio.
745 3593 871 3654 Fucens
894 3607 935 3654 est
957 3608 990 3654 st
1011 3598 1086 3654 taran
1107 3589 1242 3652 andum

80 3673 139 3733 ilic
163 3672 262 3734 diviua
287 3671 398 3734 Christi
424 3683 455 3732 et
477 3670 636 3734 verborum
662 3671 724 3734 eius
750 3670 841 3733 virtus
866 3669 986 3744 enituit,
1016 3670 1126 3732 editum
1151 3668 1242 3728 etiarn

80 3749 137 3810 luit
156 3749 378 3824 documentum,
398 3759 509 3828 quanto
533 3769 582 3808 ere
591 3748 660 3810 Deo
674 3747 791 3828 placeat
804 3746 872 3807 fidei
888 3745 1071 3807 obedientia:
1091 3763 1158 3804 nam
1170 3743 1242 3806 inde

80 3837 141 3886 tarn
161 3825 258 3886 subita
276 3825 396 3900 sanitas,
416 3824 496 3904 quod
511 3769 614 3884 bonae
632 3824 696 3915 spei
714 3823 807 3884 innixi
825 3824 883 3884 iter
894 3822 1006 3885 Christi
1017 3818 1242 3910 mandatoarri-

102 3923 153 3964 ere
165 3921 230 3962 non
242 3903 422 3962 dubitarunt
444 3901 561 3978 Quodsi
571 3902 693 3962 eramda
704 3900 754 3962 illa
766 3899 848 3974 fides,
865 3919 941 3979 quae
951 3899 1016 3960 riva
1026 3897 1125 3958 radrce
1137 3915 1242 3958 carens

102 3980 204 4040 erbam
216 3989 330 4040 tantum
341 3977 475 4060 protulit,
494 3975 621 4038 mirabili
640 3989 740 4040 tamen
760 3975 871 4038 ellectu
891 3974 1028 4036 divinitus
1047 3972 1105 4034 luit
1124 3983 1241 4050 ornam,

80 4068 194 4136 quantu
215 4055 403 4118 excellentius
422 4054 584 4135 praemium
604 4053 691 4116 fidem
711 4065 842 4117 nostram
860 4063 971 4127 manet,
994 4051 1019 4110 si
1038 4049 1070 4109 in
1089 4047 1158 4116 Deo
1178 4049 1241 4110 sin.-

79 4153 149 4194 cere
171 4143 202 4192 et
221 4131 315 4193 solide
335 4131 373 4192 sit
392 4130 503 4193 dedra?
543 4130 722 4210 Quanquam
746 4131 825 4190 eninr
843 4147 952 4188 novem
971 4126 1096 4208 leprosis
1115 4126 1189 4190 nibil
1209 4127 1241 4190 iu

78 4209 204 4273 salutem
244 4209 339 4270 ruluit
357 4207 451 4269 carnis
470 4207 593 4281 sanitas,
617 4206 669 4268 sed
693 4219 807 4269 tantum
832 4223 889 4286 pro
908 4205 984 4270 fluxa
1004 4201 1162 4266 etcaduca
1181 4203 1241 4266 fide

79 4229 247 4372 temporalis
267 4287 379 4346 donum
398 4285 498 4366 adepti
516 4294 595 4359 suut,
618 4283 672 4345 sub
692 4283 751 4346 boc
769 4295 869 4346 umen
887 4291 963 4364 typo
982 4279 1069 4345 uubis
1089 4291 1240 4345 ostensum

77 4362 146 4440 luit,
165 4383 254 4442 quarn
274 4361 378 4424 efficax
394 4362 493 4426 lutura
510 4361 550 4424 ait
566 4379 636 4429 vera
654 4359 737 4426 lides-

704 4465 711 4496 l
