2814 4846
162 235 205 338 30
376 226 493 291 SECT.
512 227 599 290 x111.
636 223 809 292 00000000
828 239 872 288 nr
890 237 1104 304 0101000110.

166 404 237 448 snae
254 380 432 446 tolerantiae
451 383 597 444 rationem
617 391 761 443 constare.
800 377 873 518 (ἰυο
886 378 1220 459 compesciturhnmana
1233 393 1333 445 teme·
1399 435 1400 450 ,

164 465 247 540 ritas,
265 482 304 522 ne
344 459 388 520 uis
407 481 520 521 summo
539 457 777 520 omniumlndici
796 478 815 518 o
838 469 970 538 strepere
989 456 1104 531 audeat,
1122 458 1148 518 si
1166 478 1231 520 non
1251 480 1333 520 sern-

165 561 223 622 per
245 559 337 619 aequa
360 536 392 596 ili
414 537 504 596 modo
530 535 636 596 iudicia
662 555 713 595 sua
738 534 911 614 exsequitur.
958 529 1118 594 Caeterum
1136 534 1185 595 bic
1205 555 1274 596 com
1298 557 1332 595 a-

163 617 242 678 ratio
261 613 390 675 1110100
409 612 560 674 dominum
580 622 611 672 et
628 609 767 686 uillicum,¹
786 631 848 670 non
861 609 929 690 quia
940 608 1000 670 Dei
1017 608 1151 681 ministri
1162 610 1247 672 illum
1267 558 1331 674 010-

164 692 275 754 mentia
300 701 332 750 et
355 690 576 750 mansuetudine
600 697 756 768 superent,
785 689 836 748 sed
862 685 930 768 qnia
954 684 1101 746 Dominus
1124 708 1190 748 non
1213 700 1329 748 tanturn

164 764 370 852 peccatoribus
393 765 483 826 vitam
507 776 666 846 prorogat,
689 767 741 826 sed
766 783 818 826 eos
841 781 962 844 quoque
988 760 1076 825 variis
1095 763 1192 826 modis
1212 765 1330 843 excolit,

159 858 199 908 'ut
216 845 368 906 meliorem
388 841 515 902 lructum
534 841 640 902 eliciat.

147 1089 149 1092 .
247 1034 352 1115 (tto.)
374 1025 477 1100 LUC.
494 1031 577 1098 Xlll.
612 1031 662 1098 10.
684 1013 951 1098 110001101001000
966 1028 998 1094 10
1012 1049 1078 1094 una
1090 1051 1330 1118 synagogarum

69 1122 75 1135 ¹
164 1137 315 1206 sabbatis.
358 1135 408 1204 11.
434 1135 477 1200 Et
507 1154 584 1201 ecce
610 1131 741 1226 mulie'r,
767 1156 851 1222 quae
867 1129 1025 1198 'babebat
1056 1135 1201 1220 spiritum
1236 1135 1330 1200 10110-

122 1257 124 1260 ·
163 1243 280 1307 mitatis
300 1243 391 1306 annis
413 1237 609 1317 octodecim,
638 1249 771 1326 eratque
793 1246 970 1314 contracte,
995 1255 1058 1301 nen
1080 1238 1209 1324 omnino
1231 1247 1330 1323 pote-

163 1336 214 1412 rat
236 1327 359 1411 erigere
382 1334 487 1409 capnt.
530 1322 580 1415 12.
603 1319 709 1422 Quam
731 1344 828 1409 quum
849 1321 975 1388 videret
995 1321 1093 1400 10000,
1113 1323 1239 1386 vocavit
1255 1342 1329 1386 eam

164 1429 207 1496 ad
227 1451 272 1509 00,
293 1439 325 1496 01
346 1430 390 1493 ait
410 1424 468 1505 illi,
488 1425 619 1506 Mulier,
638 1424 778 1492 liberata
798 1447 834 1493 es
855 1421 896 1489 ab
918 1423 1103 1490 infirmitate
1125 1433 1188 1489 tua.
1214 1423 1266 1489 13.
1285 1422 1330 1490 Et

163 1535 316 1620 imposuit
342 1530 392 1596 illi
418 1550 545 1608 manns,
576 1539 611 1596 et
634 1531 803 1598 confestim
829 1536 937 1594 erecta
965 1536 1026 1604 est,
1058 1536 1091 1592 ct
1123 1524 1329 1612 glorificabat
1399 1585 1400 1596 ,

162 1635 279 1703 Deum.
321 1633 370 1700 11
395 1631 614 1716 Respondens
642 1641 747 1698 antem
775 1633 927 1718 princeps
947 1649 1133 1716 synagogae
1154 1629 1327 1716 indignans

163 1736 254 1822 quod
282 1735 419 1802 sabbato
445 1745 590 1802 sanasset
617 1734 722 1816 lesus,
755 1731 883 1810 dicebat
904 1735 1030 1812 turbae,
1057 1732 1120 1798 Sex
1146 1731 1219 1800 dies
1245 1743 1328 1811 sunt,

163 1840 199 1904 in
226 1838 343 1926 quibus
370 1849 501 1926 oportet
528 1842 672 1926 operari:
702 1842 738 1906 in
768 1834 818 1902 bis
843 1857 921 1922 ergo
948 1839 1072 1917 venite,
1103 1845 1137 1904 et
1161 1837 1328 1916 sanemini,

163 1951 197 2006 et
222 1963 290 2008 non
315 1943 351 2008 in
377 1941 431 2007 die
457 1940 594 2011 sabbati.
635 1943 684 2006 15.
712 1938 930 2028 Respondeas
952 1949 1058 2007 antem
1081 1937 1122 2006 ad
1143 1938 1235 2007 illurn
1257 1941 1327 2006 Do·

161 2044 281 2124 minus,
308 2043 400 2124 dixit,
427 2046 624 2133 Hypocrita,
652 2043 874 2131 unusquisque
893 2053 1034 2109 vestrum
1055 2041 1193 2109 sabbato
1215 2065 1327 2111 nonne

161 2145 259 2214 solvit
283 2144 402 2213 bovem
430 2170 521 2214 suurn
551 2157 606 2215 aut
627 2150 746 2214 asinam
768 2167 788 2210 a
808 2149 973 2234 praesepi,
994 2158 1027 2213 01
1046 2145 1137 2212 ducit
1156 2151 1328 2235 aquatum?

162 2252 212 2318 16.
237 2250 333 2316 Hanc
362 2260 468 2317 autem
494 2251 596 2318 filiam
617 2249 785 2329 Abrabae,
813 2271 908 2336 quam
929 2248 1070 2336 alligavit
1092 2249 1227 2316 Satanas
1249 2271 1327 2318 ecce

161 2354 344 2422 octodecim
370 2356 476 2432 annis,
501 2375 570 2421 non
598 2358 743 2442 oportuit
767 2351 852 2419 solvi
879 2375 899 2418 a
925 2352 1058 2421 vinculo
1080 2354 1151 2425 istu
1173 2352 1229 2420 die
1254 2352 1328 2420 sab-

113 2545 118 2552 .
160 2457 250 2524 batii
290 2459 340 2524 17.
366 2457 408 2524 Et
429 2480 526 2546 quum
547 2457 629 2524 hacc
649 2443 786 2537 diceret,
813 2452 1050 2522 erubescebant
1073 2475 1189 2524 omncs
1210 2455 1326 2524 adver·

160 2563 239 2628 sarii
265 2565 349 2640 eius,
378 2572 411 2626 et
438 2565 542 2629 omnis
570 2560 711 2652 populus
733 2556 894 2647 gaudebat
914 2581 1015 2648 super
1035 2556 1186 2625 omnibus
1206 2560 1326 2646 magni-

160 2665 241 2748 ficis,
261 2685 345 2754 quae
364 2663 492 2731 fiebant
504 2662 552 2738 ‚ab
573 2666 656 2750 ipso.
723 2654 726 2672 ¹

236 2831 303 2890 Huc
328 2849 389 2889 ono
414 2839 553 2889 contextu
577 2826 690 2888 relerre
714 2827 817 2906 statui,
842 2848 917 2910 qnae
941 2828 1064 2911 sparsim
1087 2826 1229 2910 leguntur
1246 2827 1325 2908 apud
1399 2841 1400 2844 ’

161 2907 257 2968 solum
275 2905 386 2967 Lucam
406 2905 470 2965 sinc
490 2924 624 2985 expressa
642 2904 785 2983 temporis
803 2905 973 2982 mentione,
997 2903 1084 2967 sicuti
1107 2903 1162 2965 bac
1188 2904 1219 2964 in
1240 2916 1325 2984 parte

128 3017 130 3022 ·
160 2986 243 3045 Evan
268 2981 363 3042 elistas
378 3002 484 3074 parum
503 2980 591 3041 luisse
610 2979 743 3041 curiosos
763 2981 833 3042 alibi
851 2981 981 3043 diximus.
1018 2982 1128 3041 Postea
1139 2980 1177 3040 ad
1191 3001 1326 3041 commu-

160 3080 230 3120 nem
246 3002 434 3119 barmomam
461 3056 662 3138 opportunior
691 3057 748 3118 erit
769 3056 888 3119 reditus.
927 3060 986 3120 llic
1003 3057 1132 3119 refertur
1150 3057 1326 3118 miraculum

159 3137 192 3197 in
211 3135 334 3196 muliere
353 3145 464 3208 000010,
484 3131 663 3194 0101100010
682 3132 810 3216 maligne
829 3148 1001 3217 conceptae
1015 3133 1143 3207 Iudaeis,
1162 3134 1325 3214 qnodsab-

160 3212 231 3272 bato
252 3231 316 3271 eam
335 3209 482 3271 Dominus
502 3221 639 3273 sanasset.
676 3209 759 3270 Dicit
770 3211 874 3287 Lucas,
892 3213 1045 3272 mulierem
1056 3210 1204 3271 detentam
1217 3211 1325 3290 spiritu

154 3285 352 3362 infirmitatis,
381 3298 416 3345 ut
447 3307 481 3346 ex
510 3306 669 3356 nervorum
698 3287 903 3348 contractione
921 3289 1080 3348 incurvum
1105 3297 1182 3347 esset
1205 3307 1260 3346 000
1281 3309 1324 3346 00.

162 3365 241 3440 Quia
261 3363 389 3454 speciem
408 3363 507 3424 morbi
526 3362 611 3425 aliter
628 3381 692 3422 000
711 3364 860 3448 designat,
879 3364 1036 3425 verisimile
1057 3373 1116 3436 est,
1138 3383 1201 3422 non
1219 3307 1326 3445 suiga-

160 3462 224 3504 rem
243 3441 342 3515 lmsse,
360 3439 406 3498 vel
428 3440 508 3500 cuius
527 3440 604 3500 ratio
624 3439 743 3500 medicis
764 3451 926 3502 constaret:
952 3441 1021 3504 ideo
1040 3449 1128 3503 vocat
1145 3441 1326 3518 infimitatis

159 3522 302 3597 spiritum.
338 3517 452 3578 Scimus
471 3516 562 3591 enim,
581 3515 693 3584 diaboli
712 3537 803 3598 opera
822 3529 856 3577 ut
874 3516 1031 3597 plurimum
1041 3512 1166 3576 insolitis
1180 3517 1273 3591 malis,
1292 3528 1325 3578 et

160 3617 224 3657 000
242 3592 422 3655 naturalibus
442 3593 536 3676 affligi
556 3593 697 3654 homines.
738 3594 808 3670 Quo
836 3593 940 3654 elarius
967 3593 1074 3654 enituit
1092 3591 1191 3672 divina
1211 3591 1326 3653 Christi

144 3675 261 3755 1010100,
281 3689 356 3750 quae
376 3671 413 3731 de
432 3671 541 3730 Satana
557 3669 736 3749 triumphum
754 3670 828 3753 egit:
847 3689 911 3730 non
923 3671 1105 3751 quodSata‘n
1121 3673 1182 3805 pro
1199 3691 1255 3728 suo
1274 3690 1325 3729 ar-

160 3749 250 3810 bitrio
271 3747 440 3808 dominetur
458 3747 490 3806 in
510 3746 655 3822 homines,
674 3749 732 3808 scd'
747 3757 889 3827 quatenus
909 3747 1038 3809 nocendi
1057 3746 1124 3806 lacu
1136 3745 1234 3806 tasilli
1246 3745 1324 3806 divi-

159 3828 237 3887 nitus
257 3824 440 3885 conceditur.
479 3823 638 3884 Caeterum
657 3823 902 3901 quemadmodum
920 3824 1083 3898 Dominus,
1109 3842 1200 3902 quum
1218 3822 1325 3882 unicus

159 3901 364 3963 sit·bonorum
384 3899 516 3960 omnium
535 3909 648 3973 auctor,
667 3901 816 3959 tamenin
835 3899 985 3961 beneficiis
997 3897 1204 3991 singularibus,
1225 3897 1326 3958 etmi-

159 3999 214 4038 000
233 3975 344 4037 usitatis
364 3975 488 4058 gloriam
507 3996 588 4036 snam
607 3977 765 4057 praecipue
785 3976 920 4052 illustrat,
938 3977 980 4038 sic
998 3975 1126 4037 vicissim
1144 3974 1202 4034 vim
1225 3987 1255 4034 et
1275 3987 1325 4054 ty«

158 4053 313 4114 renuidem
334 4052 460 4113 Satanae
484 4051 515 4110 in
541 4052 777 4113 entraordinariis
801 4052 926 4136 flagellis
950 4053 1072 4112 maxime
1095 4052 1161 4112 vult
1187 4049 1325 4133 agnosci,

159 4127 374 4218 quamviseins
401 4149 489 4188 mann
513 4140 612 4188 utatur
637 4128 724 4190 etiam
749 4130 788 4190 ad
810 4129 890 4192 leves
909 4129 1032 4206 ferrrlas,
1056 4127 1162 4210 quibus
1188 4125 1324 4208 quotidie

157 4225 213 4266 noa
233 4215 303 4265 castr
326 4215 364 4266 at.

233 4287 281 4347 ts.
305 4223 449 4356 gillediso,
466 4279 588 4342 1110010
605 4303 645 4344 ss.
684 4282 721 4342 ln
740 4282 799 4344 boe
817 4281 975 4357 miraculo,
1000 4281 1086 4342 sicuti
1105 4279 1137 4340 in
1157 4276 1236 4355 aliis,
1260 4289 1323 4338 tana

156 4357 310 4442 potentiae
328 4377 397 4420 snae
416 4358 566 4438 specimen
582 4379 669 4440 quam
679 4358 792 4442 gratiae
803 4358 933 4438 exhibuit
944 4359 1093 4422 Christus:
1113 4355 1238 4418 seenim
1250 4354 1321 4416 ideo
