2814 4846
168 232 207 300 u
299 299 302 307 s
372 217 504 285 'SECT.
523 221 609 285 xm
647 235 820 301 centrosas
840 231 883 282 er
903 233 1115 282 samsones.

168 395 231 438 non
251 375 381 458 disputo:
408 377 476 457 quia
496 395 557 436 non
578 375 636 437 alio
655 377 668 436 i
692 385 789 436 ectant
807 373 900 437 rerba
920 371 1047 448 Christi,
1072 389 1159 452 quam
1179 381 1334 434 externam

168 454 238 513 fidei
258 453 471 534 professionem
491 453 610 513 minime
630 473 662 512 su
697 473 774 528 cere,
793 463 827 510 ut
865 473 900 510 ro
921 449 1069 510 suisDeus
1090 462 1246 531 agnoscat,
1267 451 1333 529 qui-

168 545 285 611 cunque
305 529 441 590 videntur
460 548 570 620 nomen
589 529 738 594 vocationi
758 529 818 590 eius
839 473 962 590 dedisse.
1049 599 1051 602 Ι

250 741 355 823 (122.)
396 741 497 811 LUC.
524 744 610 809 xvi.
657 743 685 811 1.
718 741 857 809 Dicebat
885 753 990 810 autem
1020 751 1053 808 et
1082 740 1126 807 ad
1153 738 1334 829 discipulos

166 867 262 926 suos,
288 847 394 911 Homo
424 845 554 931 quidam
583 858 651 913 erat
678 846 782 926 dives,
814 849 869 932 qui
898 843 1040 912 habebat
1066 845 1335 930 dispensatorem,

167 961 201 1014 et
230 950 283 1012 hic
310 947 435 1013 delatus
463 961 511 1015 est
537 949 623 1040 apud
650 948 754 1027 ilium,
788 949 877 1035 quod
909 949 1079 1033 dissiparet
1105 947 1195 1014 bona
1223 951 1332 1034 ipsius

166 1051 198 1116 2.
220 1049 263 1118 Et
283 1053 411 1134 vocavit
432 1073 513 1129 eum,
534 1052 676 1139 dixitque
699 1055 742 1132 ei,
765 1051 857 1137 Quid
879 1051 941 1117 boc
964 1049 1062 1116 audio
1084 1049 1131 1115 de
1148 1054 1201 1116 te?
1227 1050 1333 1116 redde

164 1154 325 1220 rationem
352 1155 601 1243 dispensationis
627 1167 715 1222 tuae:
743 1175 809 1222 non
839 1157 922 1220 euim
949 1155 1072 1240 poteris
1099 1153 1233 1239 posthac
1261 1175 1334 1219 esse

167 1277 374 1324 oeconomus.
416 1260 446 1324 3.
473 1259 527 1324 nii
556 1269 662 1323 autern
689 1259 894 1344 dispensator
915 1261 997 1322 iutra
1019 1277 1068 1334 se,
1095 1255 1183 1342 Quid
1205 1257 1334 1338 faciam,
1398 1243 1399 1252 ¹

166 1359 242 1446 quia
271 1357 420 1427 dominiis
445 1383 536 1442 meus
558 1359 663 1426 aufert
685 1383 703 1425 a
724 1383 776 1426 me
798 1359 1091 1448 dispensationem?
1118 1358 1235 1425 tedere
1262 1381 1333 1442 nou

165 1461 281 1542 valeo,
308 1465 493 1532 mendicare
521 1461 690 1530 erubesco.
731 1465 762 1530 d
790 1463 866 1544 Scio
895 1463 982 1550 quid'
1001 1458 1130 1540 inciam,
1154 1474 1204 1543 ut,
1232 1485 1331 1551 quum

166 1578 291 1632 amotus
319 1567 414 1633 fuero
442 1589 460 1631 a
489 1551 745 1652 dispensatione,
776 1569 936 1653 recipient
962 1588 1013 1632 me
1043 1571 1077 1633 in
1105 1567 1222 1632 domos
1249 1587 1332 1632 suas.

165 1669 197 1736 5.
233 1667 433 1736 Convocatis
465 1672 574 1756 itaque
607 1657 740 1754 singuiis
771 1667 975 1735 debitoribus
1008 1669 1129 1735 domini
1157 1669 1223 1745 sui,
1256 1665 1332 1732 dixit

165 1773 287 1858 primo,
314 1762 479 1858 Quantum
509 1770 611 1838 debes
639 1773 772 1840 domiuo
800 1773 895 1836 meo?
927 1771 1022 1835 uni
1042 1768 1099 1854 ilie
1121 1771 1220 1854 diiii,
1245 1765 1332 1834 Cen-

49 1919 53 1932 ·
165 1883 232 1940 tuni
261 1873 355 1940 batos
382 1873 458 1940 olei.
505 1875 659 1962 Dixitque
693 1873 757 1952 iiii,
791 1875 912 1959 Accipe
945 1876 1126 1938 cautionem
1160 1885 1264 1952 tuam,
1300 1883 1332 1937 et

164 1974 246 2042 sede
267 1979 346 2055 cito,
371 1962 403 2040 et
426 1975 531 2042 scribe
554 1980 792 2065 quinquaginta.
835 1977 864 2042 7.
890 1976 1021 2041 Deinde
1044 1975 1136 2043 alteri
1158 1978 1253 2055 dixit,
1280 1976 1332 2040 Tu

165 2101 245 2149 xero
268 2089 419 2166 quantum
443 2078 566 2146 debes?
600 2080 666 2168 Qui
690 2086 747 2160 ait,
772 2079 913 2148 Centum
935 2100 1030 2145 coros
1051 2083 1155 2148 tritici.
1198 2083 1254 2145 Ait
1275 2078 1332 2158 ilii,

164 2183 288 2268 Accipe
317 2185 500 2249 cautionem
527 2194 628 2262 tuam,
655 2193 687 2250 et
713 2183 819 2251 scribe
842 2185 1014 2268 octogiuta.
1062 2183 1093 2248 8.
1117 2183 1160 2248 Et
1185 2182 1333 2248 laudavit

164 2285 326 2352 Dominus
361 2285 615 2373 dispensatorem
652 2289 812 2375 iniquum,
853 2285 942 2373 quod
979 2283 1158 2372 prudenter
1188 2285 1330 2364 iecisset,

115 2451 118 2458 ,
165 2391 241 2477 quia
275 2387 341 2456 filii
369 2389 464 2454 huius
495 2387 618 2454 saeculi
642 2390 871 2474 prudentiores
898 2399 972 2454 suut
998 2389 1074 2454 titiis
1101 2387 1184 2454 lucis
1212 2390 1247 2454 in
1273 2409 1331 2454 na·

163 2495 255 2559 tione
290 2511 355 2556 sua.
403 2495 432 2558 9.
464 2493 506 2559 Et
540 2512 601 2578 ego
631 2490 726 2557 vobis
759 2492 849 2572 dico,
884 2492 980 2559 facite
1012 2491 1108 2559 vobis
1141 2495 1265 2558 amicos
1293 2511 1332 2556 ex

163 2611 352 2661 mammona
376 2594 510 2674 iniusto,
551 2577 599 2674 ut,
636 2617 733 2684 quum
774 2591 977 2674 defeceritis,
1013 2597 1172 2682 recipiant
1203 2615 1266 2662 vos
1297 2597 1331 2660 in
1398 2677 1399 2680 Ἴ

164 2709 296 2766 aeterna
321 2687 540 2780 tabernacula.
595 2699 645 2764 10.
677 2699 745 2784 Qui
772 2699 881 2766 fidelis
908 2711 956 2766 est
984 2701 1018 2764 in
1047 2701 1194 2778 minimo,
1229 2709 1263 2764 et
1295 2701 1329 2763 in
1398 2767 1399 2782 ἢ

161 2791 277 2874 muito‘
298 2800 407 2867 fidelis
440 2812 502 2865 est:
535 2811 567 2865 et
600 2803 655 2888 qui
689 2805 724 2867 in
757 2806 888 2870 minimo
919 2803 1049 2890 iniquus
1084 2813 1145 2881 est,
1177 2804 1205 2866 is
1234 2812 1268 2868 et
1293 2805 1328 2867 iii

29 2972 31 2983 ,
163 2904 266 2970 multo
294 2905 423 2990 iniquus
454 2913 511 2970 est.
557 2903 607 2968 11.
634 2903 669 2968 Si
697 2925 774 2990 ergo
803 2907 837 2970 in
864 2907 977 2993 iniquo
1005 2927 1183 2990 mammona
1210 2903 1330 2970 fideles
1392 2964 1396 2976 ,

55 4069 61 4085 ,
152 4028 193 4077 ιι
211 4018 263 4079 ton

162 3027 233 3076 uon
259 3007 377 3082 fuistis,
409 3005 498 3092 quod
523 3027 635 3072 verum
663 3019 725 3086 est,
755 3009 826 3092 quis
852 3008 964 3074 credet
989 3007 1104 3076 vobis?
1153 3008 1204 3075 12.
1233 3008 1276 3074 Et
1302 3011 1330 3073 si

162 3111 198 3174 in
225 3106 333 3176 alieno
361 3105 478 3172 fideles
503 3129 572 3176 non
598 3109 716 3189 fuistis,
748 3109 838 3196 quod
866 3124 1007 3177 vestrum
1035 3123 1097 3190 est,
1129 3114 1201 3198 quis
1238 3109 1329 3176 dabit

162 3207 276 3280 robis?
327 3207 459 3290 (Panlo
479 3215 587 3300 post.)
629 3211 679 3278 11.
703 3209 891 3280 Audiebant
917 3226 1022 3280 autem
1050 3215 1268 3280 haecomnia
1296 3223 1330 3280 et

88 3345 94 3360 ι
162 3313 343 3392 Pharisaei,
369 3317 425 3402 qui
452 3328 545 3381 erant
574 3319 679 3393 arari,
708 3327 741 3382 et
769 3315 962 3386 deridebant
987 3317 1087 3385 illum,
1134 3319 1185 3384 15.
1214 3314 1256 3386 Et
1283 3321 1328 3384 ait

162 3417 243 3496 illis,
275 3419 346 3484 Vos
375 3421 466 3496 estis,
498 3421 553 3504 qui
580 3419 759 3485 iustificatis
786 3409 845 3487 vos
873 3425 962 3509 ipsos
990 3445 1098 3489 corani
1127 3419 1329 3488 homiuibus:
1398 3449 1399 3456 ¹

162 3519 255 3590 Deus
278 3531 383 3589 autem
404 3525 496 3590 novit
517 3521 758 3603 cordavestra,
785 3527 877 3610 quia,
903 3525 992 3618 quod
1013 3524 1199 3594 hominibus
1222 3523 1326 3592 excel-

119 3695 130 3710 ,
161 3645 231 3692 suus
254 3635 311 3705 est,
331 3623 529 3693 abominatio
551 3639 600 3692 est
621 3649 729 3694 corani
748 3626 834 3696 Deo.
863 3655 874 3662 ·

236 3789 358 3852 Siunma
377 3791 461 3852 huius
481 3791 640 3872 parabolae
661 3803 720 3869 est,
744 3793 910 3856 humaniter
927 3795 965 3856 iet
987 3793 1058 3854 beni
1080 3813 1118 3856 ne
1138 3816 1203 3855 cnm
1245 3796 1327 3856 roxi-

160 3886 215 4002 pipi
234 3867 342 4000 npstris
363 3889 424 3935 esse
444 3869 606 3950 agendum,
626 3881 676 3943 ut,
696 3891 785 3950 quum
805 3871 841 3930 ad
860 3870 919 3931 Dei
938 3813 1205 3933 tribuniiventum
1224 3815 1327 3946 inerit,

110 4009 113 4018 -
174 3945 1233 4112 ιὟἣεῖιςιιιιιῑῑιιιιι3.ιι.1111..1;;ῑιι·;ι’.·..ῑιῑι
1247 3951 1327 4086 ne

161 4093 249 4183 inisse
265 4039 382 4188 ἶφι
406 4098 589 4190 consitium..
608 4101 649 4159 Et
668 4099 962 4180 hincperspicimus,
986 4101 1088 4181 inepte
1113 4122 1163 4162 eos
1190 4102 1327 4182 philoso-

161 4167 381 4260 pbar1,quiin
423 4174 549 4266 arahobs
567 4175 704 4267 singulas·
715 4189 821 4268 partes·
831 4177 1001 4267 scrupulose
1022 4178 1180 4238 excutiunt.
1219 4178 1266 4238 Ne
1310 4198 1327 4238 e

161 4263 241 4314 enim
260 4246 308 4336 hic
321 4193 454 4338 fraudes,
473 4271 600 4387 rapinas,
618 4254 773 4343 prodigam
793 4253 1023 4333 dissipationem,
1043 4266 1074 4314 et
1093 4253 1253 4318 aiismaiae
1267 4201 1326 4316 dii-
1398 4299 1399 4324 .

158 4331 344 4401 pensatione
362 4337 483 4406 peccata
515 4330 709 4411 argitionibns
728 4331 874 4392 redimere
895 4327 1029 4395 Christus
1048 4329 1146 4394 iubet:
1164 4332 1220 4394 sed
1235 4353 1325 4415 quum
