2778 4838
178 255 236 318 132
403 301 406 308 .
461 243 580 311 SEGT.
599 247 666 308 XV·
703 261 796 310 nasos
816 261 859 306 nr
876 249 1057 306 nrscrnnnr.

178 402 241 470 tibi
271 401 398 490 ingredi
424 407 459 471 in
479 407 576 470 vitam
598 401 763 482 claudum,
790 404 897 492 potius
926 423 1020 489 quam
1051 401 1135 467 duos
1161 399 1269 486 perles
1291 401 1340 465 ba·

178 505 311 574 bentem
332 509 414 574 mitti
435 509 469 574 in
491 507 677 594 gehennam,
698 511 732 580 in
757 507 861 592 ignem
883 503 1186 595 inexstinguibilem,
1209 507 1261 568 46.
1278 503 1340 570 Ubi

178 615 297 678 vermis
320 632 431 676 eorum
452 632 519 677 non
540 612 688 687 moritur,
723 620 755 674 et
772 613 856 696 ignis
878 629 945 674 non
968 612 1186 694 exstinguitur.
1230 611 1282 672 47.
1302 610 1340 674 Et

177 715 206 778 si
235 710 348 778 oculus
373 723 450 798 tuus
473 712 642 778 obstaculo
668 710 728 776 tibi
755 725 817 790 est,
841 709 922 776 cruc
952 731 1038 775 eum:
1068 707 1191 776 bonum
1217 711 1340 776 esttibi

178 812 302 879 luscum
323 817 443 880 intrare
464 817 497 879 in
519 836 651 902 regnum
673 816 753 894 Dei,
779 818 886 904 potius
914 837 1007 900 quam
1036 813 1119 881 duos
1148 813 1266 880 oculos
1291 815 1341 878 ba·

177 911 310 982 bentem
329 919 410 985 mitti
430 900 464 982 iii
486 917 664 1003 gebennam
683 921 781 1004 ignis,
818 919 869 984 48.
897 916 966 982 Ubi
992 921 1111 983 vermis
1139 939 1257 983 eorum
1277 940 1338 985 non

179 1022 324 1098 moritur,
345 1030 377 1084 et
397 1021 479 1105 ignis
500 1041 568 1087 non
591 1024 805 1108 exstinguitur.

264 1185 367 1254 LUC·
388 1185 488 1254 XVll.
531 1187 559 1255 1.
589 1191 643 1254 Ait
668 1200 774 1254 antem
797 1187 838 1252 all
861 1157 1052 1274 disciptilos,
1079 1187 1168 1252 Fieri
1192 1209 1260 1252 non
1283 1211 1342 1274 po-

95 1316 100 1328 ’
178 1298 256 1368 test,
283 1292 362 1376 quin
387 1293 520 1356 veniant
547 1288 763 1389 offendicula:
791 1311 851 1356 vae
873 1301 980 1356 tamen
1002 1289 1064 1368 illi,
1090 1312 1264 1377 perquem
1287 1312 1342 1356 re-

177 1394 282 1458 niunt.
323 1392 517 1478 2Erpedit
544 1393 606 1472 illi,
634 1398 659 1460 si
687 1393 772 1459 mola
799 1389 1103 1480 asinaria'ponatur
1131 1397 1252 1458 circum
1274 1397 1342 1458 eius

179 1495 314 1575 collum,
342 1505 373 1561 ot
400 1499 564 1583 proiectus
586 1497 683 1564 luerit
706 1499 740 1563 in
762 1517 863 1577 mare,
881 1501 1002 1582 'potius
1022 1518 1117 1584 quom
1139 1507 1176 1562 ut
1197 1495 1340 1562 ollandat

179 1622 280 1669 unum
302 1622 341 1665 ex
360 1598 487 1686 pusillis
508 1603 587 1666 istis.

256 1831 362 1890 Mattb.
381 1837 409 1896 6.
456 1831 515 1916 Qui
530 1797 632 1892 ’mern
655 1829 820 1912 offlrderit
842 1854 931 1892 orrum
955 1829 1084 1891 deictis.
1134 1831 1267 1890 Videtur
1288 1831 1340 1889 boc

180 1903 311 1968 additum
331 1928 394 1968 esse
415 1909 451 1969 ad
471 1909 588 1989 piorum
610 1908 855 1983 consolationem,
875 1931 913 1970 ne
933 1909 988 1968 illis
1009 1909 1131 1968 molesta
1152 1908 1191 1966 sit
1206 1929 1260 1966 sua
1274 1928 1338 1968 coo·

180 1982 271 2056 ditio,
290 1983 315 2041 si
335 2004 386 2044 eos
405 1987 529 2046 mundus
550 1985 682 2066 despicit.
722 1987 789 2046 Hoc
814 1986 891 2046 enim
918 1986 1074 2066 plurimum
1102 1983 1220 2058 obstat,
1247 2005 1284 2043 ne
1307 1985 1338 2042 ad

179 2058 375 2119 voluntariam
394 2060 566 2122 modestiam
586 2083 617 2122 se
637 2060 818 2136 submittant,
839 2064 907 2142 quia
925 2073 1029 2143 putant
1040 2063 1097 2120 hoc
1108 2063 1200 2122 modo
1218 2081 1251 2120 se
1263 2060 1338 2120 reddi

181 2146 299 2196 contem
323 2135 428 2197 tibiles.
466 2137 582 2198 Durum
601 2150 701 2198 tamen
722 2150 775 2212 est,
796 2159 860 2198 asu
885 2140 961 2198 erbis
975 2137 1143 2198 bominibus
1155 2158 1220 2196 non
1235 2149 1338 2196 tantum

179 2209 284 2272 baberi
302 2155 432 2289 iastidio‚
451 2215 503 2276 sed
545 2207 618 2296 rope
639 2215 817 2275 conculcari.
856 2161 883 2278 ii

179 2287 286 2348 solatio
306 2289 425 2364 animat,
446 2235 542 2382 qnodp
546 2291 569 2350 si
590 2312 693 2352 eorum
710 2291 845 2370 parvitati
860 2291 979 2351 insultat
991 2291 1127 2364 mundus,
1145 2291 1232 2350 licus
1252 2303 1338 2348 tamen

180 2383 232 2423 eos
242 2364 363 2425 minime
376 2367 512 2450 negligit
551 2368 678 2428 Videtur
697 2379 795 2426 tamen
816 2368 902 2428 etiam
924 2367 982 2426 alio
1002 2379 1164 2448 spectasse:
1186 2379 1256 2426 orta
1270 2367 1337 2424 enim

178 2439 276 2501 luerat
296 2441 332 2501 de
353 2443 475 2504 honoris
494 2444 620 2524 primatu
641 2445 806 2518 contentio,
825 2445 903 2503 unde
916 2444 1002 2504 facile
1016 2443 1117 2526 colligi
1151 2443 1244 2516 otuit,
1263 2446 1337 2523 Apo·

179 2517 272 2578 stolos
293 2539 381 2598 prava
403 2521 551 2581 eminendi
571 2533 717 2601 potestate
739 2540 801 2580 esse
821 2519 957 2582 inlectos.
995 2520 1091 2582 Porro
1139 2519 1184 2580 eri
1204 2539 1269 2579 non
1290 2540 1338 2600 po-

179 2604 248 2668 test,
268 2595 396 2672 quinsit
415 2598 446 2656 in
467 2596 576 2656 fratres.
593 2597 822 2672 contumeliosus
842 2597 971 2677 quisquis
991 2597 1039 2657 rel
1058 2596 1115 2656 sibi
1135 2596 1262 2656 nimium
1283 2597 1338 2676 pla-

139 2671 141 2684 '
180 2681 238 2744 cet,
257 2670 305 2730 vel
327 2672 463 2732 omnibus
482 2673 626 2753 praeferri
646 2675 767 2754 appetit.
808 2673 894 2732 Hunc
913 2673 1048 2733 morbum
1060 2685 1093 2732 ut
1103 2685 1188 2733 sanet
1199 2671 1339 2741 Christus,

178 2743 352 2807 horribilem
372 2769 499 2828 poenam
520 2750 682 2824 denuntiat,
701 2751 725 2810 si
746 2749 810 2829 quis
829 2771 883 2810 suo
904 2749 980 2810 fastu
995 2750 1191 2831 pauperculos
1211 2751 1339 2810 homines

179 2822 286 2882 etiam
305 2836 414 2902 sponte
433 2825 590 2886 submissos
611 2826 735 2886 deiiciat.
765 2823 908 2886 Scondali
926 2838 1024 2887 autem
1043 2827 1166 2888 nomine
1184 2825 1338 2906 pluscom-

179 2896 279 2977 plexus
300 2909 353 2974 est,
373 2921 459 2978 quam
479 2901 504 2961 si
523 2913 724 2980 acontemptu
735 2901 946 2982 prohibuisset:
968 2924 1134 2994 quanquam
1148 2923 1212 2962 non
1228 2901 1337 2963 aliunde

179 2973 337 3053 contingit,
356 2987 390 3032 ut
410 2977 472 3056 quis
491 2998 594 3038 secure
614 2977 746 3038 infirmos
767 2977 912 3053 offendat,
932 2979 1064 3059 nisiquia
1077 2999 1139 3038 non
1152 2980 1339 3058 prosequitur

108 3063 114 3072 ·
179 3049 577 3128 eosquodecebatbonore.
610 3055 673 3114 Iam
714 3075 782 3114 uum
800 3053 896 3114 iariae
917 3054 976 3116 sint
996 3056 1198 3116 offensionum
1222 3055 1338 3136 species,

179 3143 272 3206 genus
292 3138 391 3186 tamen
410 3127 505 3208 ipsum
547 3127 679 3204 uale''sit,
693 3075 829 3191 breviter
849 3134 1010 3192 tenendum
1032 3144 1083 3192 est
1120 3131 1152 3190 si
1167 3133 1236 3210 quis
1248 3145 1338 3191 nostra

179 3200 264 3289 cplpa
284 3201 330 3260 vel
350 3202 487 3286 impingit
506 3151 552 3266 vii
572 3207 727 3267 abducitur
744 3228 759 3266 a
776 3219 859 3267 recto
872 3230 967 3284 cursu,
984 3209 1033 3268 vel
1054 3208 1198 3280 tardatur,
1221 3207 1337 3269 cumdi-

888 2215 1023 2294 iscipulos
1045 2235 1119 2296 ergo
1131 2213 1271 2274 Christus
1290 2212 1349 2272 boc‘

178 3278 449 3340 crmurollendere.
487 3283 569 3362 Ergo
591 3284 720 3363 quisquis
740 3304 866 3364 poenam
889 3286 973 3359 banc,
993 3295 1195 3364 quamsevere
1210 3283 1338 3345 Christus

178 3353 351 3445 denuntiat,
363 3355 496 3439 effugere
508 3361 598 3450 cupit,
618 3359 744 3441 parvulis
764 3360 814 3439 qui
835 3379 934 3420 eoram
953 3363 1065 3422 mundo
1083 3359 1190 3421 abiecti
1202 3373 1338 3421 suntma·

178 3449 249 3488 num
269 3445 413 3514 porrigat,
433 3445 463 3493 et
482 3449 607 3496 comiter
627 3438 662 3496 ad
683 3438 759 3506 bene
780 3437 940 3496 curandum
960 3439 1091 3498 adiuvet:
1112 3437 1180 3517 quia
1193 3436 1338 3500 eosnnbis

178 3507 366 3568 commendat
378 3508 521 3583 Cbristus3
540 3525 572 3572 nt
592 3512 678 3572 nobis
697 3513 880 3572 voluntariae
901 3514 1070 3575 humilitatis
1080 3513 1139 3574 sint
1151 3513 1282 3587 malacia,
1300 3512 1338 3570 si-

178 3583 238 3642 cuti
259 3583 333 3644 banc
354 3585 485 3677 regulam
506 3587 612 3660 Paulus
632 3587 806 3668 praescribit
825 3589 905 3648 Filiis
921 3591 989 3665 Dei,
1009 3603 1042 3650 ut
1060 3613 1091 3651 se
1113 3591 1270 3650 humilibus
1289 3609 1337 3647 ac-

176 3661 380 3749 commodent:
400 3675 485 3754 rtem,
501 3684 539 3754 pe
559 3665 615 3755 sibi
636 3665 758 3745 quisque
777 3663 893 3755 placeat
912 3668 1078 3745 (Rorml‘l,
1097 3673 1145 3731 16.
1168 3665 1339 3758 εῑ.15,1.)-

175 3735 1339 3901 iitii¹3b⁸¹¹tii¹⁰ttilttittittti'ttttiittiftit'tttttitt

85 3926 87 3943 .
177 3911 264 3970 qnam
285 3912 367 3952 caros
388 3913 421 3951 ac
441 3892 588 3982 pretiosos
606 3893 688 3954 Deus
708 3893 831 3970 babeat,
859 3895 908 3976 qni
936 3917 1035 3958 coram
1059 3896 1173 3956 mundo
1193 3895 1339 3979 ignobiles

176 3978 245 4026 sunt
264 3986 298 4027 ac
318 3980 491 4048 contempti.

251 4049 279 4108 7.
322 4044 392 4104 Vae
414 4043 521 4106 mundo
544 4042 582 4106 ob
606 4045 810 4128 offendiculis.
855 4045 995 4120 Bilariam
1027 4069 1061 4109 cx
1083 4049 1135 4110 oni
1165 4061 1268 4129 potest
1296 4048 1338 4108 bic

175 4113 259 4177 locus
268 4120 287 4178 :'
296 4121 400 4195 active,
420 4131 453 4180 ut
471 4121 674 4182 scandalorum
687 4123 857 4186 auctoribus
869 4123 1002 4186 Christus
1013 4069 1181 4201 maiedicat
1201 4138 1291 4207 atque
1302 4126 1336 4184 ita

173 4191 228 4252 sub
256 4197 356 4284 mpndi
381 4196 502 4258 nomine
529 4197 715 4280 intelligendi
735 4213 822 4260 erunt
842 4221 944 4262 omnes
963 4199 1121 4262 increduli:
1150 4202 1199 4263 vel
1218 4203 1337 4284 passive,

176 4267 356 4332 ntClarrstus
375 4273 448 4332 m'ala
470 4273 616 4356 deploret,
636 4297 712 4355 quae
731 4298 786 4356 pro
810 4289 858 4338 ter
875 4277 1008 4338 scandale
1030 4279 1142 4339 mundo
1161 4279 1275 4340 instare
1294 4279 1336 4338 in-

175 4344 374 4426 cumbensque
393 4352 501 4427 cernit,
521 4351 578 4414 acsi
599 4352 729 4432 diceret,
749 4375 769 4414 n
879 4353 947 4416 sore
965 4355 1057 4438 magis
1076 4355 1196 4420 noxiam
1216 4367 1336 4437 pestem,
