2790 4838
187 265 248 330 138
625 253 779 318 seculo
800 255 886 318 vm.

188 415 242 478 nbi
267 417 378 478 eminet
399 431 474 472 nnus
499 411 641 492 quispiam
659 429 731 490 prae
750 409 812 470 aliis
833 407 991 484 iratribus,
1022 431 1108 492 quam
1128 411 1264 492 proclive
1285 415 1327 474 sit
1387 419 1388 426 ’

189 515 243 554 eos
268 513 378 554 omnes·
395 489 555 568 despicere.
596 487 665 548 Non
689 488 786 566 potuit
811 501 885 570 ergo
911 487 1014 548 melius
1045 491 1246 550 commendari
1268 491 1326 551 be·
1387 555 1388 576 ,

189 571 221 630 η’
244 591 281 630 na
305 566 497 649 spiritualium
523 567 668 626 donorum
693 565 935 639 communicatio,
974 585 1060 646 quam
1085 566 1153 626 dum
1180 569 1328 630 admonet

192 591 336 714 Cllristus,
353 641 501 708 neminem
521 663 571 701 sua
590 639 730 701 industria
753 641 905 715 excellere,
925 643 977 702 sed
996 642 1328 728 liberalitateDeigra-

190 725 272 785 tuita.
321 720 383 778 Iam
407 739 480 778 vero
505 717 536 778 in
561 717 618 776 suis
644 717 783 778 ministris
809 719 938 778 exhibuit
963 718 1096 778 Christus
1123 721 1185 784 eius
1211 723 1329 804 gratiae

188 797 355 878 specimen,
409 816 462 854 uae
489 792 525 853 ab
547 793 640 854 lesaia
661 794 810 874 praedicta
831 807 908 870 erat,
940 797 1052 856 Omnes
1071 797 1205 858 sitientes
1223 800 1329 859 venite

188 876 225 934 ad
245 893 260 930 a
283 893 347 931 uas:
368 815 472 944 bibite,
491 883 522 930 et
540 871 643 931 sumite
663 871 772 951 absque
793 873 890 952 pretio
911 873 1009 932 vinum
1031 873 1328 954 etlac(les.55,1.).

189 895 282 1008 Simul
302 960 401 1006 tamen
421 947 560 1020 ostendit,
579 949 728 1036 nerninem
748 947 893 1014 sincerum
912 949 979 1010 lore
993 951 1086 1011 Verbi
1104 952 1146 1011 sui
1157 951 1329 1013 ministrum

189 1037 219 1084 et
245 1023 358 1104 gratiae
378 1023 624 1102 dispensatorem,
655 1025 710 1084 nisi
730 1026 780 1105 qni
802 1047 922 1106 operam
941 1049 1022 1086 suam
1042 1028 1130 1107 gratis
1150 1031 1330 1108 impendere

209 1111 304 1160 aratus
324 1099 372 1175 sit,
392 1121 493 1160 omnes
514 1113 610 1160 autem
630 1103 829 1163 mercenarios
848 1103 970 1186 indigne
991 1125 1182 1184 corrumpere
1203 1117 1233 1166 et
1252 1128 1330 1186 pro-

186 1121 289 1236 lanare
313 1197 427 1237 sacrum
454 1177 580 1236 docendi
605 1201 719 1240 munus.
765 1179 922 1241 Caeterum
948 1180 1091 1271 gratuitae
1112 1183 1330 1274 dispensationi

184 1273 250 1314 non
269 1265 432 1336 repugnat,
452 1253 532 1344 quod
551 1255 702 1316 Ecclesiae
722 1255 860 1316 doctores
902 1256 1004 1318 ublrcis
1022 1257 1177 1348 stipendirs
1198 1259 1330 1335 aluntur,

174 1329 278 1392 <modo
298 1329 378 1402 ultro
400 1341 430 1390 et
448 1328 611 1392 liberaliter
631 1332 751 1394 Cbris'to
772 1346 802 1395 ct
819 1279 971 1396 Ecclesiae
989 1347 1134 1413 seruant,
1159 1337 1251 1399 victus
1272 1359 1329 1401 au-

186 1421 247 1470 tem
266 1407 306 1468 sit
325 1407 406 1490 quasi
426 1407 535 1468 laboris
555 1413 695 1472 accessio.

105 1814 110 1834 ⁸
229 1743 312 1823 (et.)
353 1695 523 1808 ΜᾸΤΤΗ.
545 1742 582 1806 Χ.
626 1743 654 1807 9.
681 1741 733 1807 Ne
761 1731 1108 1829 comparetis'aumm,
1139 1765 1248 1832 neque
1279 1768 1330 1812 ar-

171 1855 332 1952 sgentum,
364 1843 474 1929 neque
503 1865 558 1907 aes
586 1843 620 1908 in
647 1846 807 1908 crumenis
833 1849 963 1924 vestris,
1005 1847 1054 1910 to.
1076 1845 1194 1933 Neque
1216 1868 1329 1933 peram

136 2019 141 2036 ,
187 1945 230 2009 ed
251 1948 322 2022 iter,
349 1943 557 2030 nequelrinas
584 1947 722 2022 tunicas,
750 1965 858 2031 neque
881 1941 1113 2024 calceamenta,
1132 1970 1242 2034 neque
1263 1951 1329 2012 vir-

185 2065 271 2130 gam:
297 2065 370 2109 nam
392 2043 513 2130 dignus·
529 2056 577 2109 cst
599 2048 766 2130 operarius
789 2045 863 2111 cibo
884 2068 953 2112 suo.
996 2050 1045 2114 11.
1072 2047 1138 2114 Sed
1159 2051 1193 2112 in
1216 2069 1330 2136 quarn·

115 2167 120 2178 ⁸
186 2166 315 2232 cunque
337 2148 497 2210 civitatem
520 2149 700 2220 autricum
722 2135 847 2212 fueritis
869 2150 1017 2234 ingressi,
1051 2152 1223 2237 exquirite,
1255 2154 1330 2236 quis

184 2249 220 2312 in
243 2268 281 2311 ca
302 2251 343 2314 sit
364 2247 487 2330 diguus,
510 2256 606 2334 atque
627 2246 842 2328 illicmanete,
864 2247 970 2315 donec
982 2254 1111 2318 exeatis.
1142 2253 1193 2316 12.
1215 2251 1329 2337 Quum

185 2359 291 2412 autem
317 2345 477 2412 intrabitis
506 2345 650 2428 domum,
683 2348 820 2414 salutate
846 2348 945 2415 illam.
987 2353 1037 2417 13.
1070 2353 1112 2418 Et
1139 2351 1330 2438 si·quidem

184 2447 284 2513 fuerit
306 2447 419 2515 domus
442 2448 547 2534 digna,
568 2453 678 2516 veniat
699 2473 760 2537 pax
781 2461 887 2516 vestra
909 2473 1008 2538 super
1028 2451 1130 2518 illam:
1148 2457 1198 2530 sin
1221 2455 1329 2518 minus

74 2619 79 2636 Ι
184 2549 284 2616 luerit
305 2550 415 2648 digna,
430 2571 494 2636 peu
511 2564 617 2618 restra
640 2551 682 2618 ad
703 2541 762 2617 vo‘s
783 2563 971 2617 revertatur.
1004 2555 1056 2619 14.
1077 2543 1119 2620 lit
1139 2557 1330 2640 quicunque

183 2655 438 2737 nonexccperit
458 2675 533 2729 vos,
546 2653 655 2739 ne'que
676 2653 815 2730 audierit
835 2673 1001 2720 sermones
1019 2667 1151 2734 vestros,
1172 2667 1330 2720 exeuntes

185 2775 225 2818 ex
251 2751 468 2818 aedibus'aut
489 2757 616 2831 civitate
638 2753 694 2818 illa
717 2757 853 2852 excutite
874 2753 1041 2837 pulverem
1064 2756 1183 2843 pedum
1204 2767 1330 2822 vestro·

184 2875 265 2920 rum.
308 2854 358 2917 15.
380 2854 484 2919 Amen
507 2854 583 2919 dico
605 2853 710 2932 vobis,
732 2853 938 2922 tolerabilius
959 2859 1019 2922 erit
1041 2845 1145 2924 terrae
1165 2857 1330 2925 Sodomo-

184 2975 256 3018 rum
278 2964 310 3018 et
330 2952 627 3019 Gomorrhaeorum
647 2957 682 3020 in
704 2955 758 3020 die
779 2956 900 3040 iudicii,
921 2972 1017 3047 quam
1038 2962 1157 3026 civitati
1178 2958 1236 3024 illi.

210 3077 229 3124 -’
269 3069 409 3141 MARC.
431 3071 496 3136 vt
530 3072 559 3136 8.
586 3071 629 3136 Et
649 3077 817 3161 praecepit
838 3075 919 3170 illis,
949 3101 991 3144 no
1014 3077 1094 3165 quid
1115 3073 1270 3143 tollerent
1291 3077 1329 3141 in

184 3173 284 3251 viam,
312 3175 375 3237 nisi
395 3175 515 3258 virgam
538 3183 675 3239 tantum:
700 3196 769 3241 non
790 3199 915 3263 peram,
935 3199 1003 3246 non
1025 3201 1158 3268 panem,
1179 3198 1248 3242 non
1271 3197 1329 3242 aes

184 3274 219 3338 in
247 3293 346 3338 zona:
380 3275 409 3338 9.
438 3273 506 3339 Sed
534 3275 756 3354 caloearcn‘tur
781 3279 951 3358 sandaliis,
986 3291 1018 3344 et
1042 3301 1085 3344 ne
1111 3277 1329 3346 induerentur

184 3372 272 3440 binis
297 3377 422 3441 tunicis.
471 3375 519 3442 10.
547 3376 589 3442 Et
617 3373 746 3442 dicebat
767 3381 830 3457 eie,
863 3380 1059 3467 Ubicunque
1080 3381 1270 3445 introieritis
1290 3383 1329 3445 iu

185 3476 331 3555 domum,
351 3476 399 3542 ibi
419 3487 562 3556 manete,
586 3477 694 3544 donee
716 3483 835 3546 creatis
856 3480 955 3555 illinc.
998 3483 1048 3546 11.
1075 3482 1117 3546 Et
1138 3485 1328 3568 quicunque

183 3599 252 3645 non
274 3581 459 3664 receperint
477 3599 551 3660 vos,
579 3601 688 3666 neque
710 3579 871 3648 audierint
893 3579 967 3660 ybs,
990 3595 1141 3648 exeuntes
1163 3582 1255 3648 illinc
1276 3604 1330 3647 ex·

184 3682 284 3745 cutite
310 3677 493 3767 pulverem,
526 3683 582 3768 qui
604 3692 652 3766 est
672 3681 733 3748 sub
756 3681 896 3771 pedibus
916 3689 1032 3748 vestris
1053 3685 1088 3748 in
1109 3687 1329 3751 testimouium

184 3777 259 3846 illis.
310 3783 413 3845 Amen
436 3781 518 3850 dico
539 3780 654 3860 vobis,
689 3772 891 3849 tolerabilius
913 3787 974 3850 erit
995 3785 1159 3854 Sodomae
1181 3796 1236 3852 aut
1259 3785 1331 3852 Go-

186 3879 339 3948 morrbae
361 3885 394 3948 in
418 3881 472 3949 die
492 3883 613 3962 iudicii,
635 3904 730 3971 quam
752 3885 871 3951 civitati
891 3883 949 3951 illi.

269 3997 372 4068 LUC.
393 4001 448 4066 lX.
489 4003 520 4069 3.
546 4002 589 4068 Et
609 4005 654 4067 ait
675 4002 717 4068 ad
738 4003 823 4084 illos,
843 4004 895 4070 Ne
918 4003 997 4091 quid
1019 4004 1155 4072 tuleritis
1177 4009 1212 4074 in
1233 4007 1330 4084 riam,
1387 4071 1388 4078 ,

183 4119 292 4186 neque
313 4103 442 4186 virgam,
462 4125 570 4191 neque
592 4124 711 4189 peram,
731 4123 840 4192 neque
864 4127 988 4192 panem,
1009 4128 1118 4194 neque
1139 4113 1331 4194 pecuniam:
1387 4181 1388 4194 ,

183 4219 291 4286 neque
312 4198 407 4267 binas
429 4206 553 4268 tunicas
574 4203 728 4271 babeatis.
758 4207 801 4271 ¹4.
828 4202 870 4272 Et
890 4209 924 4272 in
946 4228 1172 4296 quamcunque
1195 4210 1331 4276 domum

181 4301 393 4379 intraveritis,
423 4303 491 4369 illie
511 4317 653 4388 manete,
676 4319 772 4395 atque
793 4306 885 4372 illino
906 4313 1034 4376 exeatis.
1075 4311 1106 4376 5.
1128 4312 1167 4376 Et
1191 4315 1331 4398 quicun-

184 4421 249 4486 que
269 4422 336 4468 non
358 4407 541 4492 receperint
561 4428 635 4491 vos,
664 4419 817 4478 exeuntes
839 4409 881 4478 de
902 4412 1034 4478 civitate
1053 4409 1111 4477 illa
1134 4415 1230 4479 etiam
1254 4407 1330 4498 pul-

890 4517 895 4534 *
1083 4517 1102 4554 ἰ
