2790 4838
210 279 269 340 212
546 264 697 326 SECTIO
719 265 788 324 vn.
828 264 1018 323 Mauricum.
1062 256 1095 376 Ἰ

211 429 351 492 vescitur
385 434 577 510 praeceptor
609 424 734 485 vester?
782 421 831 486 12.
865 421 907 484 Ar
934 411 1031 496 lesus,
1067 437 1164 502 quum
1191 412 1363 491 audisset,

211 529 291 602 distr
312 525 383 600 illis,
403 521 480 590 Nou
501 543 584 607 opus
605 517 734 610 habeht,
756 521 810 607 qui
831 518 931 585 validi
952 513 1034 592 suut,
1054 514 1190 594 medico,
1210 513 1274 579 sed
1291 517 1361 600 qui

210 627 293 692 male
314 623 442 707 habent
484 625 535 688 13.
560 621 649 707 Quin
674 623 780 706 potius
801 623 859 696 ite,
879 630 917 682 et
932 619 1045 683 discite
1064 615 1145 706 'quid
1167 619 1221 691 sit,
1243 615 1362 678 Mise-

210 725 379 792 ricordiam
407 723 498 801 volo,
533 734 565 788 et
592 742 658 786 nou
687 721 891 804 sacrificium:
923 739 988 783 uun
1018 719 1102 784 enim
1123 719 1199 780 veui
1220 714 1264 780 ad
1288 735 1359 779 vo-

87 853 89 861 ·
209 827 345 890 carrrhrm
366 826 475 902 iustos,
496 821 554 888 sed
575 832 762 909 peccatores
785 820 825 914 ad
844 822 1084 902 poenitentiam.

291 941 430 1008 Mauo.
451 941 488 1004 ll.
529 915 579 1004 13.ι
604 937 644 1004 Et
667 959 812 1024 egressus
833 947 1011 1003 estrursus
1032 927 1073 1000 ad
1095 953 1197 1007 mare,
1222 935 1356 1010 omnis-

99 1031 108 1058 ⁸
208 1069 272 1132 que
300 1043 392 1108 turba
419 1038 571 1106 veniebat
593 1038 633 1103 ad
656 1061 741 1118 eum,
772 1059 811 1101 ac
832 1034 971 1101 docebat
993 1057 1060 1102 eos
1100 1034 1152 1098 14.
1178 1032 1353 1118 thuum

208 1144 396 1232 proeteriret
422 1141 523 1216 lesus,
556 1138 636 1204 vidit
657 1139 738 1204 Levi
759 1135 897 1222 Alphaei
919 1118 1020 1200 lilium
1042 1134 1207 1202 sedentem
1226 1133 1273 1200 ad
1298 1145 1353 1198 te·

208 1247 345 1322 lonium,
379 1251 410 1307 et
431 1243 473 1305 ait
495 1239 558 1319 illi,
586 1239 732 1326 Sequere
753 1258 819 1300 me:
850 1239 941 1322 isque
962 1259 1095 1321 surgens
1115 1244 1271 1321 sequutus
1294 1245 1352 1298 est

208 1367 289 1410 euru.
332 1344 381 1407 15.
407 1341 448 1406 Et
476 1339 594 1406 iactum
621 1349 685 1414 est,
718 1358 813 1424 quum
841 1336 1046 1404 accumberet
1066 1339 1100 1400 iu
1123 1335 1220 1400 domo
1243 1332 1351 1412 illius,
1387 1339 1388 1350 ¹

75 1445 86 1468 ⁴
208 1443 297 1508 urulti
326 1448 420 1508 etiam
448 1440 612 1528 publicani
635 1435 667 1504 el
688 1449 876 1524 peccatores
895 1438 990 1502 simul
1011 1433 1246 1524 discubuerunt
1268 1457 1347 1521 cum
1387 1463 1388 1470 ¹

206 1543 280 1608 lesu
302 1541 521 1628 et·tliscipulis
543 1544 625 1608 eius:
648 1549 739 1604 crant
760 1540 843 1603 euim
866 1537 965 1616 multi,
984 1527 1040 1624 qul
1061 1536 1189 1623 sequuti
1211 1535 1347 1600 fueraut

207 1656 303 1709 euru*
330 1642 379 1708 16.
406 1631 455 1705 Εἰ
469 1638 600 1706 Scribae
624 1661 662 1703 ac
682 1638 860 1718 Pharisaei,
895 1658 991 1724 quum
1012 1635 1168 1701 vidissent
1190 1655 1263 1700 eum
1288 1657 1346 1700 ca-

207 1747 347 1828 pientem
369 1738 475 1805 cibum
498 1762 568 1805 cum
592 1738 773 1826 publicanis
796 1750 827 1803 et
849 1733 1088 1822 peccatoribus,
1115 1735 1269 1802 dicebant
1292 1736 1345 1801 di-

206 1841 336 1928 scipulis
359 1843 437 1918 cius.
458 1840 548 1926 Quid
570 1853 632 1920 est,
652 1839 741 1928 quod
763 1860 834 1903 cum
856 1837 1037 1924 publicanis
1058 1848 1090 1902 et
1110 1835 1344 1921 peccatoribus

98 1935 102 1944 “
207 1931 273 2006 edit
294 1963 333 2006 ac
353 1940 454 2006 bibit?
497 1942 545 2008 17.
566 1943 641 2008 Hoc
662 1939 772 2005 audito
795 1939 884 2003 lesus
906 1939 949 2002 ait
972 1936 1052 2014 illis,
1077 1937 1260 2024 Nouopus
1282 1937 1343 2002 ha-

204 2041 312 2119 bent‚‘
331 2045 385 2127 qui
412 2039 514 2107 validi
533 2051 621 2118 suut,
651 2037 794 2118 medico,
825 2037 884 2104 sed
906 2041 962 2125 qui
982 2036 1066 2102 male
1087 2035 1215 2104 hahent
1257 2038 1343 2106 Non

203 2146 278 2208 veui
301 2141 340 2206 ad
363 2141 543 2208 vocandum
565 2144 675 2217 iustos,
696 2139 754 2204 sed
777 2148 963 2226 peccatores
985 2137 1027 2204 ad
1047 2142 1289 2226 poeniteutiam

57 2209 59 2220 Ι
160 2310 163 2331 .
231 2239 233 2246 ’
287 2257 389 2326 hue.
410 2259 448 2326 V.
488 2260 539 2324 27.
570 2259 612 2322 Et
637 2269 710 2344 post
737 2257 818 2321 haec
845 2259 933 2336 exiit,
965 2277 1003 2320 ac
1023 2257 1104 2324 vidit
1125 2253 1339 2341 publicanum

203 2364 333 2426 nomine
356 2361 436 2424 Levi
457 2358 623 2424 sedentem
645 2359 685 2424 ad
708 2357 877 2436 telonium,
906 2367 938 2422 et
958 2360 1002 2422 ait
1023 2356 1084 2436 illi,
1110 2357 1256 2442 Sequere
1273 2379 1340 2423 me.

202 2461 253 2524 28.
275 2461 380 2547 Atque
401 2460 428 2523 is
448 2456 571 2525 relictis
591 2457 741 2525 omnihus
761 2471 916 2545 sequutus
938 2467 988 2522 est
1008 2477 1089 2524 cum.
1120 2458 1170 2523 29.
1192 2455 1234 2521 Et
1255 2457 1339 2524 lecit

202 2559 252 2644 illi
273 2561 454 2626 convivium
476 2579 623 2644 magnum
637 2559 717 2624 Levi
738 2561 772 2624 in
794 2559 891 2626 domo
913 2579 978 2634 sua,
1001 2568 1032 2623 et
1048 2555 1221 2658 eraqtmba
1233 2558 1339 2624 multa

202 2658 448 2747 publicanorum
470 2671 502 2724 et
524 2659 667 2738 aliorum,
689 2661 745 2744 qui
766 2681 837 2724 cum
858 2656 923 2722 illis
944 2656 1186 2724 accumbebant
1219 2659 1270 2724 ³⁰.
1292 2659 1339 2728 Et

201 2759 442 2827 murmurabant
468 2757 601 2824 Scribae
630 2770 662 2824 et
690 2758 853 2826 Pharisaei
880 2757 1033 2824 adversus
1056 2753 1232 2845 discipulos
1254 2762 1339 2840 eius,
1387 2797 1388 2806 κ

202 2861 363 2938 dicentes,
402 2858 515 2944 Quare
545 2879 616 2926 cum
645 2857 826 2944 publicanis
855 2871 887 2924 et
913 2857 1139 2945 peccatoribus
1166 2856 1263 2924 editis
1295 2884 1336 2927 ac

201 2959 331 3025 bibitis?
372 2958 424 3023 31.
451 2958 492 3021 Et
512 2957 714 3044 respondens
735 2959 824 3024 lesus
843 2959 921 3024 dixit
942 2959 984 3026 ad
1003 2957 1094 3034 illos,
1127 2958 1205 3024 Non
1228 2973 1338 3046 egent,

200 3063 257 3145 qui
278 3061 347 3123 sani
368 3068 454 3135 sum,
482 3056 622 3136 medico,
647 3055 708 3122 sed
728 3063 783 3144 qui
805 3059 887 3125 male
909 3059 1037 3125 hahent
1078 3057 1128 3124 32
1155 3059 1234 3128 Nou
1254 3067 1336 3130 veni

199 3157 241 3224 ad
263 3155 443 3256 rocaudum
465 3161 575 3236 iustos,
594 3157 653 3224 sed
673 3171 862 3244 peccatores
880 3159 923 3225 ad
945 3160 1184 3246 poeniteutiam.

274 3370 378 3430 Matth.
400 3377 430 3436 9.
478 3367 564 3431 Wdir
590 3369 730 3434 sedem
757 3371 801 3434 od
821 3373 963 3440 tabutata.
1005 3373 1099 3451 Quod
1122 3341 1332 3444 Matthaeusa

69 3444 80 3467 ²
202 3446 316 3508 telonio
347 3445 514 3528 (qui'locus
534 3449 644 3529 rapinis
663 3462 693 3510 et
711 3451 825 3519 iniustis
844 3450 1042 3512 exactionibus
1063 3451 1176 3513 deditus
1196 3473 1259 3514 esse
1278 3475 1331 3515 so-

198 3523 257 3600 let,
287 3535 357 3584 tuuc
382 3543 454 3584 vero
478 3524 600 3586 maxime
620 3524 735 3604 infamis
755 3526 838 3603 erat)
857 3548 918 3586 non
938 3530 1028 3589 uredo
1048 3527 1078 3586 in
1099 3529 1331 3591 contubernium

198 3599 309 3662 Christi
328 3600 389 3660 reci
411 3599 479 3675 itur,
497 3601 550 3661 sed
569 3601 654 3662 etiam
676 3603 712 3663 ad
731 3623 836 3680 munus
854 3604 1057 3684 Apostolicrmr
1076 3617 1213 3680 vocatam,
1237 3607 1268 3665 in
1290 3626 1329 3668 eo

196 3676 338 3736 hahemus
362 3621 611 3759 illirstre‘gratiae
635 3679 695 3739 Dei
720 3679 874 3758 exemplar.
917 3680 1021 3740 Voluit
1049 3680 1161 3741 scilicet
1191 3681 1330 3744 Christus

197 3772 258 3812 non
278 3752 373 3813 solum
392 3752 497 3816 idiotas
518 3764 548 3812 et
566 3775 676 3816 crassos
697 3756 829 3816 homiues
849 3756 880 3814 iu
900 3756 980 3816 illum
1001 3756 1134 3816 ordinem
1150 3756 1274 3842 eligere,
1295 3773 1330 3820 ut

195 3829 367 3910 sapientiam
386 3829 487 3888 muudi
507 3831 656 3905 deiiceret,
674 3833 725 3892 sed
747 3832 823 3892 hunc
836 3853 955 3912 quoque
966 3833 1166 3914 publicanum,
1186 3833 1328 3913 quivitae

195 3925 288 3988 genus
317 3906 412 3965 minus
442 3905 598 3984 probatum
623 3919 653 3967 et
675 3909 762 3968 variis
787 3909 962 3988 corruptelis
986 3909 1025 3967 im
1048 3909 1158 3969 licitum
1182 3923 1325 4001 sequutus
1387 3945 1388 3962 r

196 3993 269 4055 erat,
288 3993 321 4042 ut
339 3981 487 4061 specimen
508 3995 586 4043 esset
604 3983 746 4066 gratuitae
766 4007 834 4044 suae
854 3983 1006 4059 honitatis,
1025 3931 1205 4064 doceretque
1220 3987 1325 4048 meiius

193 4075 335 4134 persona,
364 4065 494 4118 nosuain
520 4059 651 4120 omnium
677 4059 873 4120 vocationem
888 4081 949 4121 nou
977 4081 1010 4122 ex
1035 4061 1163 4120 iustitiae
1205 4063 1324 4144 ropriae

193 4131 320 4205 meritis,
349 4134 400 4192 sed
425 4153 460 4192 ex
483 4155 562 4195 mera
587 4157 638 4196 sua
663 4135 838 4197 liberalitate
863 4137 1001 4216 pendere.
1048 4139 1131 4220 Ergo
1189 4140 1321 4199 atthaeus

191 4205 340 4298 exhibitae
356 4207 387 4266 in
408 4206 527 4270 Christo
547 4210 658 4292 gratiae
677 4231 738 4270 nou
758 4215 847 4272 modo
867 4213 948 4273 testis
968 4225 998 4273 et
1016 4234 1140 4294 praeco,
1159 4215 1212 4274 sed
1233 4215 1321 4274 etIam

191 4292 390 4342 testimouium
416 4296 447 4344 et
470 4295 556 4366 typus
577 4287 639 4346 luit.
678 4287 739 4346 lam
759 4288 790 4346 in
811 4309 848 4348 eo
867 4289 1074 4368 gratitudinem
1093 4311 1174 4352 suam
1195 4291 1319 4351 demon-

190 4368 277 4433 strat,
295 4359 387 4446 ‘quod
406 4379 472 4420 eum
491 4363 629 4424 mandare
649 4373 809 4444 perpetuae
828 4367 987 4428 memoriae
1005 4387 1072 4429 nou
1088 4367 1196 4447 pudet,
1225 4365 1318 4448 qualis
