2768 4834
193 273 252 342 130
411 267 415 275 “
628 195 803 332 'secato
826 225 886 328 vt'

181 426 245 508 'qui
269 425 325 484 huc
346 435 380 484 et
405 423 474 486 illuc
503 423 757 504 circumspiciunt,
787 402 894 484 omissis
915 419 973 480 Dei
997 402 1149 500 respectu,
1180 419 1210 478 in
1243 439 1343 512 quem

194 524 285 564 unum
304 501 435 569 intentos
455 521 518 561 esse
538 499 670 576 decebat.
715 501 820 578 Neque
844 519 972 577 uuquam
999 500 1170 576 quiescunt,
1200 495 1259 554 nisr
1282 497 1344 556 uhi

195 579 248 640 sub
278 578 370 639 oculis
390 589 514 667 apparet
536 595 673 636 annonae
698 577 797 656 copia:
829 577 888 636 imo
919 575 969 654 qui
989 574 1057 633 Deo
1082 593 1144 632 nou
1166 571 1343 633 tribuentes

195 655 297 716 tuendi
317 655 418 713 munda
438 654 586 728 officium,
615 653 727 712 assidua
747 650 950 730 inquietudine
971 660 1106 718 aestuant
1125 669 1158 707 ac
1177 661 1342 709 vexantur.

197 732 298 807 Quum
319 730 406 805 dicit,
426 743 530 866 pientes
551 731 653 790 omnia'
670 731 723 788 ista
742 731 904 808 quaerere,
921 725 1080 808 exprobrat
1099 725 1183 816 nimis
1204 745 1341 786 crassam

194 807 353 880 inscitiam,
392 828 431 864 un
455 827 470 866 e
495 818 615 866 manant
632 807 705 866 tales
726 824 828 865 omnes
854 825 949 865 curae.
991 803 1078 862 Unde
1104 823 1182 862 emm
1209 801 1260 872 lit,
1302 816 1342 862 ut

195 903 344 962 nunquam
363 882 523 962 tranquillo
544 884 574 942 in
595 895 671 943 statu
690 883 839 944 resideant
857 880 1019 954 increduli,
1054 879 1110 940 nisi
1130 879 1211 968 quod
1231 878 1340 938 Deum

194 961 311 1041 lingunt
330 959 458 1019 otiosum
478 960 509 1018 in
529 959 616 1020 coelo
638 959 777 1034 dormire,
795 957 842 1019 vel
856 957 958 1018 saltem
975 977 1036 1016 non
1050 975 1221 1036 prospicere
1242 955 1339 1016 rebus

194 1035 343 1111 humanis,
381 1046 415 1094 nt
446 1057 519 1114 quos
550 1035 580 1096 in
612 1035 700 1095 fidem
730 1057 810 1095 suam
842 1034 970 1114 suscepit
1000 1034 1072 1092 istar
1101 1031 1230 1091 familiae
1261 1053 1339 1092 suae

103 1167 113 1184 ,
194 1109 313 1192 pascat?
351 1112 396 1170 Ita
416 1112 472 1172 hac
491 1113 720 1192 comparatione,
731 1111 878 1194 significat
888 1110 962 1170 male
974 1108 1147 1190 profecisse,
1167 1107 1339 1170 neeadhuc

194 1187 289 1268 prima
318 1197 422 1248 tenere
455 1187 572 1268 pietatis
607 1179 787 1263 rudimeirta,
847 1188 993 1266 uicunque
1033 1184 1147 1245 occulta
1179 1183 1337 1244 bonoruni

196 1263 327 1323 omniurn
348 1265 434 1344 copia
453 1265 592 1325 refertam
612 1261 671 1324 Dei
693 1285 809 1324 manum
826 1209 898 1324 ldei
920 1261 1011 1323 oculis
1031 1281 1093 1321 non
1114 1259 1278 1342 aspiciunt,
1300 1273 1339 1320 ut

194 1339 309 1420 placide
328 1361 362 1399 ac
382 1341 487 1400 sedatis
507 1341 618 1401 animis*
634 1342 743 1402 rictum
769 1341 838 1401 iude
867 1351 1045 1430 exspectent.
1083 1337 1190 1412 Pater,
1221 1337 1337 1416 inquit,

194 1415 331 1478 eoelestis
355 1417 441 1477 novit
464 1439 517 1478 vos
536 1418 598 1478 istis
618 1419 764 1512 indigere:
796 1417 879 1496 quasi
899 1418 1026 1489 deceret,
1055 1433 1107 1474 eos
1127 1433 1247 1488 omnes,
1280 1415 1337 1493 qui

192 1504 351 1572 tantopere
377 1493 413 1553 de
438 1491 518 1553 victu
542 1505 610 1555 sunt
634 1496 726 1569 anxii,
781 1507 899 1554 acernae
919 1493 978 1552 Dei
1004 1490 1131 1564 bonitati
1153 1501 1184 1550 et
1203 1511 1336 1552 arcanae

193 1569 399 1652 providentiae
418 1569 513 1630 nihilo
534 1571 598 1652 plus
619 1571 734 1632 deferre
757 1515 879 1630 honoris
899 1591 984 1650 quam
1004 1565 1181 1628 incredulos.

269 1643 341 1706 Luc.
360 1653 407 1711 ‘19-
446 1645 487 1704 Et
512 1647 600 1707 nolite
621 1651 654 1707 io
677 1647 797 1708 mallim
819 1645 890 1706 tolli.
934 1647 1016 1706 llaec
1041 1643 1183 1724 particula
1207 1643 1335 1704 ultimae

192 1722 370 1797 tententiae,
389 1742 464 1802 quae
483 1724 561 1803 apud
580 1723 760 1785 Matthaeum
781 1723 920 1796 habetur,
935 1745 986 1782 res
1010 1721 1111 1795 ondet,
1129 1743 1167 1779 ne
1183 1724 1249 1782 ditis
1266 1721 1332 1780 sol-

192 1799 265 1858 ltetrt
282 1800 314 1856 tu
333 1802 508 1860 martinum:
538 1797 616 1861 aliud
637 1802 715 1861 euim
734 1801 836 1860 vitium
856 1811 934 1859 taxat
954 1741 1108 1871 Christus,
1129 1797 1210 1888 quod
1231 1795 1334 1856 homi-

193 1893 246 1933 nes
266 1873 396 1934 libenter
415 1875 544 1956 quinque
569 1877 693 1938 saecula
707 1877 970 1958 amplecterentur,
1000 1875 1068 1936 dum
1095 1873 1152 1933 sibr
1171 1875 1333 1934 consulere

139 1975 146 1986 ·
193 1949 306 2012 volunt
345 1949 478 2011 Verbum
496 1965 720 2032 μετεωρίζεσθαι,
752 1974 812 2033 quo
838 1953 929 2012 utitur
948 1953 1056 2025 Lucas,
1106 1949 1208 2030 roprie
1234 1951 1333 2033 signi-

193 2025 262 2086 ficat
282 2046 316 2084 ex
335 2025 396 2087 alto
415 2027 575 2107 speculari,
595 2030 674 2106 qarod
695 2029 785 2111 vulgo
807 2030 943 2101 dicimus,
968 2029 1065 2088 lacere
1084 1971 1192 2108 longos
1214 2027 1332 2087 discur-

192 2123 249 2163 sus.
288 2101 408 2162 Nullum
432 2105 511 2163 enim
525 2105 686 2188 satagendi
705 2108 826 2178 modum
850 2105 906 2166 sibi
933 2105 1004 2166 lacit
1023 2103 1119 2164 camis
1138 2114 1260 2163 nostrae
1282 2105 1332 2164 in-

192 2179 367 2262 temperies,
399 2181 469 2260 quin
496 2181 610 2241 coelum
638 2194 669 2242 et
693 2195 801 2243 terram
827 2182 936 2244 centies
962 2181 1103 2241 revolvat
1142 2180 1222 2239 Hinc
1242 2181 1278 2239 fit
1299 2193 1333 2240 ut

193 2255 306 2314 nullum
324 2255 473 2336 relinquat
490 2258 549 2317 Dei
567 2259 775 2349 providentiae
789 2260 896 2319 locum.
933 2259 1003 2318 lloc
1024 2257 1115 2349 igitur
1134 2256 1257 2316 nomine
1279 2280 1331 2317 re-

100 2344 102 2352 ’
192 2332 385 2412 prehenditur
404 2334 493 2393 nimia
514 2335 676 2409 curiositas,
697 2337 776 2415 quod
789 2355 843 2416 per
857 2357 921 2396 earn
939 2333 1025 2394 uobis
1040 2333 1157 2396 mutiles
1177 2331 1331 2394 molestias

193 2407 379 2484 arcessimus,
405 2422 491 2490 atque
513 2411 551 2470 ita
571 2425 678 2491 sponte
699 2412 843 2473 ellicimur
863 2423 930 2471 ante
950 2399 1064 2491 tempub
1083 2410 1191 2473 miseri.
1234 2411 1330 2486 Quod

193 2484 265 2544 dicit
282 2486 461 2561 Matthaeus,
488 2489 630 2569 sufficere
647 2480 705 2548 diii
721 2511 805 2548 susem
823 2491 868 2582 of
886 2492 1031 2564 rotoma,
1062 2487 1270 2576 huc-spectat,
1298 2501 1332 2547 ut

191 2582 256 2622 suas
276 2583 358 2622 curas
377 2575 545 2644 temperent
563 2563 674 2639 fideles,
697 2587 735 2626 ne
756 2566 873 2645 provui
894 2586 956 2625 esse
977 2564 1050 2624 ultra
1071 2564 1237 2624 vocationis
1258 2585 1331 2624 suae

190 2637 311 2700 mollum
331 2646 485 2720 appetant:
524 2643 701 2715 nonenim,
732 2655 766 2701 ut
785 2643 893 2716 dictum
915 2655 974 2716 est,
1003 2640 1153 2720 quaelibet
1170 2640 1333 2700 damnatur

191 2711 345 2790 sedulitas,
374 2719 426 2778 sed
446 2738 520 2797 quae
541 2739 596 2798 per
615 2718 752 2798 obliquos
773 2731 803 2780 et
827 2719 985 2779 immensos
1005 2717 1141 2778 circuitus
1162 2730 1243 2777 extra
1263 2739 1330 2784 me,-
1377 2725 1378 2730 ’

192 2801 235 2850 tas
255 2813 288 2852 va
312 2804 385 2852 atur.

268 2813 372 2958 hlhtth.
396 2876 443 2959 33.
485 2869 620 2964 ererite
638 2875 769 2946 primum
795 2892 917 2948 regnum
941 2871 1009 2933 Dei.
1053 2871 1122 2931 Atio
1148 2885 1331 2954 argumento

194 2954 316 3012 coercet
333 2965 452 3004 ιιιιιιιιιιιι
473 2959 564 3008 victus
584 2957 696 3008 curaui:
718 2969 783 3008 nant
805 2971 838 3010 ea
860 2971 986 3008 crassum
999 2958 1030 3008 et
1041 2949 1198 3008 socordem
1210 2949 1330 3012 animae

193 3017 388 3098 coelestisque
409 3021 485 3081 vitae
505 3023 672 3103 neglectum
692 3025 797 3108 arguit.
837 3027 903 3086 lloc
923 3045 996 3106 ergo
1017 3037 1241 3106 praeposterum
1263 3049 1329 3091 esse

103 3168 108 3178 ,
192 3095 333 3156 admouet
353 3094 502 3173 Christus,
541 3102 620 3178 quod
645 3123 675 3162 se
701 3101 923 3172 honrincs,.ad
950 3101 1103 3160 meliorem
1133 3103 1222 3164 vitam
1255 3109 1329 3180 nati,

192 3187 313 3308 prorsus
333 3172 364 3231 in
384 3173 471 3234 rebus
491 3177 615 3238 terrenis
635 3191 791 3259 occupant
831 3178 972 3257 Quisquis
993 3190 1088 3238 autem
1109 3181 1236 3258 primum
1257 3204 1328 3264 gra-

214 3269 263 3306 um
282 3249 394 3309 tribuet
411 3271 506 3333 regno
526 3253 602 3327 Dei,
632 3276 697 3313 non
724 3255 779 3314 nisi
803 3257 954 3315 moderate
967 3255 1010 3313 xiu
1036 3255 1114 3315 victu
1140 3261 1273 3320 crrrando
1293 3283 1328 3320 se

194 3323 354 3385 exercebit:
394 3347 490 3408 neque
516 3331 606 3392 euim·
620 3333 775 3410 quicquam
800 3333 894 3410 aptius
916 3347 958 3391 est
977 3331 1014 3408 gul
1035 3331 1207 3392 frenandam
1229 3339 1327 3398 carnis

191 3400 355 3474 lasciviam,
393 3425 431 3463 ne
456 3406 486 3466 io
514 3406 590 3466 vitae
616 3405 776 3488 praesentis
797 3431 881 3466 cursu
902 3409 1039 3483 exsultet,
1080 3431 1165 3488 quam
1188 3411 1338 3474 coelestis·

192 3477 271 3568 vitae
290 3479 452 3540 meditatio.
488 3481 619 3544 Iustidoe
638 3504 747 3543 nomen
767 3497 826 3544 tam
846 3486 883 3545 ad
898 3487 1011 3558 Deum,
1035 3489 1120 3564 quam
1142 3487 1178 3545 ad
1198 3511 1326 3572 reguum

194 3575 256 3614 erus
276 3555 379 3615 referri
392 3571 503 3640 potest:
523 3559 629 3621 scimus
643 3562 720 3620 enim
738 3582 860 3641 reguum
872 3563 930 3621 Dei
952 3561 1089 3630 iustitiae,
1109 3564 1167 3622 hoc
1188 3580 1244 3641 est,
1264 3569 1324 3648 spi-
1375 3567 1376 3574 ’

191 3629 290 3691 rituali
309 3632 386 3696 vitae
406 3636 536 3696 novitate
556 3649 700 3696 constare.
740 3636 840 3710 Quum
862 3639 1156 3720 pronuntiatreliqua
1177 3643 1325 3704 adiectum

192 3709 245 3782 iri,
267 3709 428 3790 significat,
454 3734 528 3791 quae
548 3714 584 3773 ad
603 3725 787 3792 praesentem
807 3715 896 3774 vitam
915 3727 1064 3795 spectant,
1085 3737 1146 3776 esse
1174 3722 1257 3798 qrrasi
1278 3743 1325 3780 se-

189 3785 302 3846 cundas
321 3789 517 3863 accessiones,
545 3801 633 3868 atque
653 3791 692 3850 ita
712 3789 822 3850 debere
842 3789 917 3851 iulra
938 3794 996 3853 llei
1016 3813 1140 3873 regnum
1159 3797 1325 3857 subsidere.

267 3861 339 3924 Luc.
359 3871 405 3930 32.
444 3866 519 3926 Noli
535 3870 647 3939 elucere,
670 3866 774 3942 pusille
788 3890 878 3944 grex.
923 3871 985 3928 llac
1005 3871 1150 3930 sententia
1174 3872 1324 3947 fiduciam,

192 3937 229 3998 ad
250 3960 336 4017 quam
356 3964 423 4000 suns
443 3941 575 4001 hortatus
596 3954 659 4002 erat
679 3943 828 4017 Christus,
853 3945 1016 4006 confirmat
1058 3945 1222 4022 Quomodo
1244 3953 1323 4010 enim
1374 3975 1375 4008 ι

191 4012 279 4074 vilem
305 4027 335 4075 et
360 4017 499 4078 caducum
524 4017 621 4078 cibum
652 4029 776 4101 negaret
798 4019 880 4080 Deras
904 4023 978 4096 suis,
1016 4043 1089 4102 quos
1114 4026 1270 4106 adoptavit
1293 4029 1324 4086 in

191 4090 279 4168 ugni
302 4093 347 4150 sui
373 4095 533 4155 haeredes?
571 4096 614 4155 Ac
641 4095 748 4156 diserte
769 4097 873 4172 pusilli
897 4099 995 4180 gregis
1020 4098 1141 4160 nomine
1162 4103 1324 4184 compellat

12 4209 16 4218 .
94 4225 99 4230 ,
193 4183 277 4238 suos,
306 4187 345 4226 ne
374 4169 442 4230 ideo
468 4192 499 4230 se
524 4172 646 4232 minoris
671 4173 747 4263 apud
768 4174 864 4234 Deum
885 4176 948 4234 lieri
968 4187 1088 4256 putent,
1121 4179 1201 4256 quod
1222 4201 1322 4240 coram

191 4241 303 4330 mundo
322 4244 362 4303 ob
382 4267 461 4306 suam
482 4249 657 4326 paucitatem
674 4249 759 4309 nrbili
778 4252 975 4311 aestimantur.
1014 4251 1115 4312 Verbo
1136 4263 1264 4319 sddoxee'r
1282 4257 1322 4314 si-

188 4315 322 4400 gnificat,
344 4341 376 4380 ex
388 4325 531 4402 gratuitae
551 4324 770 4386 misericordiae
791 4327 983 4389 fonteluobts
1004 4329 1096 4388 lluere
1115 4329 1204 4389 vitam
1225 4341 1322 4391 aeter-

4 4443 15 4452 „
110 4451 114 4471 ,
190 4409 267 4452 nam.
306 4394 515 4478 Huc‘quoque
532 4403 654 4466 accedit
674 4401 805 4464 ἆοιιιιιιᾶἰ
827 4405 959 4464 verbum.
1005 4403 1106 4478 Quum
1131 4427 1203 4468 vero
1225 4407 1320 4490 prolem
