2756 4838
234 49 244 60 ·
351 37 363 78 h

174 295 179 308 ,
252 233 438 312 (lid-182
476 232 561 293 Aeris
581 229 807 296 Pharisaeorum
826 231 1026 314 reprobatio.)
1158 237 1218 304 m

64 387 205 452 hennae?
245 388 297 454 34.
324 387 405 455 ldeo
434 406 512 454 eece
540 409 601 476 ego
628 391 719 456 mitto
747 389 788 456 ad
808 411 868 456 vos
888 389 1082 477 Prophetas,
1110 401 1142 456 et
1168 413 1218 456 sa·

65 493 186 576 pientes'
212 501 245 558 et
264 487 406 569 scribas,
434 502 466 557 et
492 515 532 557 ex
558 493 624 560 illis
646 493 728 560 alios
750 493 918 572 occidetis,
945 503 977 561 et
1009 491 1216 578 crucifigetis:

65 602 94 656 et
115 613 151 656 er
171 591 235 658 illis
256 593 337 660 alios
358 594 563 681 flagellabitis
585 599 619 663 in
640 603 812 686 synagogis
832 599 962 676 vostris,
990 608 1022 662 et
1036 619 1217 683 perseque-

62 696 136 758 mini
159 693 200 760 de
222 695 302 762 urbe
324 701 358 764 in
380 699 502 781 urbem,
551 701 602 766 35.
627 701 673 767 Ut
693 703 802 765 veniat
822 721 999 786 supervos
1021 703 1124 766 omnis
1145 721 1218 768 san·

62 800 126 882 guis
146 799 256 878 iustus,
277 805 333 889 qui
354 803 476 868 ellusus
498 815 546 870 est
565 813 798 892 superterram
821 824 839 868 a
861 805 1015 890 sanguine
1035 801 1121 870 Abel
1141 805 1218 874 iusti

63 919 160 986 usque
184 903 224 968 ad
246 909 431 994 sangninem
454 908 644 986 Zachariae,
670 907 730 972 tilii
751 906 945 984 Emathiae,
974 923 1069 993 quem
1097 909 1217 974 occidi-

61 1005 113 1068 stis
141 1011 227 1074 inter
252 1008 406 1096 templum
435 1021 467 1076 et
495 1009 606 1076 altare.
649 1011 700 1076 36.
729 1009 831 1076 Amen
854 1008 927 1075 dico
948 1007 1056 1090 vobis,
1083 1014 1216 1080 venient

61 1104 138 1172 haee
159 1113 266 1178 omniu
287 1135 386 1200 super
405 1096 645 1198 generationem
665 1117 765 1180 istam.
806 1117 858 1179 37.
884 1111 1073 1192 Ierusalem,
1093 1117 1218 1182 Ierusa-

59 1208 133 1290 lem,
155 1235 240 1300 quae
262 1218 384 1283 occidis
405 1217 597 1304 Prophetas,
619 1228 652 1282 et
673 1215 797 1304 lapidas
819 1238 892 1294 ens,
920 1219 975 1304 qui
1003 1217 1043 1282 ad
1070 1226 1104 1281 te
1125 1219 1217 1292 ,misai

60 1326 145 1383 suut:
167 1320 295 1404 quoties
315 1319 406 1410 volni
428 1339 622 1407 congregare
644 1320 732 1386 filios
753 1330 841 1398 tuos,
861 1319 1130 1408 quemadmodum
1151 1319 1217 1405 gal-

57 1409 129 1483 lina'
147 1431 321 1505 congregat
345 1420 455 1506 pullos
480 1447 559 1490 suos
583 1423 644 1489 sub
671 1423 752 1502 alas,
781 1432 818 1488 ,et
842 1422 1011 1520 nolrristis?
1051 1421 1102 1488 38.
1128 1422 1216 1490 ane

57 1520 250 1610 relinquitur
270 1523 367 1590 vobis
387 1525 501 1592 domus
520 1537 625 1593 vestra
648 1527 787 1592 deserta.
827 1525 880 1590 ³9.
900 1523 986 1596 Dino
1008 1528 1092 1592 enim
1114 1527 1218 1607 vobis,

56 1624 304 1714 haudquaquam
325 1629 478 1696 videbitis
498 1625 549 1714 m'e
571 1631 721 1716 posthac,
741 1628 849 1696 donec
869 1625 990 1708 dicatis,
1010 1627 1218 1712 Benedictus,
1245 1640 1250 1648 '
1278 1682 1280 1692 .

57 1733 113 1815 qui
133 1735 224 1801 venit
243 1735 279 1802 in
298 1737 431 1806 numine
451 1733 595 1804 Domini.
1116 1727 1119 1734 ¹

138 1898 242 1968 LUC.
268 1902 322 1968 xt.
370 1905 421 1972 47.
453 1905 527 1972 Vae
554 1901 664 1983 vobis,
696 1903 772 1990 qnia
809 1899 988 1968 aedificatis
1010 1913 1219 1972 monumenta

53 2001 306 2090 Prophetarum:
330 2007 441 2075 Patres
468 2013 575 2074 autem
601 2006 701 2094 vestri
729 2000 920 2072 occiderunt
940 2005 1024 2072 illos.
1066 2007 1116 2072 48.
1139 2009 1219 2074 Pro-

53 2103 141 2174 iecto
171 2113 347 2189 testamini,
380 2111 471 2200 quod
503 2108 721 2197 comprobatis
752 2108 838 2174 iacta
869 2117 995 2194 patrum
1022 2121 1219 2180 vestrorum:

51 2215 208 2296 quoniam
229 2209 278 2275 illi
300 2213 430 2298 quidem
453 2234 511 2279 ens
533 2211 738 2287 occiderunt,
758 2229 817 2274 vos
839 2209 1142 2277 autem·aedifrcatis
1164 2233 1220 2278 eo-

50 2335 124 2379 rum
153 2313 311 2399 sepulcra.
352 2318 404 2382 49.
431 2315 606 2402 Propterea
634 2323 667 2377 et
687 2311 853 2396 Sapientia
881 2309 946 2376 Dei
975 2311 1065 2390 dixit,
1092 2313 1217 2380 Mittam

49 2417 94 2482 ad
117 2414 198 2480 illos
217 2415 397 2504 Prophetas
419 2407 451 2483 e't
471 2416 658 2503 Apostolos,
678 2425 711 2480 et
731 2436 772 2480 ex
792 2412 858 2478 illis
879 2413 1037 2494 occident,
1058 2426 1090 2480 et
1110 2412 1232 2502 parse'

48 2528 205 2608 quantur,
246 2519 296 2584 50.
319 2521 364 2585 Ut
383 2521 715 2608 requiratursaaguis
735 2519 876 2601 omnium
893 2517 1141 2604 Prophetarum,
1162 2525 1220 2607 qui

48 2620 241 2690 effunditur
268 2641 286 2684 a
314 2625 543 2700 constitutione
571 2621 682 2688 mnndi
709 2645 728 2686 a
756 2623 888 2688 natione
910 2622 979 2700 ista,
1019 2621 1070 2687 51.
1096 2623 1220 2690 Asan-

50 2731 155 2811 guiue
184 2722 270 2826 Alael
296 2747 399 2812 usqne
427 2727 468 2794 ad
496 2729 684 2814 sanguinem
712 2723 902 2802 Zachariae,
929 2727 985 2814 qui
1012 2728 1107 2812 periit
1134 2715 1220 2794 inter

52 2831 159 2896 altare
185 2840 217 2894 et
240 2827 369 2894 aedem:
397 2831 545 2916 prolecto
568 2829 644 2897 dico
664 2828 773 2907 vobis,
798 2831 983 2914 requiretur
1009 2827 1051 2894 ab
1079 2827 1140 2892 hae
1163 2816 1222 2894 nd-

50 2935 156 2998 tione.
198 2923 282 3000 Xlll.
324 2933 376 2999 at.
396 2929 585 3016 ierusalem,
611 2933 800 3011 ierusalem,
826 2951 910 3020 quae
933 2930 1054 3021 occidis
1075 2931 1221 3020 Prophe-

48 3048 109 3116 tas,
133 3047 167 3101 et
188 3033 313 3121 lapidas
336 3057 402 3118 eos,
422 3041 479 3127 qni
497 3041 666 3104 mittuntur
688 3038 729 3104 od
749 3051 798 3103 tet
824 3037 952 3122 quoties
973 3035 1064 3102 volui
1086 3059 1220 3123 congre·
1351 3111 1355 3130 s

49 3159 131 3223 gare
155 3137 242 3218 filios
262 3151 350 3220 tuos,
379 3140 650 3230 quemadmodum
671 3144 737 3206 avia
758 3140 869 3207 nidum
890 3159 982 3204 suunt
1005 3138 1066 3205 sub
1086 3163 1219 3228 pennas,

50 3253 84 3306 et
113 3239 289 3310 noluistis?
334 3245 386 3312 35.
421 3245 507 3316 Ecce
538 3233 732 3331 relinquitur
762 3241 856 3310 vobis
888 3241 1003 3308 domus
1029 3255 1136 3310 vestra
1163 3245 1220 3313 de·

48 3353 160 3408 serta:
187 3343 260 3412 diso
290 3356 396 3412 autem
416 3348 527 3429 vohis,
553 3349 643 3436 quod
664 3368 732 3416 non
752 3345 905 3416 ridebitis
922 3369 973 3412 me
996 3345 1103 3413 donec
1122 3367 1220 3412 vene-

47 3449 92 3512 rit
114 3457 254 3532 tempus,
275 3471 374 3536 quum
394 3448 516 3529 dicetis,
536 3447 743 3530 Benedictus,
764 3453 820 3538 qui
839 3451 928 3514 veuit
948 3448 983 3511 iu
1004 3451 1134 3512 nomine
1150 3450 1220 3514 Do-

48 3553 145 3618 mini.
186 3553 240 3618 Xl.
272 3537 322 3618 53.
352 3553 464 3639 Quum
490 3563 594 3619 autem
613 3553 694 3620 haec
715 3554 756 3620 ad
778 3553 853 3620 illos
875 3550 1013 3630 diceret,
1041 3558 1220 3634 coeperunt

49 3655 251 3742 Legisperiti
273 3666 305 3722 et
326 3655 493 3721 Pharisaei
511 3659 652 3744 graviter
670 3659 832 3736 insistere,
860 3665 894 3720 et
921 3654 1063 3738 captiose
1083 3653 1220 3719 iuterro-

51 3779 134 3844 gare
158 3777 230 3824 eum
253 3759 295 3824 de
316 3758 438 3846 multis,
469 3759 521 3823 ot.
541 3757 735 3824 insidiantes
757 3759 801 3836 ei,
829 3765 861 3822 et
882 3763 1075 3844 quaerentes
1097 3751 1220 3842 aliquid

50 3864 173 3928 venari
195 3883 235 3928 ex
257 3883 315 3930 oro
337 3862 416 3940 eius,
436 3881 502 3948 quo
525 3869 712 3926 accusarent
732 3879 815 3926 eum.

135 4044 184 4105 33.
219 4040 296 4124 Qua
305 4035 608 4118 oedificatiaaepniern
616 4033 728 4114 Propi.
755 4035 852 4096 'Falso
864 4033 980 4114 qnidam
989 4043 1105 4124 putant,
1115 4054 1149 4094 re
1170 4055 1220 4096 re-

51 4116 401 4196 hendisuperatitionem
413 4113 569 4188 inscribis,
589 4116 669 4193 quod
689 4133 759 4194 prae
782 4123 880 4173 natare
899 4109 1061 4193 magnificis
1079 4131 1131 4191 sep
1164 4113 1221 4178 nris

51 4205 205 4254 ornarent
221 4205 354 4253 mortuos
364 4189 643 4272 Prophetas,·sicuti
657 4133 883 4269 nuncPllpistae
898 4185 1045 4248 honorem
1054 4186 1113 4248 Dei
1125 4191 1220 4250 traria-

50 4271 162 4330 serunt
178 4269 211 4330 iu
231 4269 357 4330 Sanctus
382 4280 533 4341 mortuos,
556 4267 617 4328 imo
637 4288 740 4328 eorum
759 4264 911 4326 simulacra
930 4283 1067 4344 perverse
1086 4264 1219 4326 adorant.
1307 4265 1313 4280 “

49 4345 200 4410 Nondum
219 4365 258 4410 eo
277 4345 428 4428 progressi
447 4355 531 4408 eraut
552 4343 703 4408 coecitatis
719 4341 919 4412 elementiae:
940 4339 1220 4423 qnarealiudChri·
