2768 4834
174 241 236 304 13
429 201 432 208 '
632 179 906 320 secamuru

177 386 312 450 omnibus
331 377 453 450 saeculis
473 385 697 458 documentum,
727 403 766 446 ue
786 383 850 464 quis
871 377 986 444 honore
1006 379 1143 441 divinitus
1163 377 1221 440 sibi
1241 377 1315 440 eol-

175 467 236 526 lato
262 463 410 525 abutatur:
446 461 551 524 deinde
574 461 610 522 ut
634 461 777 522 columnis
804 460 891 520 etiam
917 457 1089 520 cadentibus
1108 456 1225 526 stabiles
1245 477 1318 516 ma-

175 553 277 613 neant,
297 541 346 619 qui
365 540 503 600 ridentur
523 560 585 600 esse
605 560 638 598 er
657 537 703 596 vul
729 559 746 596 o
766 536 905 610 fidelium.
1034 591 1041 605 ,

252 617 394 682 Luc-13·
437 615 516 700 Quos
539 629 566 674 et
588 557 747 692 Aposlolos
769 613 933 672 continuavit.
972 609 1076 670 Potest
1096 610 1152 672 boe
1172 607 1319 668 bilariam

177 693 297 773 exponi:
330 691 377 752 vel
405 693 485 772 quod
509 704 613 772 postea
642 692 708 750 inan
732 712 818 750 urans
845 689 977 748 insnum
997 709 1101 746 munus
1121 683 1176 744 illis
1197 705 1318 744 nomen

176 769 365 850 imposuerit,
385 765 533 848 vel‘quod
553 769 583 828 in
603 789 685 848 spem
706 712 819 828 lirturae
840 765 989 848 dignitatis
1008 764 1066 824 iam
1087 784 1137 823 eos
1159 759 1321 821 ornaverit
1375 813 1378 834 ,

177 848 235 907 isto
256 845 372 927 elogio,
398 857 431 905 ut
449 846 572 920 scirent,
598 865 737 924 quorsum
757 841 905 923 evulgari
926 861 1048 900 numero
1069 838 1208 918 sepositi,
1229 849 1260 897 et
1280 837 1350 896 in‘·

198 943 264 981 uem
284 943 365 980 usum
386 919 522 981 destinati
542 921 650 981 forent.
682 920 775 996 Quod
794 918 941 1000 posterius
955 915 1048 978 lllarci
1067 915 1163 976 verbis
1183 929 1319 994 respon-

178 944 240 1058 det:
271 997 341 1058 dicit
367 998 446 1058 enim
468 998 617 1060 Christum
637 997 757 1072 secisse,
788 1007 821 1054 ut
841 1006 937 1056 essent
956 1015 1069 1064 secum,
1098 1005 1186 1071 atque
1205 1003 1240 1066 ut
1259 1011 1319 1050 eos

180 1065 343 1134 dimitteret
361 1076 397 1134 ad
416 1074 652 1156 praedicandum.
685 1073 749 1134 Sibi
768 1071 859 1154 igitur
878 1069 1104 1132 contubernales
1125 1089 1187 1128 esse
1207 1066 1319 1140 voluit,

178 1149 285 1286 puibus
305 1150 411 1212 deinde
430 1151 573 1210 maiorem
593 1150 776 1230 provinciam
795 1148 978 1286 iniunpcrct:
1003 1166 1101 1225 neque
1121 1144 1201 1206 enim
1221 1165 1317 1236 quum

197 1227 259 1300 icit,
279 1239 312 1286 ut
332 1238 429 1290 essent
447 1248 555 1300 secum,
575 1238 606 1286 et
625 1237 659 1286 ut
676 1247 728 1286 eos
748 1227 784 1285 ad
804 1245 874 1305 prae
897 1223 1033 1284 icandum
1052 1221 1211 1296 emitteret,
1230 1222 1317 1282 adem

176 1304 319 1384 temporis
339 1314 521 1364 momentum
535 1303 565 1362 in
576 1313 704 1382 utroque
715 1300 848 1362 membro
861 1299 1006 1383 designat,
1024 1299 1110 1359 sicuti
1123 1297 1204 1378 prius
1214 1297 1317 1378 attigi.

254 1381 345 1440 Mare.
364 1386 411 1446 16.
449 1379 590 1454 Imposuit
612 1379 726 1440 Simoni
749 1399 869 1441 nomme
901 1377 1078 1454 Quanquam
1098 1395 1200 1434 omnes
1221 1373 1317 1435 Chri-

116 1461 123 1477 '
177 1453 289 1516 stianos
309 1457 392 1518 viros
410 1455 569 1537 spiritualis
588 1455 691 1536 templi
710 1455 822 1536 lapides
837 1471 899 1515 csse
916 1463 1046 1532 oportet,
1067 1451 1200 1512 Christus
1210 1461 1316 1510 tamen

178 1553 235 1624 pro
260 1554 396 1594 mensura
422 1533 551 1614 gratiae,
602 1555 637 1592 ua
659 1533 811 1592 Simonem
831 1531 977 1592 instruere
996 1527 1131 1602 volebat,
1161 1525 1318 1607 peculiare

178 1608 223 1668 rlli
244 1629 353 1670 nomen
374 1609 522 1688 imposuit
595 1630 628 1668 ec
649 1608 762 1682 obstat,
791 1609 872 1686 quod
891 1607 922 1666 in
941 1605 1075 1665 Domino
1095 1603 1235 1686 negando
1257 1624 1317 1683 pu-

180 1686 275 1745 denda
301 1686 357 1748 fuit
377 1685 438 1744 eius
458 1672 626 1760 infirmitas,
657 1683 802 1764 quiahoc
823 1684 923 1766 elogio
944 1681 1052 1742 invicta
1071 1680 1149 1741 illius
1168 1680 1262 1754 virtus
1285 1691 1319 1739 et

179 1763 352 1838 constantia,
373 1781 448 1840 quae
467 1761 504 1820 ad
524 1771 650 1820 mortem
670 1783 702 1820 us
725 1781 761 1820 ue
780 1760 883 1842 viguit,
904 1769 1007 1820 ornata
1027 1769 1079 1819 est.
1118 1755 1248 1816 Ridiculi
1267 1766 1318 1814 ta-

178 1857 246 1901 men
267 1850 335 1896 sunt
354 1837 501 1926 Papistae,
543 1837 571 1897 ui
591 1837 660 1897 inde
681 1782 837 1918 ctillignnt,
859 1835 1008 1898 fundatam
1027 1835 1058 1894 in
1079 1854 1115 1894 eo
1130 1853 1191 1892 esse
1204 1833 1318 1892 Eccle-

178 1912 267 1986 siam,
299 1926 332 1974 ut
357 1859 664 1996 lustusflexplrcabitur
687 1935 750 1994 cap.
778 1920 821 1979 16.
849 1912 999 1972 Matthaei.
1043 1909 1134 1979 Filios
1161 1907 1317 1970 Zebedaei

178 1989 297 2049 vocavit
321 1989 454 2050 Christus
479 1993 598 2050 tonitrui
613 1991 717 2073 filios,
748 1990 854 2069 quibus
880 1989 997 2048 daturus
1018 2000 1080 2048 erat
1099 2007 1238 2046 sonoram
1258 2007 1318 2045 vo·

179 2085 259 2158 cerm,
279 2087 336 2146 qua
355 2077 496 2126 tonarent
513 2066 543 2125 in
564 2077 630 2129 toto
652 2067 735 2126 orbe.
774 2069 814 2126 Et
833 2065 947 2124 tonitru
968 2065 1086 2143 quidem
1106 2063 1196 2124 hodie
1213 2063 1317 2122 adbuc

179 2141 296 2201 auditur
321 2163 355 2204 ex
379 2162 431 2204 ore
458 2143 594 2205 loannis:
611 2143 661 2204 'ab
688 2143 749 2202 eius
769 2143 877 2214 fratre,
908 2142 1006 2220 quoad
1025 2141 1109 2215 vixit,
1141 2158 1318 2199 concussam

179 2217 270 2278 fuisse
294 2231 402 2280 terram
426 2219 547 2278 minime
574 2220 695 2281 dubium
716 2230 768 2278 est.
808 2219 966 2280 Caeterum
986 2218 1078 2278 dictio
1099 2225 1239 2295 corrupta
1260 2226 1318 2290 est,

180 2299 261 2386 cuius
280 2301 395 2393 integra
414 2301 618 2394 pronuntiatio
639 2314 732 2378 esset,
750 2296 895 2392 eleustus
926 2303 983 2395 ⁵?d.
998 2300 1155 2393 obscurum
1174 2319 1239 2390 non
1261 2312 1318 2373 est,

180 2377 497 2517 illiriseiibtiinbssss
527 2379 687 2442 verborum
717 2389 858 2455 mutatio,
896 2378 949 2439 ubr
974 2379 1156 2485 rnulrenam
1170 2375 1316 2459 *lingum

426 2787 427 2792 .
473 2711 710 2800 suerro
756 2711 1029 2805 v1.u1-u.›

438 2893 1065 2976 onar1o1nnonrn

228 3042 310 3128 (tt.)
353 3039 526 3108 ΜΑΤΤΗ.
546 3042 586 3105 V.
629 3043 657 3107 l.
679 3039 787 3128 Quum
808 3045 940 3110 vidisset
963 3053 1066 3110 autem
1088 3043 1177 3108 lesus
1198 3039 1321 3120 turbas,

93 3191 99 3208 .
185 3143 333 3230 ascendit,
355 3145 388 3208 in
410 3152 568 3220 montem,
599 3153 631 3208 et
652 3167 748 3230 quum
769 3145 918 3222 sedisset,
953 3155 1157 3210 accesserunt
1178 3143 1220 3208 ad
1245 3166 1320 3210 eum

185 3243 335 3330 discipuli
358 3246 435 3308 cius.
477 3245 508 3306 2.
530 3243 571 3307 Et
592 3248 741 3330 aperiens
761 3267 799 3312 os
820 3269 927 3322 suum,
949 3243 1089 3310 docebat
1110 3265 1174 3320 eos,
1197 3243 1319 3324 dicens,
1358 3249 1364 3260 “

184 3348 214 3412 3.
239 3346 332 3411 Beati
354 3365 515 3430 pauperes
535 3345 662 3432 spiritu:
693 3339 844 3432 quoniam
866 3345 994 3411 illorum
1018 3357 1065 3410 est
1087 3367 1218 3430 regnum
1242 3369 1320 3414 coe-

187 3445 303 3512 lorum.
352 3447 382 3514 t.
410 3447 517 3540 Beati,
551 3449 606 3532 qni
634 3446 759 3530 lugent:
793 3449 942 3532 quoniam
972 3449 1033 3532 ipsi
1059 3445 1320 3514 consolationem

117 3612 119 3620 ,
185 3549 353 3634 accipient.
393 3547 421 3609 5.
443 3547 536 3610 Beati
556 3549 661 3614 mites:
682 3549 832 3633 quoniam
854 3550 915 3632 ipsi
937 3547 1135 3612 haereditate
1157 3551 1322 3635 accipient

66 3641 74 3666 '
184 3651 309 3715 terram.
350 3649 378 3712 6.
403 3650 510 3728 Beati,
542 3652 596 3736 qui
619 3650 762 3713 esuriunt
784 3656 816 3711 et
835 3649 945 3713 sitiunt
965 3650 1130 3736 iustitiam:
1163 3655 1320 3734 quoniam

186 3753 250 3838 ipsi
271 3750 506 3838 saturabuntur.
548 3753 576 3816 7.
598 3749 691 3812 Beati
710 3747 950 3814 inisericordcs:
970 3752 1121 3836 quoniam
1143 3751 1205 3836 ipsi
1227 3755 1324 3818 mise·

187 3851 359 3918 ricordiam
388 3861 636 3944 consequentur.
690 3851 720 3915 8.
750 3851 842 3915 Beati
869 3850 990 3917 mundo
1019 3849 1132 3918 corde:
1166 3854 1323 3936 quoniam

185 3953 250 4036 ipsi
277 3951 383 4016 Deum
412 3951 577 4018 ridebunt.
620 3950 649 4014 9.
678 3951 772 4014 Beati
798 3950 940 4036 pacifici:
971 3955 1123 4038 quoniam
1152 3953 1213 4038 ipsi
1243 3953 1321 4018 Filii

185 4049 252 4116 Dei
279 4049 489 4119 vocabuntur.
537 4053 586 4117 10.
616 4053 724 4131 Beati,
762 4054 817 4137 qui
843 4056 1126 4140 persequutionem
1154 4055 1323 4139 patiuntur

72 4220 79 4234 .
187 4161 321 4238 propter
352 4155 518 4220 iustitiamt
561 4155 711 4240 quoniam
742 4152 874 4218 illorum
908 4164 956 4218 est
983 4175 1115 4240 reguum
1143 4153 1322 4222 coelorum.

188 4253 238 4317 11.
266 4253 357 4317 Beati
386 4257 476 4332 estis,
510 4275 606 4341 quum
634 4252 753 4338 probra
782 4255 918 4317 iecerint
946 4257 979 4319 in
1005 4277 1077 4331 vos,
1113 4265 1146 4320 et
1171 4257 1322 4321 insectati

189 4351 323 4429 luerint,
344 4363 376 4418 et
398 4355 535 4422 dixerint
555 4375 650 4420 omne
671 4353 788 4422 malum
807 4355 941 4422 verbum
963 4356 1131 4432 aduersum
1153 4379 1214 4422 ros
1234 4379 1323 4424 men-
