2778 4838
500 77 507 108 l

248 271 329 350 (138
367 263 653 354 Pharisaeisignum
673 269 712 332 de
731 267 817 333 coelo
837 265 1043 352 postulantes.)
1184 273 1228 344 m

60 421 248 514 loquendum
267 419 418 485 festinint.
456 422 565 486 Mirum
589 419 689 486 tamesi
713 443 774 486 nou
801 436 860 500 est,
883 418 1018 488 homines
1038 424 1149 487 Christi
1168 427 1224 488 do-

60 511 175 562 ctrinae
196 519 260 562 uon
280 513 409 562 assuetos
427 501 586 562 immodico
598 502 703 563 ardore
716 501 796 576 ferri,
817 520 978 581 qoumnon
990 503 1115 584 expedit.
1147 504 1224 562 Ver·

59 577 98 636 tit
117 589 218 638 tamen
239 579 270 637 in
291 597 371 638 suam
391 578 517 672 gloriam
538 575 795 657 Christus,'quod
814 574 909 638 minus
930 581 1091 660 prudenter
1109 579 1145 641 ab
1166 579 1224 653 illis

59 663 209 714 tentatum
230 655 336 728 fuerat,
357 674 424 735 qma
446 667 475 716 et
493 654 663 715 miraculum
683 653 823 730 innotuit,
846 666 876 714 et
895 667 958 715 tota
978 655 1027 716 illa
1048 655 1132 749 regio
1153 675 1223 717 coe·

59 729 179 793 lestiutn
199 731 348 791 donorum
368 741 518 792 auctorem
537 753 549 791 s
573 751 678 792 cruens
697 732 811 793 reddita
832 731 889 791 luit
907 731 1119 796 inexcusabilis.

136 811 187 872 37.
225 805 309 868 Besso
326 812 423 868 omerio
433 809 524 890 fecit.
552 753 724 870 blatttacus
743 821 899 890 postquam
917 809 1011 876 multa
1029 809 1152 892 collegit
1169 808 1225 868 mi-

60 881 178 956 racula,
203 882 323 945 subiicit
341 885 460 946 tandem
481 886 557 946 banc
577 884 749 960 clausulam,
768 886 885 946 miratas
906 906 968 946 esse
988 886 1088 947 turbas
1109 897 1140 947 et
1158 885 1226 978 glo-

60 961 132 1020 riam
155 960 269 1021 dedisse
281 961 347 1022 Deo
361 962 463 1036 Israel,
484 963 550 1042 quia
570 960 682 1023 scilicet
699 963 781 1023 Deus
800 955 926 1022 insolitis
945 961 1040 1024 modis
1061 969 1226 1044 potentiam

61 1059 142 1097 suam
167 1037 317 1098 illustrans
342 1039 470 1099 foederis
494 1039 538 1098 sui
558 1039 729 1099 memoriam
748 1037 920 1100 renovabat.
959 1041 995 1100 ln
1015 1040 1108 1100 Marci
1128 1051 1226 1101 autent

59 1113 159 1174 verbis
179 1114 260 1176 sorte
280 1113 433 1182 antithesis
450 1111 563 1176 subest:
593 1137 659 1179 uam
685 1115 752 1196 quia
778 1115 874 1177 rarius
894 1117 930 1176 de
952 1115 1072 1182 Christo
1093 1127 1157 1179 erat
1175 1139 1226 1178 ru-

62 1211 140 1265 mor,
159 1190 308 1271 significat
325 1190 420 1268 tudo,
441 1191 549 1272 impios
569 1177 629 1254 dsse
650 1203 680 1252 et
698 1191 854 1276 malignos,
875 1181 1041 1274 quicunque
1062 1193 1123 1256 eius
1143 1191 1227 1256 lactis

63 1269 252 1344 obtrectant,
271 1270 397 1360 'quando
418 1290 557 1329 summam
576 1269 674 1349 potius
694 1267 809 1329 laudern
832 1269 930 1328 omnia
949 1282 1114 1344 merentur,
1140 1290 1227 1348 quam

62 1343 227 1405 calumniae
254 1357 314 1405 siut
334 1345 471 1406 obnoxia.
509 1346 624 1406 Scimus
644 1357 757 1420 autern,
784 1345 913 1406 dictante
931 1352 1054 1406 naturae
1074 1367 1159 1406 seusu
1179 1347 1227 1406 ni-
1330 1364 1335 1373 ·

60 1420 103 1480 hil
122 1441 187 1482 esse
206 1421 300 1504 magis
320 1421 361 1481 ini
383 1445 464 1497 uum,
483 1443 569 1502 quam
589 1421 733 1482 beneficia
753 1421 785 1481 in
805 1421 918 1483 crimen
937 1433 968 1481 ct
986 1421 1124 1482 invidiam
1140 1422 1227 1483 trabi.

136 1497 243 1558 Matth·
262 1504 311 1564 32.
394 1503 478 1560 heret
495 1521 540 1560 esc
556 1497 666 1560 tiu-boe.
712 1497 769 1562 Hic
795 1498 924 1560 refertur
946 1498 1117 1560 miraculum
1143 1493 1228 1559 alteri

59 1593 122 1634 non
143 1574 292 1650 absimile,
316 1575 397 1656 quod
423 1576 513 1670 paulo
533 1587 601 1636 ante
621 1571 818 1658 exposuimus:
850 1575 907 1636 boc
926 1587 1041 1640 tantum
1062 1582 1106 1638 esl
1124 1573 1227 1636 discri-

59 1673 141 1724 men,
162 1653 254 1734 quod,
275 1673 364 1732 quum
383 1673 464 1733 prius
485 1653 616 1734 quinque
635 1650 760 1732 panibus
779 1663 810 1712 et
824 1651 938 1713 duobus
953 1653 1081 1734 piscibus
1100 1665 1227 1713 saturas-

58 1740 106 1788 set
127 1727 264 1789 Cbristus
290 1730 360 1809 quin
383 1749 420 1791 uc
445 1731 597 1792 hominurn
622 1729 729 1805 nuillia,
754 1751 833 1792 nunc
858 1741 986 1810 quatuor
1003 1727 1094 1792 millia
1113 1739 1228 1810 septem

61 1804 188 1884 panibus
209 1815 240 1866 et
258 1751 404 1886 pisciculis
425 1805 538 1890 aliquot
559 1819 726 1888 pascuntur.
763 1805 882 1868 Deinde
895 1827 984 1888 quum
996 1819 1066 1866 tunc
1078 1807 1229 1890 fragmen-

60 1879 99 1942 tis
118 1881 235 1962 impleti
255 1882 314 1942 sint
334 1883 489 1945 duodecim
511 1883 642 1966 cophini,
662 1904 741 1944 nunc
757 1904 790 1943 ex
806 1883 919 1944 maiore
936 1883 1021 1963 copia
1035 1884 1167 1944 minores
1177 1906 1227 1944 su-

85 1970 187 2019 ruunt
205 1958 356 2039 reliquiae.
395 1957 474 2022 Hinc
495 1961 655 2035 discamus,
680 1979 744 2020 non
763 1961 885 2044 astringi
903 1957 963 2021 Dei
983 1959 1146 2040 potentiam
1164 1980 1228 2020 me-

61 1977 116 2096 iiis
127 2035 177 2096 vel
190 2035 382 2112 admiuiorlis,
402 2059 458 2100 uec
477 2038 592 2100 relerre
612 2059 712 2100 corarn
731 2038 809 2117 ipso,
826 2038 903 2100 sitne
922 2036 1046 2102 maltum
1063 2057 1102 2100 au
1114 2057 1230 2128 parum,

59 2111 137 2172 sicut
161 2113 200 2174 de
226 2113 369 2174 mediocri
392 2135 447 2174 suo
472 2116 616 2190 exercitu,
646 2125 677 2174 et
695 2112 810 2194 ingenti
831 2115 957 2174 bostium
975 2113 1162 2174 multitudine
1181 2114 1229 2174 lo-

61 2209 155 2324 qpens
182 2187 301 2250 dicebat
320 2189 466 2251 Ionathau
487 2193 532 2270 (I.
553 2191 632 2251 Sam.
652 2197 707 2264 tt,
726 2192 787 2266 6.).
827 2189 920 2251 Sicuti
940 2201 1037 2250 autem
1056 2189 1115 2250 Dei
1135 2188 1258 2250 benc-2¹
1317 2191 1321 2215 ¹

85 2265 153 2326 'ctio
179 2287 242 2326 non
268 2287 350 2328 secus
373 2288 435 2327 uno
462 2289 539 2348 pane
560 2289 593 2327 ac
613 2267 719 2348 viginti
738 2276 879 2328 contenta
900 2267 936 2326 ad
955 2287 1091 2347 magnam
1109 2264 1228 2326 turbam

63 2341 199 2403 alendam
221 2355 385 2424 exsuperat,
404 2345 455 2418 ita,
474 2345 498 2406 si
519 2343 594 2404 desit
613 2343 672 2420 illa,
693 2343 794 2402 decem
817 2340 983 2402 hominibus
1003 2341 1156 2422 pascendis
1167 2363 1230 2402 nou
1273 2405 1275 2414 ¹

63 2419 338 2480 sullicientcentum
351 2441 455 2504 panes:
476 2441 544 2481 nam
564 2418 614 2479 ubi
635 2419 743 2479 fractus
758 2415 849 2479 luerit
865 2418 985 2478 baculus
1002 2416 1096 2500 panis,
1118 2415 1230 2478 etiamsi

61 2493 92 2552 in
117 2497 256 2575 pondere
282 2498 430 2560 celeratur
455 2517 471 2558 e
496 2497 623 2634 pistrino
644 2493 737 2555 farina
759 2507 789 2555 et
809 2513 843 2554 ex
863 2493 951 2553 furno
972 2495 1072 2584 panis,
1096 2505 1231 2554 ventrem

61 2581 161 2630 tamen
181 2575 315 2634 vorando
336 2573 442 2636 sarcire
464 2575 493 2635 ni
946 2571 954 2585 ’

62 2647 198 2740 loquitur
211 2645 355 2728 Christus,
375 2652 509 2734 intellige
530 2672 591 2711 non
613 2650 694 2730 quod
713 2649 805 2709 tridui
825 2645 951 2708 inediam
972 2645 1158 2729 pertulerint,
1177 2645 1231 2706 sed

62 2744 132 2804 qura
151 2726 184 2784 in
205 2725 278 2786 locis
299 2729 421 2789 desertis
441 2751 503 2790 nou
522 2749 568 2787 ma
593 2747 629 2788 na
650 2726 740 2788 luerit
758 2723 967 2797 commoditas,
992 2735 1024 2782 ut
1042 2742 1163 2783 neccsse
1183 2721 1231 2781 lu-

62 2803 119 2863 erit
140 2801 294 2864 ordinario
316 2805 384 2867 cibo
405 2825 514 2867 carere.
543 2745 628 2868 alde
650 2803 730 2886 quod
749 2801 780 2862 in
801 2800 858 2862 illis
879 2799 978 2862 calidis
989 2799 1163 2882 regionibus
1174 2799 1231 2858 mi-

63 2892 188 2940 nonest
208 2879 352 2959 edacitas,
382 2904 468 2963 quam
495 2882 549 2944 sub
577 2889 803 2946 crassonostro
824 2889 855 2939 et
874 2877 983 2961 frigido
1009 2885 1089 2938 a'ere.
1128 2875 1232 2953 Quare

64 2956 141 3017 nibil
161 2955 268 3016 mirum
289 2970 343 3035 est,
361 2959 386 3020 si
406 2959 512 3021 diutius
533 2981 548 3020 a
570 2957 638 3019 cibo
658 2955 863 3020 abstinuerint
949 2969 954 2980 ’

138 3039 188 3101 33.
233 3032 317 3095 Unda
338 3035 422 3098 uobis
444 3039 476 3096 in
499 3035 660 3097 solitudine.
707 3033 801 3096 NImis
826 3033 944 3093 brintum
971 3031 1103 3112 produnt
1127 3043 1230 3110 stupo-

62 3130 126 3171 rem
149 3109 297 3192 discipuli,
318 3115 398 3192 quod
417 3125 488 3174 tunc
508 3113 610 3175 saltem
629 3133 693 3172 non
714 3121 857 3172 revocant
872 3107 902 3168 in
915 3128 991 3170 mem
1015 3108 1086 3168 riam
1099 3107 1233 3188 superius

63 3185 137 3248 illud
166 3188 377 3250 documentum
401 3185 516 3252 virtutis
544 3203 575 3252 et
600 3188 711 3272 gratiae
734 3187 859 3258 Christi,
886 3187 966 3265 quod
991 3208 1007 3245 a
1069 3187 1233 3246 raesentem

64 3281 149 3320 usum
169 3277 271 3346 aptare
292 3279 446 3347 poterant:
473 3271 568 3342 nunc,
589 3265 671 3347 quasi
691 3265 763 3325 nihil
784 3279 913 3344 unquam
932 3262 990 3324 tale
1009 3205 1166 3336 vidissent,
1185 3282 1233 3321 re-

63 3337 194 3398 medium
214 3341 250 3400 ah
271 3362 308 3403 eo
329 3355 432 3424 petere
453 3343 674 3406 obliviscuntur.
705 3341 784 3418 Quia
801 3352 898 3400 autem
912 3339 1012 3399 similis
1051 3337 1233 3399 uotidieuo·

64 3413 111 3473 bis
132 3412 254 3496 obrepit
272 3429 388 3496 torpor,
408 3442 444 3481 eo
465 3420 556 3504 magis
577 3421 737 3480 cavendum
758 3429 811 3490 est,
831 3437 870 3477 ne
889 3437 1018 3497 unquam
1030 3359 1234 3502 tdistrabantur·

63 3502 180 3550 mentes
206 3503 325 3553 nostrae
352 3515 368 3554 a
393 3497 562 3575 reputandis
582 3497 642 3556 Ilei
666 3495 835 3568 beneficiis,
859 3503 893 3552 ut
918 3491 1071 3575 praeteriti
1089 3501 1233 3569 temporis

64 3589 98 3627 ex
122 3567 247 3628 erientia
272 3569 306 3628 ἰιιΙ
329 3570 458 3631 futurum
484 3569 562 3632 idem
589 3593 643 3644 nos
669 3592 788 3654 sperare
815 3571 937 3645 doceat,
962 3566 1045 3650 quod
1065 3565 1122 3628 iam
1141 3557 1233 3628 temel

63 3589 119 3708 rel
131 3643 249 3734 saepius
269 3645 391 3730 largitus
411 3660 456 3710 est
474 3647 566 3710 Deus.

150 3898 256 3980 (138.)
296 3894 469 3965 ΜΑΤΤΗ.
489 3895 572 3966 xvi.
617 3895 645 3968 l.
674 3891 717 3963 Et
743 3895 862 3985 egressi
884 3891 1048 3964 Pharisaei
1077 3909 1143 3960 oua
1161 3901 1233 3956 ctam

64 3997 268 4065 Sadducaeie
287 4011 449 4069 tentantes
471 3999 630 4088 rogabant
651 4021 739 4078 eum,
766 4013 800 4066 ut
822 4005 945 4088 signum
969 4023 988 4064 e
1010 3995 1105 4064 coelo
1127 4003 1236 4058 osten-

64 4101 160 4170 deret
181 4101 254 4170 sibi.
306 4105 335 4172 2.
363 4103 490 4173 atille
519 4105 722 4191 respondeus
749 4105 827 4170 dixit
857 4107 917 4178 cis,
951 4101 1060 4186 Quum
1089 4100 1236 4182 coeperit

65 4227 140 4273 ease
166 4227 318 4294 vespera,
349 4209 474 4287 dicitis,
505 4208 684 4276 serenitas:
716 4229 791 4274 nam
820 4203 918 4271 rubet
944 4199 1082 4270 coelum.
1135 4202 1165 4268 3.
1193 4201 1236 4268 Et

64 4327 179 4388 mane,
209 4311 321 4378 Hodie
347 4323 535 4401 tempestas:
568 4310 665 4378 rubet
693 4313 778 4378 enim
808 4307 935 4376 coelum
967 4309 1064 4372 triste.
1120 4303 1237 4392 Hypo*

64 4417 189 4490 critae,
222 4413 338 4482 lacicm
365 4415 451 4483 coeli
477 4418 565 4484 scitis
592 4415 786 4493 diiudicare,
820 4413 910 4498 sigua
943 4427 1022 4476 sero
1056 4419 1235 4494 temporum

92 4519 190 4564 merus
204 4531 287 4567 «οι...
302 4521 327 4566 ta
339 4522 419 4569 mm.
435 4523 480 4570 tv.
495 4525 548 4570 tun
562 4523 594 4567 u.
789 4547 794 4552 -
1015 4494 1034 4554 ‘l

517 2573 538 2633 il
557 2573 702 2656 proderit.
741 2567 926 2633 Triduanum
944 2588 1096 2643 ieiunium,
1116 2572 1230 2650 dequo
1252 2617 1254 2626 .

1317 269 1321 279 ’
