2778 4838
154 215 214 280 156
424 207 541 272 SECT.
560 169 642 270 nvi
680 221 760 268 iren
779 221 815 269 in
835 157 1037 268 transmitte

154 373 205 424 tur
222 364 323 424 vivant
340 361 419 422 iuter
438 381 469 422 se
487 360 607 420 maritus
627 371 658 421 et
677 377 761 434 uxor,
780 371 814 420 ut
833 359 909 421 alter
928 360 1052 422 alterum
1072 360 1174 424 foveat
1189 383 1256 425 nou
1276 385 1324 427 se·

154 461 206 502 cus
226 460 261 500 ac
281 439 428 499 dimidiam
446 439 490 498 sni
509 441 636 518 partem:
657 435 708 496 ille
726 457 797 497 vero
818 437 860 498 sie
879 437 1018 518 imperet,
1037 449 1071 498 ut
1085 451 1175 520 caput
1190 441 1232 501 sit
1250 465 1322 503 uxo-

153 514 209 606 ris,
240 536 303 576 non
327 525 483 597 tyrannus:
514 512 621 574 mulier
648 511 773 577 vicissim
801 515 935 576 modeste
960 516 998 576 ad
1024 513 1166 595 obsequia
1193 539 1227 578 se
1253 519 1324 580 eub-

155 603 262 654 mittat
859 618 863 627 ‘
1056 640 1057 646 ,

231 669 260 734 6.
366 665 480 742 clergo
500 665 584 726 Deice
606 666 758 743 copulavit
802 667 867 728 llac
890 669 1037 730 sententia
1061 669 1162 730 frenat
1187 668 1324 733 christis

154 745 286 808 virorum
318 744 469 818 ibidinem‚
488 763 526 804 ne
546 763 650 804 uxores
669 744 854 824 repudiando
872 765 987 808 sacrum
1004 746 1116 806 nodum
1134 744 1323 837 abrumpant.

157 819 415 896 Quemadmodum
440 820 587 879 antemio
607 819 662 880 viri
681 820 805 880 arbitrio
826 842 887 882 esse
907 834 999 906 negat
1017 821 1190 906 coniugium
1218 823 1323 884 dissol-

77 960 79 968 ,
153 918 237 972 vere,
256 897 297 957 ita
317 909 347 956 et
367 897 429 956 aliis
449 896 584 956 omnibns
604 895 702 979 legem
723 898 823 971 edicit,
841 917 880 956 ne
899 920 950 957 sna
969 900 1146 959 auctoritate
1157 899 1264 960 illicita
1277 921 1323 960 re-

155 974 245 1054 pudia
263 974 449 1034 confirment.
487 972 630 1033 Abutitnr
649 973 727 1033 enim
746 994 797 1033 sua
819 985 965 1053 potestate
975 976 1175 1067 Magistratus,
1195 977 1247 1067 qui
1259 977 1321 1038 viro

154 1050 280 1130 gratiam
294 1047 370 1110 ‘facit
387 1049 588 1130 repudiandae
604 1050 710 1110 uxoris.
749 1050 816 1110 Huc
828 1063 926 1112 tamen
963 1073 1064 1132 roprie
1076 1063 1221 1133 spectavit
1233 1050 1323 1112 Chri-

154 1139 228 1201 stus,
246 1135 281 1186 ut
321 1125 423 1204 uisque
443 1147 499 1206 pro
519 1147 551 1186 se
571 1127 667 1185 datam
687 1125 774 1189 fidem
793 1138 893 1186 sancte
914 1073 1002 1203 colat,
1022 1141 1053 1189 et
1070 1150 1145 1220 qnos
1160 1127 1253 1188 libido
1275 1129 1324 1190 rel

155 1223 262 1283 pravus
281 1147 406 1264 allectus
426 1204 464 1263 ed
482 1202 637 1282 repudium
657 1202 812 1278 sollicitat,
839 1203 915 1264 bane
938 1203 995 1264 sibi
1016 1205 1227 1286 cogitationem
1248 1205 1322 1264 inii-

154 1280 249 1340 ciant:
279 1281 412 1360 quisnam
432 1300 489 1354 es,
505 1278 556 1370 qui
576 1278 691 1339 divinae
711 1277 931 1340 coniunctionis
952 1281 1073 1342 liberam
1093 1281 1149 1341 tibi
1167 1283 1322 1362 rupturam

153 1355 262 1417 facias?
301 1356 459 1417 Caeterum
479 1354 565 1414 latius
586 1374 705 1434 qnoque
725 1355 841 1418 extendl
866 1368 966 1436 potest
985 1358 1058 1419 baec
1077 1357 1223 1418 doctrina.
1261 1357 1322 1418 Pa-

154 1433 260 1512 pistae,
278 1432 442 1494 Ecclesiam
461 1453 478 1492 a
499 1431 619 1494 Christo
639 1433 734 1512 capite
750 1454 804 1494 suo
821 1431 948 1493 avulsam
966 1435 1054 1494 nobis
1067 1435 1325 1516 bugentcs‚trun-

154 1531 222 1571 cum
242 1520 273 1569 et
290 1509 425 1570 mutilum
440 1507 528 1568 nobis
543 1507 715 1588 relinquunt
731 1531 784 1570 eor
805 1530 852 1569 ns:
872 1509 902 1568 iii
912 1530 992 1570 sacra
1004 1532 1110 1588 coena,
1130 1532 1224 1591 quum
1237 1509 1326 1571 Chri-

154 1595 216 1646 stus
236 1595 343 1668 panem
362 1586 434 1646 vino
455 1583 656 1659 coniunxerit,
679 1605 732 1644 usu
752 1531 851 1646 calicis
869 1597 962 1647 totam
984 1587 1102 1668 plebem
1145 1587 1243 1648 rivare
1264 1588 1324 1646 ansi

154 1673 233 1722 sunt.
272 1663 327 1722 llis
348 1661 500 1723 diabolicis
520 1660 697 1742 corruptelis
717 1682 873 1743 opponere
893 1664 1005 1740 licebit,
1026 1664 1121 1741 Quod
1164 1685 1325 1744 enscopu-

155 1737 237 1816 lacit,
255 1739 347 1799 homo
368 1758 406 1798 ne
426 1747 550 1817 separet.

233 1821 262 1881 7.
308 1815 371 1889 Gur
392 1835 462 1890 ergo
486 1813 597 1874 Moses.
645 1813 730 1874 llauc
763 1813 937 1876 calumniam
966 1815 1099 1875 meditati
1130 1815 1271 1893 fuerant,
1300 1818 1324 1878 si

156 1890 292 1954 Christus
311 1895 327 1971 (
352 1889 413 1950 nod
431 1889 524 1970 magis
546 1901 609 1954 eret
648 1889 803 1966 robabile)
822 1891 854 1950 iii
873 1893 1003 1972 repudiis
1022 1891 1186 1974 legitimam
1208 1915 1323 1955 cansam

154 1967 296 2048 exigeret.
333 1911 463 2026 licitum
490 1965 568 2026 enim
591 1911 708 2028 videtur
731 1967 872 2058 quicquid
890 1968 973 2051 Lege
992 1990 1044 2029 sua
1062 1969 1145 2029 Deus
1164 1973 1323 2062 permittit,

155 2044 219 2104 sola
239 2043 320 2104 cuius
338 2042 474 2105 voluntas
493 2042 595 2102 statuit
614 2043 687 2103 boni
705 2054 736 2104 et
751 2043 820 2104 mali
838 2044 1004 2106 discrimen.
1033 2045 1094 2106 Sed
1107 2045 1247 2108 Christus
1257 2061 1322 2128 apta

75 2133 77 2140 ’
154 2119 351 2200 responsione
371 2119 471 2179 salsam
491 2118 631 2180 invidiam
652 2119 752 2196 diluit,
773 2121 854 2257 quod
873 2121 931 2182 boc
951 2123 1130 2190 concesserit
1148 2125 1254 2184 Moses
1272 2146 1324 2184 eo-

154 2219 221 2257 rum
245 2195 442 2280 pervicaciae,
466 2215 528 2254 non
555 2208 652 2256 autem
680 2197 762 2276 qnasi
791 2196 892 2258 lcitum
912 2197 1092 2278 probaverit.
1132 2201 1322 2261 Sententiam

154 2285 234 2334 tero
252 2293 334 2334 suam
360 2273 470 2354 optima
495 2273 610 2333 ratione
635 2273 806 2350 confirmat,
833 2271 912 2411 Qidn
935 2295 995 2334 sion
1018 2279 1060 2335 itii
1076 2276 1147 2356 sciit
1172 2277 1212 2337 ab
1231 2282 1321 2338 initio
1366 2313 1378 2352 χ

156 2349 255 2410 Sumit
268 2363 366 2410 autem
382 2363 437 2430 p'ro
451 2349 600 2427 confesso,
620 2371 709 2430 quum
722 2350 805 2410 Deus
825 2370 839 2408 a
880 2350 968 2410 initio
989 2353 1078 2412 coniu
1103 2353 1162 2412 inin
1183 2355 1323 2428 instituit,

153 2439 328 2520 perpetuam
339 2427 436 2518 legem
448 2426 551 2496 fixisse,
566 2447 645 2506 quac
664 2449 698 2487 us
720 2447 757 2488 ue
777 2427 814 2488 ad
832 2429 922 2488 finem
936 2428 1038 2508 vigere
1050 2373 1168 2490 debeat.
1204 2430 1324 2506 Quodsi

154 2505 301 2566 institutio
322 2503 455 2585 coniugii
468 2523 523 2584 pro
541 2503 608 2586 lege
620 2449 786 2564 inviolabili
794 2503 931 2565 habenda
945 2515 999 2580 est,
1017 2525 1048 2565 se
1071 2507 1161 2580 nitur,
1181 2508 1324 2598 quicquid

155 2582 197 2640 ab
215 2603 249 2642 ea
269 2582 416 2656 dellcctit,
441 2601 504 2640 uon
529 2601 564 2641 ei
610 2602 661 2641 ura
681 2581 743 2640 cius
762 2593 867 2642 natura
888 2601 966 2656 esse,
989 2582 1043 2643 sed
1083 2583 1218 2644 ominum
1239 2585 1324 2646 rufio.
1377 2645 1378 2650 χ

157 2657 320 2734 Quaeritur
337 2669 447 2733 umen,
467 2678 504 2716 an
524 2601 655 2718 insidosi
675 2657 764 2718 suerit
781 2657 964 2738 permittere,
984 2659 1064 2738 quod
1084 2681 1139 2740 pec
1160 2682 1195 2721 se
1216 2660 1325 2721 malum
1377 2693 1378 2700 κ

155 2747 187 2794 et
195 2737 333 2797 vitiosum
347 2745 419 2795 erat.
457 2735 650 2826 Respondeo‚
668 2735 833 2816 improprie
850 2735 908 2796 dici
947 2736 1107 2811 ermissnm,
1127 2739 1324 2815 qnodsenere

156 2824 218 2872 non
238 2813 347 2874 vetuit:
367 2811 405 2872 ne
428 2831 465 2870 ue
486 2831 564 2871 enun
584 2808 681 2892 legem
699 2809 769 2870 tulit
787 2813 828 2871 de'
843 2756 984 2892 repudiis,
1003 2824 1036 2872 ut
1055 2833 1089 2872 ea
1109 2834 1164 2873 sno
1176 2815 1274 2875 sullra
1298 2815 1325 2876 ‘o

143 2887 349 2968 .approbaret,
367 2833 427 2948 sed
440 2907 530 2968 quum
550 2887 636 2946 aliter
654 2887 795 2968 restringi
815 2909 878 2948 non
893 2901 994 2968 posset
1010 2889 1279 2972 bominumimpro
1302 2891 1325 2950 i-
1377 2957 1378 2968 ,

76 3008 79 3022 .
138 2975 211 3040 ·tns,
231 2965 311 3044 quod
331 2964 453 3024 maxime
473 2962 629 3023 tolerabile
649 2974 714 3022 erat
731 2965 893 3025 remedium
906 2965 1013 3040 attulit,
1032 2967 1242 3028 utvirsaltem
1255 2990 1327 3028 uxo-

155 3041 196 3100 ris
216 3039 375 3120 pudicitiae
394 3039 593 3100 testimonium
613 3039 759 3100 redderet.
799 3041 860 3102 Lei
879 3041 957 3101 enim
977 3063 1039 3102 non
1053 3043 1149 3102 nisiiu
1163 3046 1323 3106 mulierum

149 3116 289 3176 'favorem
310 3115 367 3176 lata
387 3128 459 3191 erat,
478 3137 528 3190 ne,
547 3127 703 3195 postquam
723 3117 831 3178 iniuste
850 3118 978 3180 reiectae
998 3131 1098 3192 erant,
1117 3121 1253 3182 dedecus
1271 3123 1323 3182 ali-

158 3193 240 3272 quod
255 3191 406 3264 snbirent'
438 3192 525 3254 Unde
546 3192 722 3274 colligimus,
740 3193 882 3254 inflictam
893 3195 963 3271 viris
974 3195 1072 3274 potius
1085 3195 1173 3258 luisse
1183 3219 1326 3278 poenam,

158 3291 246 3348 quain
269 3269 355 3330 venia
381 3281 430 3330 ant
454 3269 597 3350 permissu
621 3291 772 3331 accensam
797 3270 885 3330 luisse
911 3291 1014 3332 corum
1033 3272 1198 3336 libidinem.
1240 3277 1325 3335 Adde

181 3347 240 3406 uod
264 3367 281 3406 a
305 3345 409 3427 politia
430 3359 460 3408 et
478 3357 600 3408 externo
621 3347 725 3408 ordine
744 3345 868 3407 multum
888 3347 991 3408 dillert
1007 3347 1158 3428 spirituale
1178 3353 1326 3433 regimen.

155 3367 242 3500 Quid
261 3425 348 3484 liceat
367 3443 401 3484 ae
420 3423 462 3484 las
482 3423 535 3499 sit,
561 3425 663 3486 decem
682 3423 780 3485 verbis
800 3424 966 3504 complexus
987 3437 1032 3485 est
1050 3425 1217 3486 Dominus:
1243 3450 1323 3488 nnnc

156 3500 225 3582 quia
243 3499 310 3562 lieri
329 3513 443 3581 potest,
466 3511 499 3560 ut
518 3501 609 3560 multa
628 3521 690 3560 non
711 3513 855 3562 nocentur
875 3500 910 3561 ad
927 3501 1089 3561 'humanum
1108 3503 1258 3578 tribuual,
1284 3505 1321 3562 de

155 3578 262 3670 quibus
282 3599 333 3642 sna
353 3599 500 3668 quemque
519 3577 701 3640 conscientia
720 3577 818 3659 arguit
836 3599 871 3638 ac
890 3577 1051 3650 convincit,
1071 3600 1134 3639 non
1144 3581 1251 3640 mirum
1264 3592 1321 3654 est,

155 3677 180 3716 si
199 3654 282 3739 leges
301 3654 441 3736 politicae
461 3657 497 3716 ad
516 3655 566 3715 illa
586 3654 773 3716 conniveant.
813 3653 966 3716 Sumamus
984 3655 1125 3715 familiare
1139 3655 1320 3738 exemplum:

155 3731 292 3815 litigandi
310 3732 407 3792 maior
425 3732 512 3794 nobis
548 3731 677 3814 eileges
689 3731 722 3790 fit
731 3729 864 3806 libertas,
884 3752 970 3811 quam
981 3731 1057 3792 ierat
1067 3732 1199 3794 caritatis
1209 3755 1241 3794 re
1263 3733 1323 3792 nla.

157 3808 221 3870 Cur
237 3809 334 3872 istud?
355 3809 423 3890 quie
442 3753 563 3889 sin'gulls
583 3809 627 3868 ius
648 3807 731 3869 reddi
750 3827 788 3867 ne
810 3809 864 3883 uit,
883 3807 940 3868 nisi
960 3819 1062 3890 aperta
1081 3811 1119 3868 sit
1136 3753 1263 3890 petendi
1278 3811 1322 3868 ia-

154 3907 229 3946 nuas
254 3887 372 3948 interim
392 3885 438 3946 lex
457 3885 515 3945 Dei
534 3885 660 3946 interior
679 3829 861 3963 sequendum
881 3906 944 3946 esse
961 3885 1153 3976 pronuntiat,
1175 3887 1258 3978 quod
1279 3887 1325 3946 di-

156 3962 249 4024 stabit
268 3964 381 4025 caritas.
419 3963 524 4042 Neque
543 3973 641 4022 temen
662 3971 716 4037 est,
736 3983 788 4022 cur
808 3962 876 4024 bine
889 3963 1075 4054 Magistratus
1093 3963 1234 4055 ignaviae
1253 3984 1326 4026 suae

155 4042 374 4102 excusationem
393 4051 524 4120 captent,
543 4039 567 4099 sl
586 4051 693 4130 sponte
713 4039 1049 4120 cessentacorrigendis
1061 4039 1150 4114 vitiis,
1169 4041 1221 4100 vel
1232 4040 1323 4100 omit-

155 4124 222 4176 tant
240 4137 315 4206 quae
335 4116 504 4198 postulabat
522 4115 615 4175 officii
634 4115 719 4176 ratio.
759 4115 820 4176 Sed
840 4117 958 4176 videant
976 4115 1082 4195 privati
1101 4117 1265 4190 homines,
1284 4137 1323 4176 ne

157 4211 209 4254 sua
228 4193 298 4252 vitia
318 4195 416 4276 legum
458 4192 610 4270 atrocinio,
624 4203 760 4273 tegentes
780 4191 896 4272 culpam
917 4213 1021 4252 eorum
1040 4191 1206 4274 duplicent.
1245 4193 1323 4252 Nam

155 4267 205 4332 hic
224 4267 371 4331 Dominus
392 4211 512 4349 oblique
532 4269 659 4333 Iudaeos
677 4269 827 4349 increpat,
846 4269 928 4350 quasi
946 4269 1016 4360 ipsis
1036 4291 1099 4328 nou
1117 4270 1248 4332 sufficiat
1268 4271 1323 4328 ini-

78 4349 82 4359 '
159 4364 240 4430 pune
262 4365 341 4408 suain
365 4345 546 4426 proterviam
566 4346 706 4422 tolerari,
731 4345 787 4409 nisi
807 4349 905 4408 Deum
930 4345 1093 4431 iniquitatis
1119 4369 1193 4410 suae
1217 4358 1325 4408 aucto·
