2764 4846
395 293 513 372 (2-5.
538 291 669 376 Angelos
688 293 877 373 Zachariae.)
1163 303 1202 364 15

51 449 206 530 mpaect,
230 441 402 534 'liberatas
429 455 595 536 esttamen
620 443 658 506 ab
681 439 815 539 bostibus
841 447 912 540 (les.
931 453 961 523 i,
974 451 1052 540 ll).
1089 451 1200 511 V'crma

48 517 178 610 rltanllp
207 541 283 582 erus
312 520 457 614 prosectu
483 543 515 581 ru
539 523 661 616 salntem
682 522 890 662 elcptrpopolr
910 531 1005 584 cesto.
1044 526 1200 624 Zachariae

47 595 190 752 :lodan
215 609 291 674 est,
324 619 375 658 cur
398 617 441 660 src
459 599 606 676 Domrnps
624 611 752 681 agnoscat
798 604 844 662 der
870 601 1034 677 delectum,
1065 614 1098 662 ut
1116 601 1201 662 srmnl

77 955 137 1032 (5.)
183 953 306 1022 LUC.
328 954 352 1019 l.
394 951 446 1018 21.
480 953 521 1017 Et
542 965 609 1019 erat
630 953 770 1042 populus
792 970 979 1044 exspectans
1000 959 1199 1041 Zachariam,

46 1065 73 1118 ct
87 1055 329 1132 mirabantur,
350 1053 441 1140 quod
463 1065 642 1145 moraretur
662 1058 696 1122 in
716 1057 847 1149 templo.
889 1059 941 1124 22.
966 1059 1122 1144 Egressus
1144 1083 1200 1124 au-

46 1163 98 1220 tern
117 1178 191 1223 non
217 1166 363 1245 poterat
384 1151 450 1218 illis
470 1151 568 1242 loqui.
610 1155 652 1222 Et
674 1169 909 1242 cognoverunt,
927 1159 1018 1246 ,quod
1041 1163 1198 1226 visionem

45 1257 168 1323 odisee
192 1261 234 1324 in
261 1253 401 1342 templo.
442 1253 486 1320 Et
505 1257 574 1340 ipse
596 1253 754 1322 innuebat
775 1257 847 1336 illis,
870 1264 1108 1348 pennensitqne
1128 1285 1196 1327 mu·
1308 1325 1312 1338 ,

44 1367 94 1422 tus.
131 1358 190 1424 23.
221 1345 273 1422 Et
297 1354 430 1432 accidit,
450 1365 487 1420 ut
506 1353 629 1440 impleti
651 1367 725 1421 sunt
748 1356 817 1423 dies
839 1359 941 1444 ollicii
964 1363 1042 1440 eins,
1063 1361 1142 1427 abiit
1161 1355 1214 1428 iux

45 1459 168 1525 domum
191 1479 308 1526 snam.
350 1455 404 1520 24.
438 1455 516 1522 Post
543 1457 602 1522 hos
632 1467 737 1522 antem
766 1457 837 1523 dies
859 1462 1009 1544 concepit
1030 1459 1197 1526 Elisabeth

46 1581 118 1626 mor
138 1563 231 1637 eius,
259 1567 294 1622 et
317 1553 503 1624 occultabat
522 1579 558 1622 se
580 1553 744 1624 mensibus
756 1561 909 1647 quinque,
931 1559 1059 1641 dicens:
1079 1563 1129 1626 25.
1143 1561 1197 1625 Sic

45 1660 112 1726 nili
138 1661 229 1726 iecit
250 1659 418 1724 Dumium
446 1659 481 1722 in
502 1644 648 1738 diebus,‘
665 1657 782 1746 quibus
808 1663 966 1748 respexit,
997 1671 1032 1726 nt
1054 1660 1197 1726 auferret

45 1759 199 1848 probrum
224 1780 339 1828 meum
360 1762 449 1826 iuter
468 1757 622 1825 lrornlnes.

111 1981 162 2042 21.
205 1973 254 2034 Er
272 1988 340 2034 erm
353 1972 485 2050 populius
499 1983 683 2050 'ammaus
721 1924 829 2035 Narrat
847 1975 903 2036 iarn
923 1976 1027 2056 lineas,
1048 1983 1192 2063 populum

45 2051 122 2111 baias
141 2052 279 2114 visionis
297 2051 389 2111 fuisse
409 2061 524 2110 testem.
562 2051 680 2112 Diutius
706 2073 725 2132 q
748 2069 793 2110 am
818 2070 978 2136 promere
998 2069 1127 2119 moratus
1148 2071 1193 2121 est

44 2127 207 2219 intemplo
231 2127 402 2188 Zacharias.
443 2127 524 2186 Hinc·
540 2128 667 2208 suspicio
691 2127 833 2203 nascitur,
848 2129 968 2210 ,aliquid
993 2133 1023 2198 ei
1041 2127 1201 2196 insolit'um‘
1312 2109 1345 2137 l*

45 2207 190 2268 attidrsse.
248 2205 258 2223 ¹
314 2269 316 2274 ¹
350 2225 383 2262 us
404 2213 501 2263 autem
527 2216 611 2284 gestu
632 2215 662 2266 et
681 2205 773 2288 signis
793 2219 906 2266 mutum
926 2228 957 2268 se
976 2211 1123 2272 redditum
1143 2213 1190 2272 in-

46 2282 138 2342 tint·
166 2225 400 2343 creddlldesr
420 2279 518 2354 adara,
537 2281 653 2370 pavoris
672 2281 755 2364 signa
773 2282 914 2343 exstitisse
933 2284 964 2343 in
983 2288 1075 2347 vulto.
1115 2289 1190 2350 lude

45 2357 206 2440 coliigunt,
238 2357 342 2417 Deum
362 2355 406 2415 illi
426 2375 442 2414 a
466 2375 604 2436 parnasse.
642 2359 737 2420 Erant
757 2358 874 2440 quidem
895 2381 993 2437 rarae,
1024 2364 1071 2424 vel
1091 2363 1189 2426 nullae

45 2453 77 2492 co
95 2432 219 2494 saeculo
240 2433 386 2505 visiones,
405 2377 463 2492 scd
467 2433 609 2494 memoria
622 2433 743 2494 tenebat
754 2433 891 2516 populus,
910 2434 1080 2516 frequentes
1101 2442 1189 2502 luisse

45 2509 111 2570 olim
129 2522 257 2603 patrum
278 2518 385 2570 aetate.
427 2507 528 2583 Quare
554 2529 617 2568 non
641 2510 692 2570 abs
717 2529 750 2570 re
777 2531 811 2572 ex
834 2511 995 2573 manifestis
1019 2514 1110 2596 signis
1129 2519 1189 2576 tale

44 2585 109 2646 lacit
128 2587 292 2647 rudicinm:
314 2603 414 2666 neque
434 2586 512 2644 enim
531 2585 698 2645 humanitus
717 2584 825 2645 facturn
846 2596 918 2658 erat,
939 2598 971 2646 ut
988 2601 1112 2668 repente
1125 2592 1190 2653 sine

44 2664 145 2724 morbo
166 2658 412 2732 obmutesceret,
438 2673 467 2720 et
491 2672 560 2741 post
583 2679 695 2720 moram
722 2661 799 2722 insto
825 2661 990 2742 longiorem
1011 2663 1189 2726 attonituse

45 2741 151 2820 templo
188 2739 340 2820 prodiret
391 2737 487 2798 Porro
518 2738 618 2814 templa·
646 2757 755 2798 nornen
789 2740 843 2818 (nt
872 2739 928 2796 iam
958 2739 1107 2822 diximus),
1132 2763 1187 2822 pro
1263 2803 1267 2824 ἱ

44 2815 151 2876 Sancto
185 2816 350 2896 accipitur,
383 2812 435 2872 ubi
463 2813 553 2875 altare
583 2812 697 2875 suffitus
729 2827 800 2876 erat
852 2815 926 2876 Inde
956 2829 1077 2896 peracto
1102 2839 1187 2879 sacro

46 2913 60 2950 e
94 2893 141 2954 eali
165 2891 313 2952 solebant
337 2891 506 2953 sacerdotes
531 2891 561 2950 in
588 2913 670 2952 sunm
691 2891 813 2968 atrium,
842 2893 920 2953 node
951 2892 1064 2976 populo
1095 2893 1189 2962 bene·

71 2982 187 3029 cerent-
872 3013 890 3027 .

113 3051 163 3112 23.
212 3045 255 3106 Ut
271 3042 386 3120 inpleti
402 3041 556 3104 suetdiee.
594 3053 698 3108 Arctoo
735 3057 782 3108 ter
802 3045 888 3129 ponit
907 3043 1000 3108 Lucas
1027 3069 1084 3130 pro
1103 3049 1187 3111 Fun-

45 3122 152 3196 ctione,
173 3142 253 3204 quae
273 3121 426 3201 pervices
447 3121 551 3182 ordine
572 3121 608 3181 ad
620 3072 752 3256 sinprlbs
766 3121 920 3197 transibat,
939 3127 1186 3204 qrremadmodum

45 3199 174 3258 diximus.
228 3197 324 3335 qnod
354 3198 474 3258 domam
503 3197 605 3277 elapso
637 3197 673 3256 ol
693 3197 728 3257 cil
763 3209 899 3279 tempore
929 3200 1049 3261 rediisse
1080 3203 1186 3266 dicitnr

46 3275 214 3349 Zacharias,
265 3276 316 3334 inc
336 3272 516 3356 colligimus,
546 3273 727 3346 sacerdotes,
754 3295 840 3366 quarn
867 3275 915 3334 din
939 3275 970 3335 in
996 3276 1107 3340 vicibus
1126 3282 1185 3344 suis

46 3363 143 3426 crant,
174 3352 338 3412 abtinnisse
360 3371 376 3410 a
396 3349 453 3410 suis
478 3350 614 3426 aedibus,
644 3361 678 3409 ut
701 3350 813 3411 scilicet
837 3349 937 3412 divino
958 3351 1047 3414 cultui
1089 3357 1184 3421 cuitus

45 3427 149 3488 addicti
169 3429 310 3508 affixique
331 3437 447 3494 essent,
478 3427 514 3488 Iu
539 3427 617 3490 hunc
641 3447 724 3487 usum
750 3427 861 3510 digesta
887 3441 973 3490 erant
995 3375 1125 3493 tabulata
1151 3436 1184 3496 in

46 3501 182 3566 laten'brrs
201 3504 319 3585 templi,
339 3505 370 3563 in
392 3498 497 3583 quibus
517 3502 651 3565 cubicula
671 3502 821 3564 habebant
840 3505 880 3586 (Ι.
899 3505 974 3588 neg.
989 3513 1019 3582 6,
1038 3507 1092 3589 5.).
1122 3510 1185 3571 Lex

46 3580 159 3658 quidem
189 3603 254 3642 non
284 3579 467 3664 prohibebat
492 3581 674 3642 sacerdotem
702 3581 827 3641 adomo
847 3602 914 3656 sua,
951 3583 1003 3644 sed
1029 3607 1118 3664 quum
1145 3587 1182 3646 ab

46 3658 138 3718 moris
156 3669 299 3719 contactu
319 3666 449 3732 arceret,
482 3657 532 3736 qui
556 3656 681 3737 panibus
707 3657 796 3717 sacris
818 3657 1013 3719 vescebantur
1040 3662 1081 3740 (Ι.
1102 3663 1181 3721 Sarn.

44 3737 95 3807 21,
113 3735 168 3813 4.),
191 3733 352 3814 probabile
373 3743 426 3808 est,
446 3753 534 3813 quum
554 3733 638 3794 multi
657 3753 760 3814 parurn
779 3745 952 3794 reverenter
969 3757 1051 3797 sacra
1071 3749 1180 3816 tracta-

45 3821 124 3885 rent,
154 3811 320 3872 remedium
347 3811 405 3870 boc
431 3809 518 3870 luisse
544 3811 712 3884 inventum,
741 3821 776 3870 nt
805 3811 844 3870 ab
873 3812 1008 3872 omnibus
1034 3811 1181 3872 illecebris

47 3888 179 3950 memori
202 3907 296 3968 puros
319 3907 351 3948 se
378 3896 410 3946 et
432 3886 575 3948 immunes
602 3886 638 3947 ab
665 3886 745 3945 omni
770 3887 994 3966 inquinamento
1020 3898 1180 3949 servarent.

47 3962 106 4022 Nec
123 3975 239 4024 tantum
260 3961 436 4024 concubitus
456 3983 578 4023 uxorum
597 3963 656 4023 illis
675 3962 781 4024 vetitus
801 3976 879 4039 erat,
912 3965 963 4024 sed
985 3963 1071 4024 etiam
1092 3976 1181 4044 potus

48 4039 104 4098 riui
123 4052 152 4100 et
170 4041 305 4105 sicerae,
333 4040 435 4114 Quum
449 4059 529 4122 -ergo
549 4039 696 4100 mutanda
708 4039 765 4098 illis
784 4051 862 4100 esset
879 4039 972 4100 victus
991 4041 1084 4116 ratio,
1107 4041 1180 4102 utile
1265 4055 1268 4061 “

48 4113 99 4173 luit
116 4137 134 4175 a
151 4116 267 4197 templo
287 4137 352 4178 non
373 4116 533 4190 discedere,
552 4127 585 4176 nt
604 4127 780 4196 conspectus
792 4117 862 4198 ipse
882 4115 942 4175 loci
962 4135 1014 4176 eos
1032 4125 1180 4195 rnoneret,

48 4191 195 4254 colendam
218 4213 281 4253 esse
301 4191 471 4274 puritatem,
490 4192 583 4272 qualis
603 4215 619 4254 a
638 4191 773 4252 Domino
792 4191 974 4283 praescripta
992 4207 1064 4254 erat„
1096 4195 1179 4256 Utile

49 4269 129 4330 ctiam
148 4269 221 4346 tuit,
256 4289 376 4329 omnem
402 4269 602 4361 indulgentiae
627 4269 778 4328 materiam
799 4269 946 4348 praecide,
979 4289 1039 4349 quo
1060 4271 1180 4334 liberius

50 4343 219 4410 offidomo
237 4358 388 4408 vacarent
427 4345 563 4428 Paprstae
583 4347 671 4419 bodie
691 4344 750 4405 lroc
768 4356 921 4434 praetextu
938 4347 1122 4426 tyrannicam
1142 4349 1179 4410 «le

51 4421 191 4488 coelibatu
210 4421 310 4506 legem
329 4421 519 4487 detendunt,
540 4421 592 4484 Sic
612 4413 690 4484 en‘im
709 4421 940 4483 ratiocmantnr:
971 4443 1061 4504 quum
1087 4425 1178 4487 absti-
