2768 4834
346 283 521 364 (w‘lesna
538 294 622 344 sanat
640 284 889 365 daemoniacum.)
1129 244 1186 358 lm

33 441 60 498 io
79 437 249 498 bominum
272 437 384 512 corda,
403 437 456 500 sed
476 437 542 517 quia
561 437 719 512 Dominus,
740 458 813 518 quos
833 439 870 500 ad
889 459 921 500 se
940 437 1056 502 trabere
1075 441 1138 502 vult
1156 455 1186 504 et

30 536 149 596 rapere,
182 515 307 595 Spiritu
327 516 409 592 intus
429 512 600 594 compellat,
630 526 664 574 ut
683 515 751 574 voci
767 526 836 576 suae
855 516 1007 577 obediant.
1046 517 1187 580 Secundo
1281 555 1286 567 ·

30 593 168 652 landatur
192 591 337 652 docilitas
359 602 390 650 et
409 590 545 670 obsequii
564 591 768 672 promptitudo
789 592 820 652 in
841 592 1006 675 discipulis,
1026 596 1078 674 qui
1095 616 1186 655 voca-

32 669 142 728 tionem
174 669 298 730 Christi
329 668 469 728 omnibus
499 666 600 728 murndi
627 668 755 749 negotiis
779 671 960 750 praeierunt.
1008 671 1186 732 Praesertim
1240 673 1255 702 ⁸

31 745 108 806 serbi
128 745 301 806 ministros
321 747 440 805 ad‘boc
459 765 539 804 erem
563 743 622 804 lum
643 746 795 808 attendere
822 748 922 822 decet,
951 758 986 806 ut
1010 748 1185 827 posthabitis

31 823 169 958 ompibus
195 821 267 881 aliis
288 821 366 883 curis
386 843 417 882 se
438 833 518 882 totos
537 765 706 898 beclesiae,
727 823 774 882 cui
795 823 931 884 destinati
949 837 1029 900 suut,
1049 826 1187 886 addicant

31 921 57 959 ac
96 909 273 959 &voveant-

98 975 210 1035 mach.
236 981 286 1041 23
329 972 475 1036 arcula
504 989 593 1034 totum
619 975 949 1038 autumnalem
972 999 1087 1037 rursum
1114 977 1186 1040 alibi

31 1053 230 1112 aldattbaeo
252 1053 438 1112 reseruntur:
457 1051 509 1112 sed
530 1051 649 1112 minime
669 1053 826 1113 absurdum
847 1067 901 1128 est,
921 1075 1010 1134 quum
1030 1055 1185 1116 innumera

32 1150 122 1210 prope
145 1129 301 1189 miracula
322 1129 436 1188 assidue
457 1127 545 1195 edere
558 1127 691 1188 Christus
712 1129 861 1209 aliquanto
880 1141 1017 1212 tempore
1036 1151 1100 1193 uon
1120 1154 1198 1208 ces-„
1279 1131 1282 1148 ¹

33 1208 112 1280 sarit,
145 1205 204 1266 bis
227 1215 279 1264 aus
298 1217 345 1265 ter
364 1227 478 1265 rursum
499 1225 601 1265 eorum
622 1204 685 1264 fieri
704 1207 886 1266 mentionem
911 1209 941 1266 in
960 1229 1085 1290 genere.
1123 1209 1184 1270 lam

32 1283 190 1343 inverbis
212 1281 359 1341 Matthaei
379 1281 475 1360 primo
496 1279 659 1340 notandum
680 1293 738 1356 est,
766 1281 916 1342 Christum
936 1305 1078 1374 nusquam
1141 1286 1184 1346 ie·
1289 1314 1293 1331 ν

32 1359 117 1433 visse,
155 1369 198 1419 ut
217 1358 376 1438 Evangelii
400 1379 502 1418 semen
528 1357 639 1437 ubique
664 1369 828 1448 spargeret.
866 1359 963 1418 Porro
989 1363 1184 1442 brangeium

34 1436 130 1527 Regni
153 1447 254 1496 vocat
266 1433 443 1508 Matthaeus,
462 1455 522 1514 quo
544 1435 734 1495 constituitur
751 1455 876 1516 regnum
888 1435 947 1499 Dei
963 1435 1183 1503 iuterbomines

34 1514 61 1572 iu
84 1533 235 1593 aprorum
259 1511 392 1572 salutem.
443 1511 575 1572 Solidam
601 1531 674 1593 ergo
702 1522 734 1570 et
757 1523 908 1571 aeternam
935 1509 1184 1575 beatitudinema

52 1610 97 1649 ros
122 1589 191 1650 eris
226 1609 261 1648 ac
288 1588 370 1647 laetis
401 1587 561 1668 praesentis
586 1586 664 1648 vitae
687 1585 776 1648 rebus
802 1588 950 1648 discernit.
996 1587 1088 1663 Quod
1114 1591 1187 1650 dicit

35 1611 78 1724 bh
128 1686 222 1740 aeus,
246 1665 396 1726 Christum
418 1685 531 1728 sanasse
553 1685 655 1724 omues
674 1664 811 1739 morbos,
831 1665 965 1758 intellige
984 1665 1185 1748 cuiuscunque

37 1757 133 1802 eunt
166 1741 298 1824 generis.
343 1741 467 1803 Certum
492 1753 537 1800 est
561 1743 655 1816 enim,
683 1761 747 1801 non
773 1763 875 1802 omnes
896 1741 985 1802 luisse
1006 1740 1184 1805 liberatosa

37 1821 89 1880 svis
108 1819 250 1894 morbis,
270 1818 321 1878 sed
341 1818 455 1877 nullum
475 1817 530 1877 tuit
548 1817 721 1878 morborum
741 1838 849 1899 genus,
870 1819 951 1898 quod
970 1819 1181 1882 sihisobtamm

39 1917 97 1955 oon
127 1909 262 1956 sanaret.
311 1897 477 1954 Enumerat
494 1906 589 1954 autem
631 1895 780 1975 raecipuas
796 1895 972 1955 'morborum
991 1898 1120 1977 species,
1152 1898 1184 1960 iu

38 1973 147 2050 quibus
173 1993 257 2032 suam
278 1972 443 2052 potentiam
464 1972 589 2031 exseruit
608 1917 752 2033 hhristus.
791 1971 1006 2036 Drsrmoniooos
1028 1975 1183 2066 Scriptura
1227 2043 1229 2051 Α

39 2061 124 2110 rocat
148 2069 213 2109 non
234 2069 337 2110 omnes
358 2048 540 2128 promiscue,
559 2047 616 2130 poi
636 2065 652 2108 a
673 2045 794 2140 diabolo
813 2062 968 2124 vexantur,
991 2052 1043 2112 sed
1064 2073 1114 2131 qur
1134 2073 1183 2112 ar-

41 2147 110 2187 cana
137 2126 201 2187 Dei
224 2126 354 2189 vindicta
381 2124 507 2184 Satanae
531 2125 690 2206 mancipati
713 2136 796 2200 sunt,
827 2138 861 2187 ut
886 2147 989 2186 eorum
1014 2139 1184 2188 mentes-et
1225 2165 1236 2193 ,

40 2224 143 2263 sensus
163 2201 325 2283 possideat
365 2199 505 2260 [ammiel
522 2215 676 2276 vocantur,
696 2201 726 2260 in
747 2201 853 2280 quibus
873 2203 1005 2284 augescit
1022 2203 1065 2264 ris
1083 2203 1184 2264 morbi

41 2279 85 2338 vel
105 2279 258 2339 decrescit
278 2299 334 2370 pro
349 2277 436 2338 lunae
449 2277 650 2353 inclinatione,
670 2278 770 2358 quales
781 2291 851 2339 sunt
861 2279 911 2358 qui
922 2279 1064 2339 comitiali
1074 2280 1182 2340 morbo

43 2355 192 2430 laborant,
212 2367 244 2415 et
263 2354 383 2416 smiles.
423 2353 523 2430 Quum
543 2353 677 2429 sciamus,
698 2353 840 2415 eiusmodi
859 2355 981 2416 morbos
1001 2354 1183 2418 naturalibus

43 2433 179 2508 remediis
200 2453 264 2491 non
286 2451 349 2492 esse
371 2431 530 2505 curabiles,
553 2430 701 2509 sequitur,
729 2441 863 2492 testatam
890 2431 979 2492 fuisse
1000 2431 1182 2492 divinitatem

45 2507 172 2586 Christi,
192 2531 283 2591 quum
304 2529 358 2568 eos
378 2505 552 2568 mirabiliter
571 2507 691 2568 sanavit.
714 2523 718 2532 ·

83 2775 168 2856 (38)
209 2773 355 2840 Mane.
377 2775 420 2866 l..
441 2773 490 2840 21.
508 2773 554 2840 Et
581 2769 806 2858 ingrediuntur
826 2765 1041 2855 Capernaum,
1063 2777 1095 2836 et
1121 2780 1183 2842 sta-

46 2877 96 2940 tim
118 2873 273 2942 Sabbati's
295 2877 458 2959 ingressus
478 2877 511 2940 io
525 2893 730 2962 ‘synagogam
754 2868 903 2937 docebat.
945 2873 996 2936 22.
1013 2871 1054 2936 Et
1075 2883 1184 2958 stupe-

47 2973 121 3041 bant
147 2997 252 3064 super·
282 2975 431 3041 doctrina
459 2978 541 3040 eius:
585 2951 652 3038 erui
681 2975 765 3038 euim
795 2971 917 3038 docens
946 2991 1003 3036 eos
1030 2983 1181 3060 tanquam

51 3083 235 3144 auctoritate
257 3074 440 3163 praeditus,
472 3084 504 3140 et
525 3097 592 3141 uon
614 3071 940 3165 tunquam'Scribae.⁴
970 3073 1022 3138 2&
1049 3073 1092 3140 Et
1114 3085 1183 3141 orat
1281 3069 1291 3078 ⁸

50 3181 275 3270 insynagoga
304 3197 416 3242 eorum
447 3175 546 3241 bomo
573 3173 733 3240 obnoxius
762 3175 890 3260 spiritui
910 3173 1093 3253 immundo,
1125 3177 1182 3263 qui

52 3279 251 3358 exclamavit,
283 3277 335 3342 24.
357 3277 493 3355 Dicens,
515 3276 581 3354 Ah,
602 3275 681 3362 quid
702 3277 751 3340 rei
772 3273 869 3340 nobis
890 3285 996 3340 tecum
1018 3286 1081 3353 est,
1108 3276 1182 3342 lesu

50 3379 237 3445 Nazarene?
279 3378 398 3442 venisti
427 3376 468 3441 ad
495 3375 697 3465 perdendum
725 3379 807 3443 nos?
848 3375 926 3441 novi
952 3385 1000 3454 te,
1033 3379 1105 3463 quis
1129 3381 1182 3462 sis,

51 3477 178 3546 Sanctus
203 3478 328 3546 scilicet
350 3477 425 3543 Dei.
466 3477 518 3542 25.
546 3478 588 3542 Et
610 3479 788 3562 increpavit
814 3475 905 3542 illum
926 3473 1028 3552 lesus,
1060 3477 1183 3556 dicens,
1276 3465 1279 3472 Δ

51 3578 263 3657 Obmutesce,
297 3589 330 3644 et
366 3582 415 3643 exi
444 3577 485 3644 ab
514 3578 654 3643 homine.
699 3577 750 3642 26.
782 3577 823 3642 Et
849 3599 946 3664 quum
974 3576 1187 3668 discerpisset

52 3702 116 3746 eum
138 3684 273 3767 &pinitus
294 3677 485 3756 immundus,
508 3676 777 3766 exclamassetque
795 3700 877 3745 voce
898 3699 1021 3764 magna,
1043 3681 1118 3742 exiit
1138 3675 1180 3740 ab

52 3801 97 3848 eo.
137 3783 189 3847 27.
217 3781 262 3846 Et
289 3779 527 3865 obstupuerunt
551 3799 677 3856 omnes,
707 3781 752 3843 ita
780 3789 816 3846 ut
843 3780 1073 3865 conquirerent
1096 3780 1182 3842 inter

52 3901 97 3959 se,
117 3881 283 3961 dieentes,
304 3879 394 3964 Quid
418 3891 466 3945 est
486 3879 571 3946 boc?
600 3901 683 3965 quae
706 3878 853 3945 doctrina
875 3900 961 3946 nova
982 3877 1082 3941 baec?
1100 3878 1179 3962 quia

53 4003 115 4047 tum
138 3983 331 4047 anctoritate
359 3983 454 4045 etiam
482 3977 648 4066 spiritibus
675 3979 846 4045 immundis
867 3983 1013 4066 imperat,
1048 3984 1080 4040 et
1101 3975 1180 4042 obe·

54 4079 137 4148 diunt
159 4085 201 4149 ei.
243 4083 294 4146 28.
323 4080 366 4148 Et
386 4082 488 4167 statim
512 4071 638 4165 'egressa
661 4090 709 4146 e'st
732 4079 814 4147 larua
838 4085 906 4146 eins
927 4081 960 4144 in
983 4098 1110 4144 omnem
1131 4077 1180 4148 lo·

54 4203 117 4249 mm
141 4182 325 4250 Galilaeae.
1064 4207 1069 4214 ·

129 4317 235 4388 LUC.
254 4310 314 4386 lv.
349 4315 400 4382 31.
427 4315 470 4382 Et
496 4315 664 4382 descendit
693 4283 900 4401 Capernaium
928 4317 1085 4380 civitatem
1115 4313 1182 4378 Ga·

55 4415 175 4502 blasae,
206 4417 322 4503 ibique
349 4415 491 4484 docebat
518 4439 575 4484 eos
596 4415 761 4484 Sabbatis:
801 4416 853 4480 32
874 4413 916 4482 Et
936 4414 1110 4519 stupebant
1130 4435 1182 4477 su-

124 4547 146 4598 s
487 4583 493 4589 .
1198 4537 1204 4574 ⁸
