2768 4834
180 243 239 308 1ae
343 326 349 336 1
394 193 416 252 ’·
637 227 790 293 SECTIO
811 223 866 292 Ἦί

141 405 144 414 ’
257 391 337 454 Luca
355 392 403 456 33
447 383 587 448 Meum
609 379 686 446 dante.
724 351 813 444 Haec¹
832 384 979 446 sententia
1004 401 1159 466 perperam
1179 386 1324 447 restricta

181 471 238 532 fuit
272 467 311 530 ad
345 483 466 536 usuras,
509 462 569 523 acsi
604 472 717 522 tantum
747 459 862 522 vetardt
891 459 1025 522 Christus
1056 482 1124 524 sues
1153 461 1326 536 foenerari.

179 545 274 628 Atqui
300 544 384 606 latios
410 550 513 622 patere
538 559 571 598 ex
589 535 738 618 superiori
755 559 893 599 sermone
913 538 1015 617 liquet.
1054 537 1214 619 Postquam
1237 540 1323 600 enirn
1373 589 1374 604 ,

182 623 318 704 exposuit
336 618 487 692 Christus,
507 615 578 695 quid
597 614 681 694 impii
700 613 942 692 faeere'soleant,
961 635 1067 696 nempe
1088 616 1170 695 quod
1190 614 1327 700 diligunt

181 721 251 762 suos
270 697 397 770 amicos,
423 705 453 754 et
473 714 524 753 eos
544 691 645 782 iurant
664 712 679 750 a
701 689 806 781 quibus
825 697 946 782 sperant
965 692 1076 782 aliquid
1095 693 1326 784 compensatio-

459 770 530 906 dn:
548 767 1080 925 taliterneassant
1094 768 1326 907 *insiste

182 853 611 1060 sgplpgprleiiificiapbfgratis
631 920 704 982 dent
722 885 834 1012 motuis.
860 921 958 1059 ἀΝιιίιιιε
978 866 1126 998 videmia,
1145 891 1326 1058 ιὲζπιίειιΙιιιῖ

100 1057 114 1086 ’
181 1005 1326 1167 alitilia„‘elffii‘ilg'ltnttffils&itatiustitt

182 1159 296 1245 gratiae
322 1175 421 1218 coram
447 1155 516 1213 Deo
542 1151 663 1242 babere.
678 1150 764 1242 dicat.
807 1151 878 1212 Non
899 1152 980 1232 quod
997 1152 1170 1288 srmlplicrter
1189 1155 1326 1228 damnet,

184 1253 378 1328 quaeeunque
400 1228 1143 1368 tsftttltlltel’?‘ltf'lill{titta
1156 1227 1209 1366 “i
1229 1231 1327 1366 ‘litt

182 1313 427 1452 iiiiii!liuilniliseiisn
438 1395 496 1457 est,
521 1381 572 1462 qui
592 1381 676 1440 nullo
697 1325 850 1443 commbdi
865 1381 1065 1463 suirespectu
1085 1383 1121 1443 ad
1142 1326 1193 1444 iis
1213 1327 1323 1442 iliram

90 1457 93 1479 ¹
184 1469 239 1529 dos
257 1463 390 1536 ducitur,
409 1460 461 1522 sed
480 1471 592 1520 tannim
613 1459 752 1538 cuiusque
773 1456 904 1537 inopiam
924 1470 1046 1538 spectat.
1086 1459 1260 1533 Caeterum,
1284 1481 1327 1520 an

184 1541 360 1605 Christianis
387 1538 474 1598 liceat
497 1535 609 1616 aliquid
633 1535 780 1595 interdum
804 1555 839 1594 eu
858 1547 960 1596 mutuo
981 1535 1055 1596 lucri
1074 1537 1226 1616 accipere,
1255 1557 1324 1596 non

98 1683 100 1694 ¹
182 1619 343 1702 disputabo
370 1615 460 1674 fusius
485 1613 647 1687 hocloco,
676 1631 715 1672 ne
734 1611 935 1691 quaestionem
956 1632 990 1674 ex
1009 1611 1083 1674 falso
1102 1634 1189 1673 sensu
1208 1618 1325 1750 Squem

182 1699 243 1759 iam
261 1693 404 1780 refutari)
423 1688 629 1769 intempestive
648 1707 800 1750 arcessam.
830 1687 892 1747 lam
913 1689 991 1748 enim
1004 1691 1135 1770 exposui,
1154 1691 1216 1750 nihi
1229 1689 1325 1768 ‚aliud

183 1775 262 1836 uelle
287 1767 453 1842 Christum,
488 1787 574 1845 quam
598 1764 699 1826 fideles
724 1764 885 1826 mutuando
907 1765 1017 1826 debere
1036 1767 1158 1827 ulterius
1178 1767 1325 1849 progredi

185 1871 272 1932 quarn
291 1845 427 1908 homines
447 1842 599 1924 profanos,
618 1861 725 1922 nempe
746 1853 779 1902 ut
797 1863 907 1927 meram
927 1841 1130 1904 liberalitatem
1150 1845 1260 1906 colant.

227 2004 312 2088 (51.)
345 1999 515 2066 MATTH.
537 1997 578 2062 V.
618 1997 669 2062 43.
711 1996 855 2064 Audistis
876 1997 965 2085 quod
988 1997 1107 2065 dictum
1129 2003 1178 2078 sit,
1198 1999 1325 2088 Dilig'es

156 2117 158 2122 '
184 2107 363 2198 proximum
390 2111 493 2177 tuum,
526 2109 559 2163 et
579 2095 664 2164 ‘odio
686 2097 823 2165 babebis
843 2102 1005 2198 inimicum
1027 2112 1125 2166 tuum.
1166 2102 1219 2166 44.
1247 2102 1324 2188 Ego

185 2211 291 2276 autem
314 2203 388 2270 dico
409 2198 520 2279 vobis,
548 2198 683 2285 Diligite
704 2203 851 2267 inimicos
871 2213 1011 2268 vestros:
1034 2199 1121 2268 bene
1143 2205 1325 2289 precamini

185 2302 423 2384 deterentibus
443 2323 516 2368 vos:
547 2299 731 2366 benefacite
753 2304 807 2382 iis,
834 2308 889 2389 qui
911 2301 1050 2368 oderunt
1072 2325 1147 2383 vos,
1174 2316 1206 2369 et
1228 2317 1324 2371 orate

185 2431 248 2500 pro
268 2409 328 2486 iis,
364 2407 420 2492 qui
447 2401 582 2468 laedunt
611 2412 643 2466 et
669 2404 868 2470 insectantur
892 2392 966 2470 ros:
1007 2404 1058 2471 45.
1089 2405 1136 2472 Ut
1160 2407 1229 2470 sitis
1258 2405 1325 2472 filii

102 2570 105 2580 ,
185 2511 289 2578 Patris
314 2507 428 2584 vestri,
460 2505 516 2590 qui
543 2512 593 2570 est
611 2505 645 2568 in
666 2503 783 2570 coelis:
813 2508 888 2592 quia
908 2504 1010 2571 solem
1030 2501 1123 2572 buum
1145 2508 1224 2572 oriri
1245 2505 1325 2573 facit

185 2631 286 2700 super
309 2606 412 2674 malos
440 2616 473 2670 et
492 2604 614 2682 bonos,
650 2613 682 2668 et
704 2603 844 2688 pluviam
866 2609 960 2671 mittit
981 2627 1080 2692 super
1099 2609 1200 2673 iustos
1220 2619 1253 2673 et
1276 2612 1325 2674 io-

148 2749 151 2758 ,
184 2713 297 2780 iustos.
344 2709 395 2774 46.
423 2707 506 2771 Nam
538 2705 566 2770 si
595 2701 770 2770 dilexeritis
792 2727 863 2782 eos,
893 2709 949 2792 qui
970 2707 1106 2794 diligunt
1126 2729 1199 2786 vos,
1231 2709 1323 2796 quod

184 2813 363 2902 praemium
391 2805 572 2872 babebitis?
600 2825 711 2871 nonne
735 2816 766 2872 et
786 2805 953 2893 publicani
974 2809 1059 2874 idern
1083 2809 1226 2876 faciunt?
1270 2811 1323 2878 47.

185 2915 230 2980 Et
249 2915 278 2978 si
300 2907 459 2994 complexi
482 2907 606 2970 fueritis
629 2905 744 2972 iratres
764 2917 888 2973 vestros
909 2919 1045 2987 tantum,
1073 2910 1152 2997 quid
1174 2912 1324 2978 eximium

154 3055 158 3062 ·
185 3011 311 3078 facitis?
329 3028 442 3074 nonne
464 3017 496 3073 et
515 3003 682 3094 publicani
702 3010 749 3074 sic
769 3005 909 3073 faciunt?
949 3011 1000 3076 48.
1021 3011 1119 3077 Eritis
1140 3015 1240 3098 igitur
1263 3037 1324 3081 ros

185 3111 339 3202 perfecti,
363 3107 632 3197 quemadmodum
653 3113 749 3174 Pater
769 3120 889 3188 vester,
909 3113 965 3196 qui
986 3123 1035 3177 est
1055 3113 1089 3178 in
1111 3112 1230 3194 coelis,
1249 3137 1325 3202 per-

186 3214 292 3281 fectus
310 3217 367 3278 est.

272 3361 374 3432 LUC.
393 3363 451 3428 Vl.
491 3363 543 3428 27.
570 3361 639 3430 Sed
658 3359 754 3429 robis
775 3362 851 3428 dieo
872 3363 929 3448 qui
949 3361 1079 3443 auditis,
1107 3363 1244 3451 Diligite
1266 3371 1325 3434 ini-

187 3467 288 3534 micos
313 3471 453 3530 vestros:
488 3461 672 3530 benefacite
701 3465 756 3541 iis,
790 3467 845 3550 qui
872 3484 930 3536 ros
952 3462 1101 3531 oderunt.
1142 3468 1193 3532 28.
1231 3471 1323 3534 Bene

187 3565 363 3657 precamini
384 3563 620 3634 devoventibus
640 3586 707 3643 vos,
729 3575 761 3629 et
783 3575 873 3630 orate
896 3586 955 3652 pro
977 3567 1016 3630 iis
1038 3568 1094 3652 qui
1106 3588 1166 3632 vos
1177 3567 1321 3636 laedunt.

188 3667 318 3749 (Paulo
337 3669 443 3758 post.)
485 3669 536 3734 32
557 3667 599 3731 Et
626 3670 661 3730 si·
676 3664 806 3750 diligitis
829 3688 886 3732 eos
907 3669 963 3752 qui
983 3687 1043 3732 ros
1066 3665 1218 3752 diligunt,
1239 3694 1323 3757 quae

187 3770 283 3836 vobis
305 3778 353 3833 est
373 3771 496 3852 gratiam
516 3789 587 3833 uam
610 3777 642 3833 et
662 3777 851 3853 peccatores
873 3789 939 3846 eos,
960 3787 978 3832 a
1000 3765 1118 3853 quibus
1136 3767 1324 3854 diliguntur,

188 3871 334 3958 diligunt.
375 3869 427 3934 33.
455 3868 549 3934 Etsi
577 3867 880 3947 benefecerimus,
910 3871 966 3955 qui
985 3867 1079 3936 vobis
1100 3868 1323 3950 benefaciunt,

187 3993 272 4059 quas
298 3965 392 4036 vobis
419 3972 480 4036 erit
501 3969 624 4056 gratia?
662 3969 821 4054 siquidem
843 3980 877 4036 et
895 3981 1085 4055 peccatores
1108 3972 1171 4038 boc
1191 3971 1322 4050 faciunt.

187 4073 289 4156 (item
307 4072 410 4160 paulo
429 4072 532 4159 post.)
569 4071 622 4134 35.
644 4068 861 4138 Veruntamen
885 4071 1008 4155 diligite
1028 4073 1176 4138 inimicos
1188 4085 1322 4138 vestros

187 4177 276 4253 item,
296 4173 346 4238 Es
359 4175 446 4238 eritis
468 4170 528 4237 filii
549 4170 716 4258 ditissimi,
738 4176 812 4259 quia
835 4176 903 4260 ipse
925 4171 1085 4259 benignus
1107 4185 1155 4240 est
1178 4197 1253 4259 erga
1276 4177 1322 4238 in-

176 4285 296 4360 -gratos
318 4285 350 4340 et
370 4271 480 4339 malos.
519 4273 569 4340 36.
591 4275 699 4340 Estote
721 4296 798 4360 crgo
819 4273 1054 4355 misericordes,
1075 4278 1158 4342 sicut
1179 4287 1212 4342 et
1225 4275 1320 4341 Pater

186 4383 294 4442 rtster
313 4375 494 4441 misericors
516 4383 572 4440 est.
