2766 4840
365 231 368 240 2
463 199 595 282 carnut
614 187 803 289 varnerium.
1030 276 1034 284 ,
1154 218 1242 284 Wt'

60 393 173 434 sensum
193 380 327 432 nostrum
345 366 478 430 nondum
502 387 620 458 capere,
639 367 744 448 quanti
761 367 825 448 ipse
845 363 979 428 aestimet
996 363 1125 428 urnam
1143 365 1214 428 utt-

58 453 111 524 cia,
129 449 169 509 ita
189 469 269 506 nuuc
289 456 390 527 aperte
407 453 595 525 pronunciat,
617 463 648 506 se
668 456 789 524 accepta
809 441 898 503 nohis
916 441 1043 504 laurum
1055 461 1213 523 ‚quaecun-

59 547 115 606 que
133 525 164 585 in
184 545 253 586 snos
272 523 508 604 impenderimus.
546 521 610 582 Nos
626 521 778 658 veroffis
793 539 879 599 quam
891 519 1031 580 socordes
1045 539 1108 580 esse
1120 539 1213 610 opor-

59 615 111 676 tet,
129 602 186 662 nisi
207 623 242 664 ex
259 597 420 668 uisceribns
439 597 547 665 nostris
558 597 694 658 miserico
733 599 740 612 '

60 677 206 740 Christum
232 675 279 740 uel
304 674 418 758 negligi
444 674 490 736 uel
518 673 577 732 coli
602 674 634 734 in
653 694 756 734 eorum
780 692 926 765 persona,
949 670 999 763 qui
1024 671 1130 752 purilio
1155 693 1213 734 no-

58 768 117 817 stro
137 755 281 846 indigent
320 753 425 831 ltaque
444 748 560 830 quoties
579 751 617 810 ad
635 751 758 812 miseros
779 749 920 810 ruvandos
938 748 1138 842 pigrescimus,
1161 753 1227 812 re-'

57 833 124 892 niae
136 832 223 892 nobes
241 829 333 890 Filius
351 828 412 888 Dei
430 841 499 890 ante
520 825 632 901 oculos,
652 828 706 888 eui*
717 827 827 906 aliquid
847 845 957 908 negare
976 845 1103 887 immane
1122 825 1212 887 sacri-

57 909 165 992 legium
185 918 238 970 est.
276 905 329 968 llis
342 905 429 965 etiam
442 902 540 964 verbis
553 903 693 978 ostendit,
712 924 746 965 ea
765 925 797 966 se
817 904 934 964 demum
954 901 1097 964 beneficia
1117 924 1214 986 agno·

57 1007 155 1059 scere,
183 982 368 1075 quae·gratis
388 979 470 1040 nullo
491 979 613 1062 praemii
632 980 739 1041 iutuitu
758 980 897 1062 praestita
917 979 1035 1042 luerint.
1072 981 1114 1040 Et
1132 991 1214 1042 certe

57 1085 144 1142 quum
164 1059 322 1135 famelicus,
342 1070 373 1119 et
397 1057 499 1131 nudis,
523 1068 553 1118 et
578 1057 758 1138 hospitibus,
782 1068 813 1117 et
834 1043 959 1137 flptiris
985 1056 1063 1118 hene
1083 1057 1147 1118 heri
1166 1057 1213 1118 iu-

57 1139 141 1213 beat,
165 1159 183 1198 a
208 1137 313 1217 quibus
338 1134 419 1196 nulla
443 1133 555 1214 sperari
581 1145 681 1214 potest
700 1145 800 1194 mutua
826 1133 1045 1213 compensatio,
1062 1133 1094 1192 in
1118 1134 1213 1214 ipsum

56 1216 202 1308 respicere
222 1233 342 1274 necesse
362 1222 421 1288 est,
440 1211 490 1290 qui
509 1231 540 1272 se
559 1209 647 1271 nohis
666 1221 773 1291 sponte
792 1209 969 1292 obstringit,
989 1223 1019 1272 et
1038 1210 1118 1289 quod
1137 1209 1214 1270 alio-

57 1316 105 1373 qur
125 1291 273 1373 perditum
292 1288 385 1351 uideri
405 1299 519 1370 posset,
548 1287 580 1350 in
608 1287 736 1348 rationes
754 1307 820 1350 ruas
840 1287 952 1367 patitur
970 1285 1086 1348 referri.
1124 1286 1213 1348 Solos

56 1382 153 1430 autem
175 1367 274 1430 fideles
294 1365 468 1426 nominatim
489 1365 536 1426 hic
556 1363 756 1425 commendat:
784 1384 847 1423 non
872 1364 1037 1442 quieuelit
1062 1363 1095 1426 in
1117 1375 1215 1424 toturn

57 1447 127 1508 alios
139 1446 249 1525 sperni,
268 1443 321 1504 sed
341 1442 409 1522 quia
429 1452 462 1500 nt
481 1442 603 1521 quisque
623 1440 746 1522 propius
766 1439 802 1500 ad
812 1439 910 1500 Deum
929 1439 1053 1514 accedit,
1072 1439 1112 1501 ita
1126 1438 1214 1500 nobis

56 1524 153 1584 carior
173 1543 234 1582 esse
255 1519 353 1580 dehet.
390 1519 466 1578 Nrun
493 1519 547 1578 etsi
572 1537 727 1578 commune
753 1528 797 1577 est
819 1516 968 1578 societatis
991 1515 1141 1577 vinculum
1166 1515 1214 1578 in-

53 1611 99 1660 ter
118 1620 224 1662 omnes
244 1597 320 1658 lilios
339 1595 451 1669 Adam,
478 1593 609 1655 sanctior
635 1593 736 1654 tamen
761 1593 827 1654 hliis
843 1593 909 1654 Dei
928 1593 1007 1654 inter
1024 1613 1057 1656 se
1076 1605 1121 1656 est
1139 1614 1214 1654 con-

54 1677 179 1738 iunctio.
222 1677 306 1757 Ergo
332 1672 400 1753 quia
425 1671 495 1734 fidei
521 1671 697 1734 domesticos
721 1671 864 1732 extremis
890 1669 1040 1752 praeferre
1064 1669 1216 1744 conuenit,

78 1752 246 1814 cculiariter
264 1771 317 1810 eos
326 1749 460 1809 nominat
472 1746 614 1808 Christus.
654 1747 832 1884 Quanpuam
849 1759 948 1808 autem
967 1747 1010 1808 illi
1030 1747 1215 1842 propositum

56 1773 121 1904 lun,
141 1825 244 1892 diuiles
264 1840 295 1888 et
315 1826 365 1906 qui
384 1824 571 1886 facultatibus
591 1823 741 1904 pollente
782 1823 933 1885 levandam
947 1824 1068 1886 fratrum
1084 1824 1215 1905 inopiam

55 1907 201 1982 animare,
225 1905 294 1967 hinc
321 1914 417 1963 nmen
442 1903 480 1963 ad
498 1901 620 1962 miseros
640 1913 671 1962 et
688 1902 795 1982 inopes
814 1921 877 1962 non
895 1901 1025 1984 vulgaris
1043 1901 1122 1964 redit
1140 1921 1232 1962 con-1

55 1983 177 2044 solatio:
198 1982 278 2062 quod
298 1979 369 2040 licet
387 1979 526 2071 probrosi
545 1978 615 2051 sint,
635 1989 667 2038 et
685 1977 794 2040 abiecti
814 1997 913 2040 coram
932 1979 1061 2054 mundo,
1085 1999 1148 2040 nou
1168 1997 1215 2040 se-

55 2080 103 2120 cus
123 2072 223 2120 tamen
242 2057 321 2118 Filio
339 2056 399 2118 Der
418 2055 541 2136 pretiosi
559 2065 629 2116 suat
647 2075 734 2133 quam
775 2055 875 2135 ropria
894 2054 1036 2118 membra.
1073 2058 1116 2118 Et
1134 2066 1216 2118 certe

53 2135 160 2198 iratres
179 2134 340 2215 appellans,
360 2131 527 2192 incredibili
547 2150 599 2192 eos
620 2131 735 2192 honore
754 2076 903 2212 dignatur.
1020 2141 1022 2148 ’
1078 2153 1081 2160 ·
1139 2179 1141 2186 ,

130 2219 178 2278 41.
221 2207 368 2272 Discedita
390 2231 412 2268 rr
434 2230 479 2268 rua
502 2203 655 2268 maledicti.
703 2209 791 2268 Nunc
820 2207 857 2268 ad
882 2206 1030 2286 reprobos
1054 2208 1217 2282 descendit,

54 2310 130 2370 quos
150 2289 191 2347 ita
209 2286 338 2346 inebriat
357 2284 466 2344 caduca
484 2304 534 2342 sua
550 2303 619 2362 pros
643 2283 740 2358 eritas,
758 2293 792 2341 ιιι
810 2301 841 2342 se
860 2294 1006 2373 perpetuo
1026 2283 1129 2344 heatus
1149 2282 1216 2345 sore

53 2363 214 2427 somnient.
250 2359 418 2421 Denuntiat
440 2379 513 2440 crgo
538 2379 570 2418 se
596 2303 653 2417 illis
676 2369 832 2420 venturum
858 2359 1000 2434 reducem,
1026 2359 1076 2439 qui
1096 2361 1217 2420 delicias

54 2440 194 2510 excutiat,
212 2438 244 2496 in
264 2435 369 2516 quibus
389 2455 468 2494 nunc
488 2446 556 2494 sunt
575 2434 714 2494 demersi:
745 2455 806 2494 non
827 2435 907 2514 quod
928 2445 1072 2496 terrorem
1092 2436 1150 2499 illis
1168 2437 1218 2496 in·

53 2513 259 2577 iiciatChristi
278 2511 420 2574 adventus
439 2511 506 2601 (qui
525 2509 582 2570 sihi
601 2510 739 2572 videntur
757 2521 874 2590 pactum
894 2509 1005 2571 habere
1025 2531 1091 2574 cum
1109 2525 1218 2589 morte,

53 2604 86 2656 et
106 2589 268 2652 securitatis
288 2587 393 2649 callum
401 2587 461 2648 siha
471 2584 649 2664 obducunt),
668 2587 719 2648 sed
738 2599 773 2662 ut
792 2587 828 2647 de
848 2586 985 2656 horribili
1006 2587 1217 2652 eorum‘exitio

54 2667 201 2732 admoniti
223 2666 325 2727 fideles
352 2673 537 2744 praesentem
563 2663 621 2723 illis
646 2675 757 2732 sortem
781 2684 845 2723 non
871 2663 1032 2726 invideant.
1077 2667 1153 2728 Nam
1183 2677 1218 2726 ut

52 2745 142 2808 nohis
162 2742 343 2804 necessariae
363 2754 431 2800 sunt
450 2738 676 2830 promissiones,
701 2761 777 2820 quae
796 2741 833 2800 ad
851 2752 933 2802 recte
952 2741 1069 2804 vivendi
1088 2742 1218 2803 studium

54 2844 109 2885 nos
130 2821 257 2881 incitent
276 2830 363 2898 atque
384 2818 514 2899 erigant,
541 2828 582 2878 rta
607 2829 638 2878 et
662 2817 759 2878 minae
779 2817 922 2895 vicissim,
947 2839 1022 2898 quae
1043 2840 1098 2880 nos
1118 2817 1217 2879 couti-

54 2911 147 2960 neant
164 2897 196 2958 iu
215 2893 413 2957 sollicitudine
440 2907 471 2954 et
489 2903 579 2954 metu.
617 2894 770 2957 Docemur
795 2914 884 2976 ergo,
909 2917 997 2987 quam
1023 2896 1155 2977 optabile
1180 2895 1219 2956 sit

55 2974 201 3055 coniungi
219 2971 298 3032 Filio
318 2970 391 3030 Dei:
418 2971 486 3051 quia
507 2981 643 3032 aeternus
661 2971 798 3033 interitus
817 2984 848 3032 ct
867 2972 876 3030 i
899 2993 943 3032 nrs
962 2983 1143 3033 tormentum
1164 2993 1217 3034 cos

56 3073 160 3115 omnes
179 3059 290 3122 manet,
316 3067 390 3128 quos
410 3069 426 3108 a
446 3069 477 3109 se
496 3046 612 3108 reiiciet
631 3049 734 3110 ultimo
755 3049 812 3110 die.
851 3050 887 3109 tu
911 3047 973 3109 ehit
991 3061 1088 3110 autem
1108 3060 1179 3110 tunc
1199 3070 1217 3110 a

55 3152 87 3192 se
107 3128 259 3189 discedere
279 3124 401 3204 impios,
426 3124 493 3206 quia
513 3125 598 3186 multi
616 3125 793 3208 hypocritae
809 3127 934 3206 perinde
952 3147 1031 3191 nunc
1050 3137 1120 3188 sunt
1137 3127 1219 3188 iustis

78 3204 202 3279 ermixti,
219 3201 278 3263 acsi
296 3200 464 3283 propinqua
485 3202 541 3263 illis
562 3213 715 3273 essetcum
728 3200 849 3263 Christo
861 3202 996 3267 affinitas.
1035 3202 1132 3264 Porro
1146 3201 1218 3264 alihi

55 3227 192 3355 linimus,
217 3283 294 3356 ignis
318 3278 440 3340 nomine
463 3277 665 3359 metaphorice
691 3277 858 3340 adumbrari
882 3299 998 3360 poenae
1023 3273 1218 3356 atrocitatem,

56 3373 246 3440 quaererem
271 3368 374 3416 nostro
399 3377 462 3416 non
488 3355 758 3434 comprehenditur.
807 3356 909 3431 Quare
938 3377 1149 3437 supervacuum
1175 3369 1219 3418 est

56 3433 192 3496 subtilius
212 3453 277 3494 cum
296 3432 437 3512 sophistis
455 3433 486 3492 in
508 3431 604 3492 uirere
625 3433 662 3492 de
680 3431 767 3493 huius
785 3433 864 3511 ignis
882 3432 930 3494 vel
948 3433 1070 3496 materia
1088 3431 1135 3493 rel
1155 3433 1219 3494 for-

55 3531 117 3572 ma:
144 3532 211 3572 uam
232 3509 334 3569 eadem
354 3509 470 3569 ratione
487 3454 528 3569 ie
547 3528 646 3570 verme
666 3507 872 3588 disputandum
892 3521 984 3584 esset,
1005 3529 1092 3590 quem
1111 3509 1220 3570 Iesaias

54 3587 117 3670 igni
147 3585 302 3667 coniungit
325 3585 398 3664 (les.
418 3591 472 3660 66,
495 3591 543 3650 24.
574 3591 631 3660 30,
655 3586 729 3666 330
766 3585 852 3646 Adde
872 3586 1050 3666 quodidem
1071 3584 1129 3646 alio
1149 3585 1219 3646 loco

54 3665 123 3725 satis
148 3661 294 3737 declarat,
317 3661 546 3741 metaphoricam
574 3681 636 3722 esse
662 3661 883 3742 loquutiouem:
911 3662 978 3742 quia
998 3662 1140 3742 Spiritum
1159 3661 1220 3722 Dei

56 3739 177 3801 dahello
190 3759 257 3800 com
280 3748 352 3812 arat,
372 3759 431 3830 quo
450 3739 460 3798 i
484 3737 527 3798 uis
539 3739 719 3814 accenditur,
739 3750 770 3799 et
787 3739 831 3800 sul
855 3740 912 3800 hur
929 3757 1050 3820 quoqne
1068 3737 1219 3800 admiscet.

58 3817 162 3891 Quare
181 3815 235 3876 suh
254 3759 300 3875 iis
320 3814 442 3878 vocibus
462 3759 590 3909 inpurum
610 3815 641 3874 in
659 3816 807 3895 reprobos
851 3815 878 3876 ei
891 3813 1047 3876 uindictam
1060 3813 1219 3896 concipere

58 3903 196 3972 oportet,
222 3912 297 3971 quae
324 3890 460 3952 omnihus
489 3891 643 3964 tormentis
663 3893 782 3974 grauior
799 3891 900 3984 potius
918 3892 1076 3952 horrorem
1096 3890 1222 3951 incutiat
1283 3939 1287 3944 .

57 3989 149 4059 quam
165 3980 313 4029 noscatur.
353 3967 511 4028 Caeterum
531 3967 662 4048 notanda
681 3979 727 4030 est
744 3968 821 4052 ignis
840 3968 1033 4048 perpetuitas,
1051 3965 1137 4027 sicuti
1152 3967 1219 4048 glo-

56 4067 118 4106 ruae
150 4065 224 4182 puae
253 4065 349 4138 nuper
377 4043 512 4106 fidelibus
541 4043 683 4126 promissa
708 4058 760 4106 est
802 4044 861 4126 pm·
877 4049 1005 4122 petemus
1027 4059 1069 4106 est
1091 4043 1217 4108 diaholo.

59 4119 159 4184 Diaho
174 4144 221 4181 um
242 4123 297 4184 sihr
319 4121 454 4182 Christus
475 4120 618 4202 opponit,
642 4133 782 4202 tanquam
801 4120 999 4202 reproborum
1019 4121 1151 4182 omniurn
1171 4144 1220 4184 ca-

58 4209 123 4333 put.
168 4199 233 4260 Etsi
252 4199 331 4260 eninr
351 4197 462 4260 diaboli
483 4219 585 4258 omnes
610 4210 678 4259 sunt
703 4197 801 4279 angeli
826 4209 992 4277 apostatae,
1018 4199 1102 4259 multi
1122 4211 1221 4262 tamen
1246 4195 1253 4208 ⁶

70 4275 231 4354 'cripturae
251 4275 309 4337 loci
328 4276 527 4357 principatum
545 4275 598 4334 uni
616 4275 773 4412 memnii·
785 4273 835 4366 qui
855 4274 908 4366 suh
929 4295 962 4335 se
979 4275 1018 4335 in
1042 4276 1087 4337 ios
1106 4297 1222 4352 omnes,

765 4362 834 4434 rget:
858 4350 944 4414 acuti
964 4351 1021 4416 fide
1081 4353 1115 4417 in
1132 4355 1222 4416 vitam

59 4350 152 4414 veluti
171 4353 203 4412 in
223 4374 313 4414 unum
334 4373 452 4436 corpus,
478 4352 514 4416 ad
532 4351 685 4415 interitum
704 4372 741 4415 co

759 619 789 658 m
804 595 948 676 exprimat
965 595 1038 656 haec
1056 606 1216 672 sententia,
1275 609 1285 628 '
1372 625 1373 666 ς
