2766 4834
419 267 566 344 (1t-to
590 263 754 346 Pastores.)
1106 275 1148 341 ω

55 437 112 498 prii
125 415 263 478 Dominus
282 435 392 498 pacem
412 416 499 478 uobis
516 417 620 494 offert,
636 418 693 480 nisi
714 439 778 482 eiiii
796 419 967 502 recipimus,
985 422 1037 484 sed
1057 441 1146 502 quum

53 509 129 562 ittutii
143 499 243 580 passim
266 511 403 561 sumatur
427 500 458 560 iii
480 500 639 582 scripturis
664 523 721 583 pro
746 524 801 580 eo,
825 503 907 582 quod
927 501 1059 564 Hebraei
1078 518 1145 579 tm

54 577 128 648 liunt,
144 589 222 638 retiis
242 577 397 658 interpres
415 575 621 654 &septimium
639 579 776 640 reddidit.
814 579 976 660 Perperam
996 579 1043 642 hic
1063 580 1146 644 locus

52 654 73 710 le
85 653 178 732 gratiae
197 653 603 736 acceptationexerponitur:
636 655 707 736 quin
729 657 827 737 potius
847 657 961 718 louteui
981 658 1077 738 pacis,
1108 660 1146 721 de

53 728 202 866 llll?mi
220 729 726 870 tt‘fflthtttttft'hlt
742 733 1069 872 ⁵tlt¹⁰tttt²*⁰ltt
1083 755 1146 874 ‘t‘

50 881 111 938 liius
126 883 153 940 iii
170 827 364 959 hominibus,
379 831 452 944 Ιιιοιι
471 884 548 944 iiiale
569 830 849 947 eohvenielguoad
864 853 995 948 sensuln:
1026 910 1093 948 nini
1115 901 1146 950 ct

52 958 84 1016 lic
96 959 174 1018 modo
193 959 354 1021 notabitur
372 960 454 1040 pacis
474 981 577 1037 causa,
608 963 689 1042 quod
708 985 739 1024 sc
761 975 821 1024 icet
838 963 921 1024 Deus
940 965 1070 1046 gratuito
1089 988 1143 1026 suo

51 1033 115 1093 broie
136 1035 270 1108 homines
298 1037 438 1120 diguatus
463 1037 516 1110 sit,
547 1059 612 1099 cum
637 1037 743 1119 quihus
762 1039 870 1102 hostile
894 1041 975 1120 prius
995 1041 1146 1116 dissidium

49 1108 143 1170 libebit
181 1111 214 1170 Si
239 1113 343 1196 legas,
372 1113 481 1174 Pacem
508 1113 607 1176 honae
630 1115 789 1176 voluntatis
812 1139 868 1208 pro
893 1118 1076 1194 voluntaria,
1105 1141 1145 1181 ne

50 1185 89 1272 liic
103 1188 209 1267 quidem
230 1189 416 1271 expositioni
434 1191 574 1254 reclamo.
613 1191 668 1252 Illa
687 1204 786 1253 tamen
798 1191 960 1286 simplicior
974 1207 1028 1268 est,
1048 1217 1143 1278 appo-

49 1265 100 1323 itiie
114 1263 212 1327 subiici
231 1275 387 1339 eddesius,
407 1278 442 1328 ut
458 1269 593 1344 sciamus,
610 1269 691 1330 unde
710 1289 766 1349 pax
785 1270 872 1330 nohis
891 1271 1055 1352 proveniat.

73 1445 130 1524 (td)
168 1445 272 1515 LUC.
287 1449 330 1513 lt
372 1448 421 1514 ts.
442 1448 484 1514 Et
504 1447 622 1514 lactum
648 1457 711 1527 est,
738 1458 906 1536 postquam
928 1447 1146 1528 discesserunt

52 1541 75 1606 ih
89 1547 124 1610 eis
140 1547 253 1632 hugeli
276 1553 313 1616 iii
338 1547 482 1629 coelum,
509 1561 544 1616 ut
562 1561 641 1616 tune
661 1561 807 1640 pastores
828 1547 1039 1638 loquerenter
1060 1545 1146 1620 iuter

50 1665 99 1720 isse,
114 1647 327 1715 Transeamus
339 1649 529 1716 Bethlehem
547 1673 659 1738 usque,
680 1661 713 1716 et
727 1650 893 1718 videamus
914 1651 1004 1740 quod
1019 1653 1144 1720 lactum

53 1755 89 1820 est,
114 1749 191 1834 quod
209 1750 380 1820 Dominus
401 1751 555 1836 patefecit
575 1749 680 1818 nohis.
724 1753 772 1818 16.
800 1753 842 1818 Et
868 1763 1029 1820 venerunt
1056 1753 1144 1821 lesti-

50 1859 133 1926 uites,
151 1860 181 1915 et
200 1851 403 1926 invenerunt
415 1853 549 1918 Mariam
572 1863 605 1918 et
624 1851 752 1941 loseph,
774 1863 806 1923 ct
826 1851 980 1920 infantem
1002 1858 1144 1941 positum

52 1947 217 2038 iipiaesep'i
260 1955 317 2019 17.
336 1951 460 2038 ,Quum
488 1966 593 2018 autem
620 1954 791 2033 vidissent,
824 1936 1074 2040 divulgavbruiit
1101 1957 1144 2024 do

51 2045 129 2126 urbo,
158 2051 245 2138 quod
282 2052 409 2118 dictum
442 2051 507 2119 illia
539 2054 645 2121 luerat
673 2055 715 2120 de
745 2055 886 2143 puerulo
914 2056 988 2122 hoe.
1030 2059 1079 2125 18.
1100 2058 1144 2124 Et

52 2155 192 2238 omnesqui
213 2153 395 2222 audieruut
413 2155 518 2248 mirati
544 2166 618 2226 sunt
640 2155 681 2224 de
704 2159 757 2236 iis,
792 2179 876 2245 quae
904 2157 1144 2224 dicta-erante

50 2248 187 2327 putoribus
212 2256 256 2324 ad
284 2258 387 2342 ipsos.
438 2257 486 2322 19.
519 2257 623 2324 Ρὸιιο
650 2257 756 2324 Maria
789 2256 1005 2326 conservabat
1032 2261 1142 2331 omnia

53 2346 117 2412 rerba
138 2351 226 2433 haee,
260 2355 440 2423 conterens
464 2359 498 2422 iii
519 2348 632 2423 corde
659 2380 729 2424 suo.
776 2360 829 2424 20.
856 2359 900 2423 Et
923 2359 1046 2424 reversi
1068 2369 1144 2424 sunt

51 2461 153 2528 tutores
181 2455 406 2542 glorificantes
438 2479 477 2522 ac
506 2457 678 2524 laudantes
712 2461 815 2524 Deum
851 2479 949 2544 super
982 2455 1142 2537 omnibus,

54 2569 105 2629 tuae
122 2555 284 2624 audierant
305 2579 347 2624 oc
366 2558 529 2636 videraut,
558 2561 602 2624 ita
631 2570 665 2624 ut
692 2557 812 2624 dictum
839 2557 944 2624 hierat
964 2559 1051 2643 ipsis.
1092 2558 1143 2624 21.

53 2644 235 2744 ltpistquain
258 2659 471 2727 con'sumioati
492 2672 566 2726 sunt
587 2659 657 2724 dies
679 2669 770 2734 oeto,
796 2667 832 2722 ut
859 2655 1144 2722 circumcideretur

53 2767 115 2828 piu,
130 2772 268 2828 vocatum
294 2772 344 2828 est
366 2782 482 2826 nomeu
506 2763 576 2826 eius
598 2761 707 2826 lesus:
728 2757 817 2846 quod
839 2769 988 2828 vocatum
1011 2767 1080 2822 erat
1100 2755 1142 2826 ab

54 2849 155 2935 lngelo,
174 2865 361 2949 priusquam
381 2863 416 2928 in
437 2874 532 2930 utero
554 2867 790 2947 conciperetur.
953 2859 957 2868 ’

101 3007 137 3068 lh
169 3007 552 3090 respiramentum
578 3011 702 3088 Auget.
755 3009 814 3070 llic
845 3007 933 3070 uobis
964 3008 1142 3072 describitur

55 3069 181 3146 ilitieiita
199 3101 363 3166 pastorum.
399 3088 475 3148 Nam
496 3109 584 3180 quoni
606 3110 658 3149 eos
673 3087 821 3148 Dominus
840 3087 897 3146 toti
917 3087 1028 3148 munde
1049 3087 1140 3148 desti-
1187 3153 1191 3161 ,

54 3165 118 3211 iuret
132 3157 193 3220 Filii
210 3166 254 3224 siii
277 3175 378 3237 testes,
398 3165 559 3226 efficaciter
571 3165 627 3226 illis
642 3166 733 3244 loquu
748 3186 780 3224 us
801 3175 845 3224 est
864 3184 919 3245 per
937 3165 983 3224 Au
1008 3163 1081 3240 clos,
1101 3187 1140 3226 rie

54 3225 150 3292 tllueiet
173 3241 251 3318 quod
277 3241 337 3300 illis
363 3240 471 3301 dictuiii
492 3243 597 3304 luerat
635 3243 706 3302 Nou
727 3175 823 3301 therei
842 3241 961 3319 quidem
984 3185 1042 3302 iltis
1062 3240 1140 3302 clare

56 3310 230 3384 pirminium
272 3329 460 3396 raeceptum,
486 3331 518 3378 ut
536 3319 674 3382 venirent
692 3316 882 3392 Bethlehem,
911 3318 964 3378 sed
984 3319 1052 3398 quia
1071 3319 1140 3379 satis

56 3381 226 3467 ΠΙ1111ῐςιιιιῑ,ι
256 3407 359 3455 e'esse
378 3395 438 3455 Dei
459 3395 629 3470 consilium,
649 3394 864 3456 adridendum
885 3392 1035 3456 Christum
1056 3395 1139 3456 lesti—
1199 3402 1207 3428 s

56 3467 108 3543 Ful-
138 3465 222 3530 Sicuti
241 3471 335 3532 liodi'c
355 3493 444 3550 quum
454 3472 598 3548 sciamus,
622 3472 654 3531 iii
674 3472 752 3532 huuc
772 3471 861 3532 finem
880 3469 968 3539 uubis
990 3470 1139 3532 Christum

57 3531 155 3616 indicari,
172 3559 201 3606 ut
221 3549 258 3610 ad
280 3569 347 3608 euni
368 3547 425 3608 fide
445 3551 588 3609 accedant
606 3549 696 3610 corda
716 3559 831 3622 nostra,
851 3547 925 3608 nibil
946 3548 1139 3610 excusationis

56 3599 116 3669 libet
130 3633 219 3684 nostri
239 3624 374 3686 cessatio.
413 3625 478 3686 Nec
490 3627 596 3686 frustra
606 3625 746 3708 exprimit
758 3625 862 3698 Lucus,
877 3637 1014 3716 pastores
1027 3625 1140 3704 cepisse

57 3685 206 3759 Profectum
225 3701 398 3777 consilium,
429 3723 463 3762 ex
483 3723 542 3794 quo
563 3703 757 3763 discesserunt
777 3701 901 3784 Angeli:
926 3723 964 3762 rie
984 3701 1139 3781 patiamur,

57 3767 151 3842 “lfflulll
168 3776 276 3854 solent,
296 3779 419 3838 verbum
438 3779 498 3838 Dei
518 3779 606 3842 nobis
626 3801 691 3840 cuni
710 3777 811 3859 sonitu
830 3799 1017 3852 evanescere,
1035 3776 1086 3836 sed
1107 3787 1140 3834 ut

57 3843 245 3936 ”tuiuiohis
265 3855 380 3918 radices
399 3866 483 3938 agat,
514 3875 574 3936 quo
594 3856 653 3916 iiiii
673 3877 753 3915 suani
772 3855 922 3934 proferat,
950 3854 1001 3934 ubi
1021 3851 1139 3912 auribus

59 3923 131 3978 ῃῡῦῑιιι
146 3945 274 3993 insonare
294 3931 424 3993 desierit
461 3931 631 3994 Notandum
644 3944 797 4012 praeterea
818 3944 871 4008 est,
891 3930 971 4010 quod
990 3949 1054 3988 sese
1074 3950 1138 3988 niu-

57 3989 95 4074 l'l.
106 3992 240 4087 1ὒζῑεὶῦῑιιι
257 4021 406 4090 pastores:
437 4030 535 4100 neque
559 4010 647 4070 euim·
663 4009 772 4068 suflicit
790 4007 923 4089 singulos
943 4005 999 4096 sihi
1020 4005 1139 4080 insuere,

62 4074 96 4120 ⁰³⁵¹
113 4083 184 4158 etiam
206 4099 323 4146 mutuae
349 4087 571 4149 cohortationes
596 4087 746 4146 accedant
787 4083 987 4145 Ohedicntiae
1012 4082 1138 4158 laudeni,

63 4141 175 4222 'lllfitsl
190 4158 291 4238 Lucos,
312 4183 401 4254 quum
415 4163 487 4226 dicit
497 4183 548 4222 cos
590 4183 753 4242 roperisse,
773 4175 841 4222 uta
861 4159 948 4220 nobis
969 4159 1057 4220 etiam
1078 4159 1138 4220 exi-

62 4225 112 4285 dllt
126 4226 184 4292 fidei
200 4239 412 4319 promptitudo.
454 4238 542 4320 (luod
587 4243 699 4300 uncinus
713 4241 855 4321 patefecit
870 4235 961 4296 uotis.
1002 4236 1140 4297 Scieutei·

63 4297 81 4342 ²¹
93 4313 153 4364 reete
170 4315 311 4376 ascribunt
330 4315 410 4390 Deo,
429 4316 510 4396 quod
530 4337 592 4374 oon
612 4315 668 4376 nisi
689 4315 725 4376 ab
745 4312 864 4398 Angelo
885 4313 1049 4376 audierant:
1071 4335 1138 4372 iiam

62 4379 343 4464 quellagssuscuutllci
361 4393 535 4470 ministrum,
555 4392 731 4457 auctoritate
751 4411 872 4472 quoque
892 4391 1060 4473 dignantur,
1079 4390 1138 4450 acsi
