2764 4854
355 254 436 330 (m
476 249 567 310 Iudae
589 246 752 327 proditoris
772 249 876 325 mors.)
1139 253 1198 314 319

43 425 108 464 num
127 404 210 464 Dens
229 422 291 464 non
313 405 478 474 admoueat,
498 399 605 481 impios
624 412 723 460 tamen
743 419 811 460 suae
822 400 998 480 cupiditates
1009 399 1196 476 lmstrantnr,

41 495 72 540 ut
90 493 227 541 votorum
247 501 365 541 suorum
386 479 558 560 potiti'non
570 477 668 558 'modo
688 499 720 538 se
739 477 878 538 abdicent
897 477 1025 540 inauinm
1047 476 1195 538 bonorum

44 559 190 632 fruitione,
209 559 262 617 sed
282 557 351 616 iude
372 557 469 637 potius
490 554 610 633 laqueos
629 554 686 614 sibi
706 553 875 614 co'nhciant.
914 553 1072 614 Caeterum
1093 575 1195 633 quam-

43 634 81 692 uis
106 635 165 692 sint
188 633 232 693 sui
257 633 425 707 carnifices,
450 651 577 710 poenam
597 650 664 690 ase
684 631 847 712 exigendo,
869 630 947 690 'nihil
971 631 1009 689 de
1039 631 1196 691 atrocitate

43 711 99 770 irae
118 711 177 770 Dei
210 709 309 770 lerant
339 723 389 770 aut
415 709 559 768 minuunt.
598 707 669 768 Nora
686 708 753 768 licet
779 727 828 768 eos
855 711 971 766 urim
1011 707 1089 768 Hine
1116 708 1195 768 clare

61 800 130 860 atet,
150 787 320 868 hypocritas
340 799 487 846 externam
512 784 604 844 modo
624 784 731 845 larraru
752 786 892 844 sectando
918 805 1013 844 crasse
1039 801 1105 844 cum
1125 786 1194 844 Deo

42 809 155 924 indere:
175 865 323 924 modone
344 885 426 922 suum
448 859 570 922 Corban
612 861 760 936 rosanent,
780 861 811 920 in
831 861 1002 942 reliquisse
1021 855 1112 953 pnro‘s
1132 881 1195 922 esse

42 941 170 1023 fingam,
183 960 239 999 nee
258 939 379 1000 solliciti
399 951 466 998 sunt
486 938 524 997 de
541 882 654 997 neliaria
673 938 824 1018 pactione,
843 959 899 1018 qna
919 959 950 997 ae
971 938 1028 999 Der
1047 937 1194 1000 vindictae

40 1037 99 1076 uon
120 1017 216 1076 minus
236 1037 321 1096 quarn
343 1017 429 1076 ludas
449 1015 675 1076 obstrinxerant.
716 1015 832 1088 Quodsi
852 1015 978 1096 pretinm
998 1014 1147 1096 sanguinis
1163 1017 1194 1076 in

39 1113 120 1154 sacro
141 1092 279 1153 thesauro
299 1094 461 1153 recondere
480 1091 563 1152 nefas
584 1102 661 1164 erat,
681 1113 733 1151 eur
774 1091 850 1152 otius
869 1091 953 1153 licuit
970 1091 1041 1152 inde
1059 1093 1194 1153 sumere?

40 1169 235 1248 nequeenim
257 1167 489 1248 uisiextempli
515 1166 716 1228 oblationibus
761 1168 845 1230 trites
871 1179 970 1242 erant,
994 1189 1051 1228 nee
1075 1167 1194 1229 aliunde

40 1260 185 1326 suurptum
206 1243 283 1320 erut,
311 1247 403 1325 quod⁴
416 1267 494 1304 nuuc
519 1257 659 1322 tanquam
672 1243 829 1324 ‘pollutum
849 1265 947 1306 rursus
964 1245 1088 1305 miscere
1108 1243 1194 1306 dubi-

41 1335 111 1383 tant.
151 1325 240 1384 Unde
260 1335 356 1383 autem
378 1322 504 1403 pollutio
517 1321 579 1380 uisi
599 1320 636 1380 ab
657 1319 746 1400 ipsis?
769 1322 867 1382 Porro
888 1341 949 1402 quo
967 1322 1061 1404 magis
1080 1322 1196 1382 snalla·

39 1399 110 1479 gitia
129 1411 234 1482 tegere
253 1410 399 1461 conantur
418 1397 510 1478 impii,
529 1418 566 1457 eo
586 1397 680 1478 magis
699 1399 735 1456 ad
752 1419 786 1458 ea
797 1397 973 1478 publicanda
984 1398 1118 1490 invigilat
1128 1397 1195 1458 Do-

38 1477 142 1536 minus.
188 1476 357 1557 Sperahant
385 1477 510 1536 honesto
540 1475 602 1534 inte
676 1486 747 1534 ento
776 1475 921 1555 sepultum
953 1474 990 1534 iri
1018 1493 1145 1550 crimen,
1170 1475 1195 1536 si

38 1573 138 1644 aprum
159 1554 288 1613 sterilem
309 1553 486 1632 sepeliendis
507 1551 616 1631 hospita
638 1573 671 1612 ns
691 1562 832 1612 emerent.
867 1552 959 1631 Atqui
983 1553 1042 1612 boc
1067 1553 1194 1612 admira-

38 1628 103 1690 brlis
123 1630 181 1688 Dei
201 1630 388 1710 prouidentia
407 1630 437 1688 in
456 1629 635 1688 eontrmium
655 1640 794 1688 eventum
814 1629 975 1702 convertit,
1000 1641 1124 1710 ubager
1143 1627 1196 1689 ille

57 1708 119 1766 uasi
138 1717 289 1766 aeternum
310 1705 480 1779 memoriale
501 1705 581 1765 soret
599 1706 661 1766 eius
680 1705 870 1786 proditionis,
889 1726 965 1784 quae
977 1705 1057 1786 prins
1070 1705 1195 1766 obseura

37 1727 142 1843 inerat.
181 1785 284 1863 Neque
305 1783 383 1842 enim
403 1803 514 1842 nornen
533 1781 588 1862 ipsi
608 1781 676 1843 loco
695 1781 876 1857 indiderunt,
894 1782 948 1842 sed
958 1794 1113 1872 postquam
1128 1781 1194 1842 vul-

36 1880 75 1940 go
97 1881 144 1918 res
165 1860 310 1932 innotuit,
335 1859 456 1940 publico
481 1879 627 1920 consensu
644 1869 773 1924 :vocatus
797 1869 842 1918 est
860 1877 932 1940 ager
956 1857 1007 1918 rlle
1030 1859 1195 1950 sanguinis:

37 1935 199 1996 acsiDeus
218 1937 336 1996 illorum
356 1936 499 2017 probrum
519 1935 647 1996 iussisset
664 1934 831 1996 volitarein
845 1935 975 1996 omnium
996 1935 1036 1996 lin
1079 1959 1111 1996 rs.
1138 1936 1194 1996 Se-

37 2013 183 2090 pulturam
204 2032 275 2073 vero
302 2011 465 2094 peregrinis
492 2033 595 2072 curare
614 2011 769 2092 plausibile
789 2011 861 2086 suit,
880 2013 904 2072 si
924 2033 998 2093 qnos
1018 1957 1194 2094 llibrosoly»

35 2111 101 2149 mae
120 2089 197 2148 mori
217 2089 416 2170 contingeret,
435 2090 487 2168 qui
506 2111 540 2149 ex
559 2089 730 2169 longinquis
742 2087 1107 2170 regionibnssacrilieandi
1123 2111 1193 2150 ean-

35 2187 63 2225 sa
84 2166 154 2226 illuc
175 2168 376 2228 ascenderant
416 2166 568 2239 Quoniam
592 2178 690 2224 autem
714 2185 782 2242 para
802 2175 866 2224 erat
886 2183 919 2224 ex
938 2164 1106 2239 Gentibus,
1130 2185 1194 2226 non

33 2242 185 2324 improbo,
206 2243 286 2332 quod
306 2252 419 2302 veteres
439 2241 556 2320 qnidam
575 2240 764 2317 scripserunt,
784 2239 987 2318 hnesymbolo
999 2241 1094 2302 datam
1106 2239 1195 2300 fuisse

22 2341 118 2398 ,spem
138 2318 238 2380 salutis
259 2317 418 2389 Gentibus,
437 2316 505 2396 quia
524 2316 555 2374 in
576 2315 674 2395 pretio
694 2313 796 2374 mortis
808 2313 919 2375 Christi
938 2314 1068 2376 inclusae
1089 2329 1195 2377 essent.

34 2395 95 2455 Sed
117 2394 185 2472 quia
206 2392 312 2451 subtile
332 2392 423 2471 magis
442 2411 529 2470 quam
550 2392 663 2451 firmum
684 2401 728 2452 est
748 2401 957 2465 commentum,
975 2391 1006 2450 in
1025 2393 1124 2453 medio
1144 2413 1193 2453 re-

32 2473 149 2550 linquo.
190 2471 305 2528 Nomen
340 2467 480 2529 Corhana
510 2467 690 2538 chaldaicum
721 2477 782 2543 est,
812 2465 969 2528 deductum
995 2487 1028 2528 ex
1053 2468 1194 2532 hebraico
1247 2519 1252 2526 ,

31 2567 117 2630 jauo,
138 2553 218 2614 cuius
238 2531 308 2618 alibi
329 2549 404 2612 sacta
424 2551 480 2611 suit
497 2552 621 2612 mentio.

89 2630 140 2708 ,9ss
163 2629 250 2688 Tuus
268 2627 473 2705 impletum'est
490 2643 540 2688 etc.
581 2625 745 2704 Quomodo
765 2627 909 2687 Ieremiae
929 2647 1038 2689 nomen
1050 2628 1193 2710 obrepse-

33 2709 83 2782 rit,
103 2727 152 2766 me
173 2705 285 2766 nescire
306 2707 412 2779 fateor,
432 2727 488 2765 nee
508 2705 591 2765 anxie
612 2703 732 2764 laboro:
753 2715 833 2764 certe
854 2703 996 2764 Ieremias
1016 2725 1126 2764 nomen
1146 2727 1195 2764 er»

33 2805 104 2843 rore
148 2784 253 2842 ositnm
274 2803 336 2842 esse
357 2802 412 2874 pro
431 2781 571 2842 Zacharia
591 2788 654 2860 (13,
673 2782 728 2857 7.),
746 2801 793 2841 res
812 2779 874 2861 ipsa
895 2781 1038 2842 ostendit:
1059 2780 1125 2860 qnia
1146 2782 1193 2841 ni-

32 2861 74 2920 hil
95 2805 156 2920 tale
176 2859 253 2939 apud
265 2861 417 2920 Ierenuam
431 2859 549 2942 legitur,
568 2858 615 2922 vel
635 2857 723 2918 etiam
764 2855 823 2918 uod
833 2859 963 2920 accedat.
1002 2856 1087 2918 Alter
1096 2869 1193 2918 autern

34 2937 84 2996 ille
106 2937 199 3010 locus,
218 2934 274 2998 nisi
295 2937 395 2998 dextre
414 2937 664 3010 accommodetur,
684 2933 715 2993 iu
735 2879 862 2996 alienum
875 2955 991 2996 sensum
1002 2933 1078 2994 male
1092 2935 1196 2995 detor-

34 3025 80 3073 tus
102 3013 196 3072 videri
215 3013 321 3092 possit:
341 3033 442 3073 verum
461 3013 485 3074 si
505 3013 636 3094 regulam
654 3023 801 3086 tenemus,
820 3032 907 3102 quam
926 3011 956 3070 in
978 3009 1093 3070 citanda
1114 3009 1194 3070 Scri-

34 3103 123 3169 ptura
143 3090 258 3170 sequuti
278 3101 346 3150 suut
365 3089 518 3169 Apostoli,
544 3089 667 3171 cognitu
692 3087 778 3148 sacile
799 3099 869 3162 eut,
889 3089 957 3168 apte
977 3087 1099 3152 Christo
1120 3107 1194 3147 eon-

33 3187 144 3248 gruere
177 3166 257 3246 qnod
284 3167 345 3227 illie
376 3166 509 3227 habetur,
553 3165 714 3244 Postquam
751 3175 930 3245 conquestus
965 3177 1010 3227 est
1034 3165 1196 3240 Dominus,

34 3266 124 3321 quam
146 3244 194 3302 diu
214 3243 244 3301 in
265 3245 398 3324 regendo
423 3243 538 3324 populo
562 3242 690 3321 pastoris
715 3239 818 3302 officio
841 3241 958 3302 functus
984 3254 1042 3316 est,
1066 3262 1098 3301 se
1117 3243 1195 3301 male

33 3341 157 3400 operam
179 3319 300 3393 locasse,
320 3319 418 3380 taedio
438 3341 468 3380 se
490 3331 519 3379 et
539 3318 672 3378 molestia
691 3318 759 3400 cogi
777 3318 858 3393 dicit,
877 3329 910 3377 nt
922 3317 1018 3378 labori
1030 3319 1193 3382 renuntiet:

32 3398 130 3456 lracto
152 3396 241 3478 igitur
283 3397 339 3456 edo
359 3417 391 3456 se
411 3395 534 3476 aroplius
555 3395 621 3455 lore
640 3406 789 3474 pastorem
807 3405 907 3476 negat.
945 3395 1053 3456 Postea
1067 3393 1196 3470 subiicit,

33 3495 126 3551 quum
147 3417 312 3534 mercediem
333 3473 473 3562 exigeret,
492 3472 548 3532 sibi
569 3473 652 3532 datos
671 3469 793 3554 triginta
809 3483 976 3552 argenteos.
997 3472 1115 3545 Quibus
1127 3491 1194 3532 rer-

33 3549 78 3608 bis
99 3544 254 3641 siguificat,
274 3571 335 3610 uon
356 3571 450 3609 nunus
470 3547 640 3616 sordide'se
660 3547 749 3607 luisse
768 3547 910 3623 habitum,
930 3569 1017 3628 qnam
1036 3548 1059 3606 si
1072 3545 1193 3630 ignobi-

33 3626 67 3685 lis
89 3625 235 3706 quispiam
255 3637 285 3686 et
303 3626 366 3685 vilis
387 3637 463 3686 esset
482 3625 643 3707 operarius.
681 3625 757 3682 Nam
777 3625 958 3686 ceremonias
978 3635 1007 3684 et
1023 3625 1125 3683 inanes
1144 3621 1193 3682 iu-

32 3725 102 3770 cos,
130 3703 234 3783 quibus
260 3703 321 3762 eius
341 3701 483 3763 beneficia
504 3701 668 3782 pensabant
687 3701 806 3777 ludaei,
831 3722 896 3762 com
921 3709 983 3762 arat
1001 3700 1123 3781 triginta
1143 3719 1192 3758 ar-

29 3781 158 3856 geuteis,
177 3791 314 3860 tauquam
336 3779 482 3860 indiguae·
495 3791 525 3840 et
545 3779 699 3870 pudendae
720 3775 841 3838 bubulci
859 3723 917 3838 vei
927 3777 1040 3858 opificis
1050 3776 1192 3836 mercedi:

32 3858 103 3915 ideo
125 3856 206 3914 iubet
225 3855 332 3936 proiici
350 3855 386 3914 ad
408 3856 528 3991 liqulum
549 3853 727 3944 intemplo,
746 3855 804 3914 acsi
826 3855 952 3929 diceret,
971 3853 1038 3911 Hoc
1058 3851 1191 3943 praeela-

32 3955 100 3990 t'ttnt
121 3955 203 3990 suuln
223 3955 342 4006 mullus,
363 3953 422 4011 quo

31 4031 122 4086 quam
143 3999 355 4083 contumeliose
381 4009 524 4084 ollertnr,
549 4004 649 4087 potius
666 4009 703 4068 ad
722 4007 861 4068 emendas
881 4005 995 4088 tegulas
1018 4004 1065 4064 vel
1086 4003 1192 4065 lateres

30 4085 223 4164 impendant,
244 4087 347 4166 quibus
368 4086 503 4146 reficiant
522 4084 626 4176 templi
645 4084 741 4144 rimas.
781 4085 843 4144 Iam
864 4102 924 4162 quo
945 4081 1052 4142 certius
1072 4093 1191 4142 consta-

30 4176 97 4236 ret,
118 4159 267 4222 Christum
292 4183 354 4223 esse
378 4163 475 4222 Deum
501 4171 695 4234 exercituum,
720 4163 750 4221 in
777 4179 863 4239 quem
891 4158 1018 4240 populns
1043 4155 1080 4217 ab
1106 4157 1193 4218 initio

31 4237 182 4319 malignus
204 4239 300 4298 iuerat
319 4253 349 4299 et
368 4239 513 4320 ingratus:
534 4237 585 4297 ubi
607 4238 637 4298 in
658 4256 746 4298 carne
789 4236 930 4296 ateiaetus
949 4246 1004 4307 est,
1025 4233 1193 4316 quodlign-

31 4327 100 4373 rate
126 4315 206 4393 prius
233 4316 340 4375 dictum
367 4317 479 4387 furerat,
504 4334 536 4374 re
556 4314 618 4393 ipsa
638 4325 670 4374 et
688 4258 796 4376 visibili
820 4312 962 4373 modain
985 4313 1046 4372 eins
1065 4331 1193 4391 persona

28 4389 149 4470 impleri
170 4393 312 4470 oportuit.
344 4395 425 4474 lirgo
447 4391 664 4472 quum-malitia
685 4411 786 4452 eornm
808 4401 926 4451 coaetus
942 4389 998 4450 illis
1007 4389 1195 4460 valediceret,

462 3931 534 3992 mihi
553 3952 615 3990 non
637 3953 731 4001 urruns
751 3931 928 4012 probrosum
951 3939 1026 3990 esset
1044 3949 1193 4007 accipere,
1296 3993 1302 4003 ,
