2790 4838
116 249 119 258 ι
173 201 257 282 ane
508 205 662 274 secuto
684 207 753 270 vn.
792 207 984 268 mucuns.
1042 225 1047 244 ¹

176 377 303 428 reret
343 364 426 442 Quid
445 365 493 438 sit,
511 363 632 425 Docere
651 381 717 424 curo
737 371 901 444 potestate,
921 372 953 422 et
971 357 1057 422 aliter
1077 375 1163 440 qnam
1185 357 1322 422 Scribae

177 463 211 504 to
224 454 308 520 eant,
327 462 414 524 snpra
436 439 565 522 exposui.

456 771 694 861 SECTIO
740 771 831 860 VH.
869 789 1035 866 <to—ea.)

590 955 936 1040 urnncuns,

220 1105 303 1189 (70.)
344 1101 514 1174 ΜΑΤΤΗ.
547 1104 634 1170 v111.
698 1108 728 1170 1.
765 1102 874 1189 Quum
908 1114 1013 1169 eutem
1043 1102 1267 1170 descendisset
1295 1123 1318 1168 e

177 1221 297 1286 monte,
318 1217 474 1295 sequutae
494 1216 568 1272 sunt
590 1226 662 1270 eum
686 1203 800 1271 turbae
822 1203 950 1270 multae.
991 1206 1021 1270 2.
1044 1205 1086 1271 Et
1105 1225 1182 1269 ecoe
1204 1201 1319 1289 lepro-

176 1301 232 1378 'sus
253 1307 412 1374 accedens
433 1306 581 1372 adoravit
603 1326 691 1384 eum,
720 1305 846 1384 dicens,
873 1304 1029 1382 Domine,
1056 1308 1084 1370 ei
1102 1305 1198 1382 velis,
1218 1313 1319 1390 potes

178 1431 230 1478 me
251 1409 416 1478 mundare.
456 1397 495 1474 3.'
513 1407 736 1492 Proteusaquc
763 1427 860 1472 mauu
886 1406 989 1490 tetigit
1010 1403 1099 1472 ilium
1122 1407 1229 1482 Iesus,
1267 1404 1320 1470 di·

179 1533 272 1594 cens,
303 1509 407 1586 Volo,
438 1506 576 1573 mrmdus
604 1517 690 1572 esto:
721 1527 758 1570 ac
784 1508 932 1593 protinus
958 1503 1111 1570 mundato
1139 1505 1198 1571 iuit
1225 1504 1319 1572 iilius

178 1611 281 1700 lepre.
321 1611 353 1676 4.
373 1609 415 1674 Et
435 1606 513 1673 dicit
534 1603 584 1670 ilii
605 1606 711 1682 Iesus,
742 1605 845 1684 Vide,
872 1627 915 1671 nc
937 1607 990 1670 cui
1013 1603 1144 1672 dixeris:
1169 1603 1230 1671 sed
1251 1603 1320 1683 abi,

180 1711 317 1780 ostende
339 1719 371 1776 te
392 1710 496 1794 ipsum
518 1705 696 1786 Sacerdoti,
718 1716 750 1772 et
771 1706 857 1774 oiier
877 1727 1002 1786 munus,
1022 1705 1112 1793 quod
1133 1708 1224 1772 iussit
1240 1705 1319 1772 Mu-

116 1797 124 1812 ⁴
180 1833 248 1891 ses,
267 1813 301 1876 in
323 1809 541 1876 testimonium
563 1803 636 1870 illis.
666 1865 674 1876 ,

264 1959 403 2026 ΜΑΒΟ.
434 1959 457 2023 i.
498 1957 549 2022 40.
580 1958 620 2022 Et
655 1958 747 2022 venit
776 1954 817 2022 ad
850 1977 923 2021 eum
955 1956 1104 2042 leprosus
1134 1956 1319 2043 deprecans

183 2084 270 2143 eum,
290 2062 386 2146 eique
407 2058 448 2124 ad
471 2079 575 2144 genua
598 2056 765 2135 accidens,
788 2079 826 2122 ac
848 2055 960 2123 dicens
982 2057 1107 2135 1111,Ἐί
1130 2060 1194 2133 vis,
1219 2067 1320 2141 potes

181 2183 233 2227 me
254 2159 419 2228 mundare.
458 2159 513 2224 41.
542 2159 631 2224 iesus
659 2168 764 2224 autem
785 2159 932 2222 misertus
954 2171 1106 2244 protensa
1128 2177 1223 2222 manu
1245 2159 1322 2222 teti-

182 2264 228 2348 git
247 2260 346 2339 illum,
369 2270 401 2325 et
423 2259 502 2324 dixit
524 2261 563 2339 ei,
583 2258 682 2336 Volo,
704 2255 841 2325 mundus
863 2269 944 2324 esto.
975 2259 1025 2322 42.
1038 2260 1078 2324 Et
1101 2280 1199 2345 quum
1220 2257 1322 2324 dixis-

183 2371 249 2440 set,
280 2362 384 2427 statim
410 2361 557 2426 discessit
584 2358 626 2425 eb
653 2381 694 2425 eo
717 2357 824 2445 lepra,
855 2371 887 2424 et
908 2359 1078 2425 mundatus
1100 2369 1176 2424 est*
1196 2359 1249 2422 43.
1277 2358 1322 2424 Et

169 2464 393 2527 ‘comminatus
419 2465 451 2528 ei
478 2463 583 2528 stetim
612 2461 715 2526 emisit
742 2459 847 2537 illum,
888 2459 940 2524 44.
967 2459 1120 2547 Dixitque
1141 2461 1187 2536 ei,
1218 2458 1322 2538 Vide,

182 2564 305 2630 nemini
326 2565 496 2648 quicquam
519 2562 622 2629 dicas:
642 2560 702 2627 sed
724 2559 785 2637 abi,
808 2570 839 2626 te
861 2562 963 2646 ipsum
986 2560 1122 2627 ostende
1138 2559 1323 2640 Sacerdoti,

185 2674 218 2729 et
238 2662 324 2729 oiier
344 2684 404 2747 pro
428 2661 657 2735 emundatione
679 2665 739 2738 tui,
765 2681 849 2746 quae
870 2666 1036 2748 praecepit
1056 2663 1183 2738 Moses,
1216 2663 1252 2724 in
1272 2671 1323 2752 te-

183 2753 367 2830 ritimonium
388 2761 461 2828 iiiia.
504 2763 555 2828 45.
577 2759 617 2825 At
637 2758 695 2824 ille
711 2781 856 2846 egressus
869 2765 977 2847 coepit
998 2761 1187 2848 praedicare
1209 2761 1323 2839 multe,

186 2875 219 2929 et
241 2861 407 2949 divulgare
429 2883 627 2938 sermonem,
668 2863 711 2924 ita
737 2871 772 2926 ut
796 2864 860 2928 iam
886 2885 953 2929 non
980 2875 1090 2948 posset
1110 2860 1199 2930 lesds
1220 2863 1324 2927 mani·

185 2965 268 3030 feste
288 2961 423 3029 introire
445 2965 478 3029 in
500 2966 659 3040 civitates,
685 2960 744 3027 sed
765 2961 845 3030 foris
865 2966 900 3030 in
922 2963 1058 3029 desertis
1078 2961 1160 3029 locis
1181 2973 1266 3028 erat:
1287 2971 1323 3028 et

186 3061 364 3130 veniebant
386 3063 426 3129 ad
449 3085 521 3128 enm
544 3061 696 3150 undiquc.

270 3213 372 3281 LUC.
394 3216 435 3279 V.
478 3215 527 3281 12.
552 3215 594 3279 Et
620 3215 753 3294 accidit,
792 3236 888 3303 quum
917 3227 1002 3282 esset
1029 3218 1061 3281 in
1084 3212 1223 3303 quadem
1245 3216 1324 3280 civi-

186 3323 266 3393 tate,
302 3303 380 3380 ecce
406 3317 456 3378 vir
482 3315 598 3401 plenus
619 3315 727 3402 lepra:
758 3337 921 3402 quumque
941 3316 1074 3383 vidisset
1095 3318 1216 3394 Iesum,
1246 3339 1323 3402 pro-

186 3426 303 3481 stratus
318 3417 351 3481 in
373 3415 486 3481 taciem
508 3439 596 3482 suam
617 3421 742 3501 rogavit
763 3419 878 3494 iesum,
899 3416 1020 3494 dicens,
1043 3417 1193 3495 Domine,
1215 3419 1243 3482 si
1264 3419 1323 3495 vis,

187 3526 282 3604 potes
301 3537 353 3584 me
374 3516 538 3594 mundare.
581 3519 630 3583 13.
661 3519 703 3583 Et
734 3527 885 3606 protensa
906 3525 1003 3581 manu
1023 3519 1126 3603 tetigit
1146 3536 1236 3596 eum,
1274 3515 1325 3581 di-

189 3639 281 3697 eeus,
311 3615 415 3697 Volo,
446 3617 584 3684 mundus
612 3629 696 3684 esto:
727 3629 758 3684 et
791 3617 959 3684 confestim
986 3615 1078 3705 lepra
1105 3616 1252 3683 discessit
1279 3617 1323 3682 ab

54 3796 59 3805 Ι
187 3715 257 3784 iilo.
300 3717 348 3782 14.
375 3717 417 3784 Et
442 3721 513 3805 ipse
540 3722 708 3805 praecepit
733 3715 796 3795 illi,
830 3741 874 3785 ne
909 3722 1057 3805 cuiquam
1085 3718 1225 3796 diceret,
1261 3717 1325 3784 sed

188 3815 293 3898 Vade,
313 3821 426 3905 inquit,
447 3819 584 3884 ostende
608 3823 755 3905 teipsum
769 3818 946 3896 Sacerdoti,
967 3830 999 3884 ct
1020 3819 1107 3884 offer
1126 3840 1188 3905 pro
1210 3839 1325 3886 emun-

190 3916 322 3984 datione
344 3921 399 3995 tui,
421 3917 690 4005 quemadmodum
715 3925 881 4006 praecepit
902 3921 1030 3997 Moses,
1049 3924 1082 3984 in
1104 3922 1325 4012 testimonium

188 4018 263 4086 iliis.
305 4020 354 4084 15.
375 4017 615 4104 Pervagabatur
636 4031 741 4084 autem
763 4023 861 4106 magis
882 4023 992 4086 rumor
1019 4021 1060 4087 de
1081 4020 1157 4099 ilio,
1190 4032 1224 4086 et
1244 4043 1326 4087 con·

110 4106 114 4116 ’
190 4118 365 4184 veniebant
380 4118 499 4185 turbae
520 4119 648 4196 multae,
669 4131 704 4186 ut
726 4141 799 4186 eum
822 4118 979 4196 audirent,
1001 4131 1033 4185 ct
1053 4133 1244 4200 sanarentur
1265 4144 1327 4209 per

119 4253 122 4262 =
189 4217 280 4282 illum
302 4217 342 4284 ab
363 4219 599 4285 infirmitatibus
626 4223 702 4286 suis·
744 4223 793 4288 16.
824 4223 897 4307 Ipse
924 4231 1029 4288 autem
1051 4243 1213 4290 secessum
1236 4221 1327 4289 cole·

189 4313 246 4384 bat
270 4320 304 4406 in
326 4317 474 4400 desertis,
502 4331 536 4386 et
556 4318 678 4386 orabat.
