2766 4834
295 254 310 293 ”’
364 275 515 352 (ffl-ffl.
538 269 668 334 Ioannes
689 271 886 354 praedicam.)
957 307 960 314 »
1159 281 1199 347 95

66 425 142 484 Unde
160 423 238 484 colli
265 424 355 501 imus,
375 397 484 504 quauta
504 425 593 486 inerit
612 425 706 486 lamae
726 425 788 518 eins
808 407 975 501 celebritas,
992 426 1040 488 vel
1059 424 1199 508 quiallisi

14 566 15 575 χ
64 501 209 562 consilium
246 503 313 578 uit,
341 523 442 564 rarum
465 503 559 562 ineo
583 499 760 584 lrugalitatrs
781 503 929 584 exemplar
953 525 1137 584 proponere,
1165 523 1199 574 ut

14 592 15 603 ¹
63 581 110 638 boc
126 578 224 638 modo
236 579 374 640 Iudaeos
392 578 523 639 alliceret
542 579 578 639 ad
598 579 750 640 doctrinae
770 579 831 640 eins
851 581 1055 656 reverentiam,
1075 583 1121 642 vel
1140 586 1198 644 sal.
1297 616 1299 624 ‚

15 656 16 678 ¹
63 667 109 713 tem
136 656 167 714 in
230 655 372 715 titudinis
405 654 611 730 convinceret,
648 657 808 716 secuudum
837 655 910 715 illud
937 655 1048 718 Christi
1078 659 1198 739 dictum,
1308 715 1315 722 .

61 732 140 791 Venit
178 753 306 793 oannes
325 753 390 792 non
410 731 500 792 edens
519 749 616 812 neque
635 731 755 806 bibens,
775 744 831 792 eto.
855 733 942 810 (Luc.
962 741 998 808 7,
1016 737 1090 814 titt).
1173 781 1175 784 -

123 809 292 876 stactus
336 810 430 870 illarc.
450 815 478 874 5.
516 807 752 886 Baptiaobnatui·
779 805 944 890 confitenrei
963 827 1090 886 peccans.
1134 816 1196 878 Te.

60 885 227 945 stimonium
256 886 465 966 poenitentiae
488 886 640 946 fuit-baec
661 887 823 958 confessi03
854 907 920 947 nam
944 887 1030 948 sicuti
1049 890 1196 954 Dominus

59 963 83 1020 iu
99 964 304 1023 sacramentis
329 983 361 1022 se
388 963 470 1042 quasi
497 965 565 1023 dato
586 963 784 1046 chirographo
808 962 896 1024 nobis
922 965 1049 1048 obligat,
1081 966 1120 1027 ita
1141 963 1196 1032 mis
1244 1005 1250 1024 .

10 1031 11 1098 l
59 1059 168 1130 qouque
182 1040 324 1100 vicissim
344 1037 389 1100 illi
408 1039 588 1120 respondere
609 1059 662 1118 par
681 1049 734 1098 est.
773 1039 808 1098 ln
824 1039 975 1120 Baptismo
996 1054 1127 1119 testatur,
1147 1069 1195 1106 re-

10 1137 11 1170 u
58 1116 122 1175 nitu
142 1116 243 1178 nobis
264 1127 408 1208 peccata,
436 1135 550 1195 uosque
570 1115 606 1176 ad
626 1116 839 1196 poeniteutiam
859 1117 971 1176 invitat.
1009 1119 1092 1203 Ergo
1112 1135 1145 1181 ut
1163 1145 1196 1184 se

57 1192 104 1252 rite
124 1193 162 1254 ad
184 1193 376 1276 baptrsmum
398 1191 682 1273 oilerantboruines,
702 1201 890 1273 peccatorum
911 1194 1059 1256 consessio
1080 1197 1195 1262 abillis
1275 1217 1285 1228 ·

10 1293 11 1302 ¹
58 1269 231 1347 requiritur:
278 1267 390 1350 alioqui
421 1269 494 1330 nihil
566 1291 610 1328 arn
636 1269 724 1328 inane
751 1280 827 1328 esset
852 1268 994 1330 ludicrum
1018 1283 1081 1333 tota
1106 1278 1194 1337 actio.

57 1345 144 1406 Porro
165 1345 343 1406 notandum
364 1357 424 1422 est,
453 1345 525 1418 de'a
547 1346 614 1408 ultis
634 1345 682 1404 bic
702 1343 792 1404 verba
812 1345 889 1418 fieri,
914 1365 988 1422 quos
1006 1349 1112 1409 scimus
1132 1373 1194 1414 nou

57 1423 225 1500 promiscue
248 1422 283 1482 iu
303 1421 467 1482 Ecclesiam
478 1417 551 1484 esse
571 1421 778 1514 admittendos,
796 1441 852 1480 uec
872 1420 1017 1500 baptismo
1036 1425 1196 1491 initiandos

59 1517 110 1558 csse
134 1499 168 1559 iu
192 1497 316 1562 Christi
343 1517 467 1579 corpus,
496 1499 552 1560 uisi
577 1497 708 1559 examine
754 1519 812 1558 nus
836 1496 947 1560 habito.
986 1499 1076 1560 Unde
1121 1504 1196 1568 alam

59 1574 93 1648 it,
111 1597 205 1656 quam
226 1575 350 1638 ridiculi
370 1575 430 1635 sint
449 1575 600 1657 Papistae,
622 1574 690 1634 dum
711 1517 753 1634 ad.
765 1573 983 1634 consessionem
1003 1523 1195 1643 auricularem

58 1651 106 1710 boc
125 1655 335 1733 detorquent:
370 1673 467 1733 neque
493 1653 570 1712 enim
595 1652 717 1712 aderant
737 1649 882 1724 sacrifici,
912 1651 942 1710 in
963 1673 1089 1732 quorum
1110 1678 1195 1720 aures

59 1726 222 1790 clanculum
244 1729 357 1812 singuli
376 1729 560 1790 insusurrant
577 1751 628 1790 aua
647 1739 779 1809 peccata,
798 1747 854 1788 nec
866 1729 903 1789 dc
914 1729 1050 1790 omuibus
1067 1737 1195 1812 peccatis

61 1803 88 1862 u
104 1809 242 1881 mentio,
273 1829 334 1868 nec
357 1806 465 1867 dieitur
490 1807 616 1866 Ioannes
642 1807 822 1866 ordinarium
849 1805 1010 1866 confitendi
1030 1809 1117 1870 ritum
1135 1815 1194 1876 suis

61 1880 207 1963 discipulis
228 1884 396 1942 mandasse.
435 1883 499 1941 Imo
519 1893 553 1942 ut
572 1881 696 1962 Papistis
716 1883 816 1942 demus
837 1883 917 1962 qnod
937 1883 1102 1962 postulant,
1122 1889 1194 1951 solis

61 1961 278 2020 catechumenis
297 1959 422 2040 propria
442 1960 505 2038 erit¹
518 1959 679 2032 confessio,
709 1970 777 2040 post
801 1958 974 2039 baptismum
1001 1979 1074 2022 vero
1095 1965 1193 2028 locum

62 2055 114 2096 uon
135 2037 274 2098 babebit
314 2035 408 2096 Certe
429 2047 532 2097 contra
551 2034 671 2096 loannis
691 2036 854 2118 exemplum
874 2037 1037 2110 confitendi
1058 2040 1156 2126 legem
1176 2065 1193 2106 a

61 2109 205 2194 baptismo
226 2113 444 2196 praescribunt.

96 2277 180 2356 (R)
217 2275 397 2343 ΜΑΤΤΗ.
423 2275 477 2343 lll.
524 2277 553 2340 7.
579 2271 823 2364 Quum-autem
848 2275 983 2340 vidisset
1007 2276 1126 2344 multos
1155 2299 1193 2343 cx

63 2375 240 2446 Pharisaeis
261 2389 294 2444 ct
310 2375 511 2442 Sadducacis
526 2380 695 2444 venientes
717 2375 759 2440 ad
780 2374 971 2462 baptismum
992 2399 1094 2456 suum,
1115 2377 1194 2447 dixit
1209 2385 1227 2410 ²

62 2475 127 2556 illis,
147 2481 333 2564 Progenies
353 2480 543 2563 viperarum,
565 2471 636 2564 quii
655 2475 751 2541 vobis
771 2473 1029 2555 submonstravit,
1050 2488 1086 2542 ut
1104 2477 1194 2562 lugo-

63 2582 131 2646 retis
158 2603 177 2646 a
208 2589 347 2645 ventura
374 2581 440 2643 ira?
480 2579 510 2644 8.
538 2579 646 2644 Facite
674 2579 769 2660 igitur
795 2574 917 2638 fructus
944 2574 1059 2660 dignos
1079 2581 1194 2660 poeui-

62 2683 163 2746 tentia.
207 2682 240 2745 9.
268 2681 312 2746 Et
332 2701 374 2744 ne
397 2681 543 2764 cogitetis
565 2677 730 2771 dicerem
752 2672 861 2749 vobis,
889 2673 1015 2740 Patrem
1036 2673 1193 2744 babemus

63 2779 237 2846 Abrabam:
270 2780 347 2847 dico
369 2777 582 2859 enimvobis,
615 2776 704 2866 quod
732 2779 832 2864 possit
854 2773 946 2840 Deus
971 2777 1127 2840 suscitare
1151 2792 1193 2842 ex

62 2879 221 2967 lapidibus
249 2882 299 2948 bis
324 2881 413 2946 filios
441 2879 632 2947 Abrahamo.
675 2877 723 2944 10.
750 2879 814 2940 lam
842 2897 934 2975 vero⁸
950 2885 990 2939 et'
1007 2878 1130 2940 securis
1150 2875 1192 2942 ad

63 2986 200 3050 radicem
222 2981 376 3048 arborum
403 2982 507 3068 posita
539 2993 601 3044 cst:
632 2983 736 3044 omnis
757 2981 852 3064 igitur
871 2974 986 3052 arbor,
1018 2997 1101 3064 quae
1123 2997 1191 3044 non

64 3083 133 3149 lacit
154 3085 297 3149 fructum
319 3081 455 3158 bonum,
477 3080 633 3146 exciditur
653 3083 739 3147 etin
761 3083 866 3162 iguem
888 3079 1029 3142 mittitur.

100 3193 202 3260 LUC.
223 3193 279 3257 lll.
321 3193 350 3256 7.
377 3189 516 3256 Dicebat
542 3209 620 3274 ergo
647 3188 688 3253 ad
715 3185 838 3265 turbas,
875 3206 957 3273 quse
981 3184 1123 3265 exibant,
1154 3197 1190 3252 ut

64 3289 304 3380 baptizarentur
332 3289 374 3356 ab
401 3295 488 3379 ipso,
517 3289 696 3375 Progenies
715 3285 915 3374 viperarum,
946 3290 1018 3374 quis
1038 3287 1201 3373 submon7

66 3397 169 3460 stravit
195 3393 305 3482 vobis,
340 3402 389 3456 ut·
409 3392 563 3476 lugeretis
591 3411 608 3453 a
634 3399 770 3454 ventura
803 3389 870 3452 irai
910 3388 940 3452 s
971 3387 1084 3456 Facite
1112 3411 1190 3474 ergo

66 3493 181 3565 fructus
201 3494 320 3579 dignos
340 3493 546 3578 poenitentia.
588 3491 630 3556 Et
651 3511 694 3554 ne
716 3489 888 3574 coeperitis
901 3485 1011 3554 dicere
1032 3494 1065 3554 iu
1086 3489 1191 3567 vobis,

65 3593 365 3662 Patrembabemus
385 3590 563 3664 Abrabam:
586 3591 659 3656 dioo
681 3594 766 3654 euim
788 3586 891 3668 vobis,
912 3599 1018 3678 potest
1038 3590 1131 3656 Deus
1152 3611 1191 3654 ex

65 3693 224 3782 lapidibus
257 3695 327 3758 istis
354 3695 506 3758 suscitare
536 3691 624 3758 filios
655 3689 849 3756 Abrahamo.
890 3694 921 3756 9.
951 3691 1017 3756 lam
1045 3711 1125 3755 vero
1157 3700 1190 3756 et

64 3799 176 3864 securis
205 3795 248 3860 sd
275 3793 416 3860 radicem
445 3791 595 3858 arborum
621 3793 725 3877 posits
747 3803 808 3856 est:
850 3791 953 3856 omnis
974 3809 1052 3875 ergo
1079 3787 1189 3868 arbor,

66 3920 141 3984 quae
161 3896 332 3988 uoulacit
353 3895 490 3960 fructum
511 3893 632 3960 bonnm
656 3889 825 3967 exciditur,
851 3900 883 3954 et
902 3892 937 3954 iu
958 3891 1063 3976 ignem
1086 3894 1187 3955 conii-

66 4002 148 4066 citur.
191 3999 243 4062 1⁰.
264 3998 308 4062 Et
327 3992 570 4079 interrogabant
588 4015 661 4058 eum
678 3991 802 4069 turbae,
823 3989 976 4068 dincmes,
989 3987 1089 4074 Quid
1110 4011 1189 4076 ergo

66 4097 232 4164 iaciemus?
275 4098 326 4162 11.
348 4096 566 4186 Respondeas
587 4093 783 4158 autemdicit
803 4089 966 4174 ittis‚·Qoi
987 4087 1086 4155 babet
1106 4089 1187 4177 duas

65 4205 196 4279 tunicas,
228 4199 390 4284 impertiat
410 4219 477 4264 nou
498 4195 640 4272 babenti,
663 4204 695 4259 et
716 4195 771 4279 qui
793 4191 892 4256 habet
913 4211 1017 4269 escas,
1041 4189 1188 4256 similiter

63 4299 159 4368 iaciat.
203 4300 255 4365 12.
283 4299 455 4366 Venerunt
478 4309 583 4367 autem
609 4303 641 4360 et
666 4293 845 4382 publicani,
872 4301 909 4356 ut
934 4289 1187 4378 baptizarentur,

66 4403 264 4470 eduorum
285 4398 328 4467 ad
348 4397 455 4480 illum,
486 4399 657 4484 Magister,
682 4393 761 4480 qiud
782 4393 955 4460 iaciemus?
970 4437 978 4460 .
996 4392 1044 4458 13.
1068 4393 1111 4456 At
1131 4389 1188 4455 ille
