2756 4838
155 186 162 197 Χ
280 190 447 295 (tel-tit.
486 203 665 300 llrrogantia
691 219 793 282 lacobi
820 231 849 281 et
868 221 1013 302 loannis.)
1175 229 1232 294 177

83 377 189 428 eteret.
223 365 271 428 Ah
292 367 362 448 ipsis
381 380 478 430 autem
494 370 662 451 proiectum
677 391 740 432 esse
759 384 860 434 votum
879 373 948 434 hinc
969 374 1128 456 colligitur,
1148 379 1227 456 quud

63 389 198 506 libristus
220 441 287 518 illis,
307 464 369 504 non
389 446 475 525 matri
494 447 657 527 respondit.
687 447 805 510 Deinde
826 452 905 529 quud
925 462 1019 511 mater
1029 449 1151 530 supplex
1170 453 1223 514 ali-

61 520 130 600 quid
149 541 183 579 se
204 519 283 580 velle
304 533 406 612 petere
427 523 566 598 ostendit,
585 535 741 604 autequam
754 525 888 604 prolerat
900 529 980 606 quod
999 527 1090 587 habet
1109 527 1138 586 in
1160 529 1223 587 ani-

63 615 120 671 uao,
141 608 172 656 et
193 595 360 676 ipsietsam
379 600 458 679 apud
477 599 608 660 Marcum
628 600 657 659 in
678 621 788 694 genere
808 603 1001 682 stipulantur,
1027 603 1151 664 concedi
1170 603 1226 664 sibi

62 672 204 762 quicquid
226 673 378 754 petierint:
403 675 479 736 haee
505 675 606 738 timida
635 677 794 740 insinuatio
814 679 890 740 male
909 678 965 739 sihi
985 679 1118 742 conscios
1138 680 1226 743 brisse

60 761 139 809 testis
160 759 217 809 est.

134 825 244 885 Matth.
264 833 312 891 21.
350 827 390 886 In
515 843 574 890 tuo.
614 829 681 888 Hoc
702 829 732 889 iu
753 831 818 890 filiis
829 831 976 892 Zebedaei
995 831 1080 892 laude
1102 833 1222 916 dignum

62 900 124 976 luit,
143 923 270 982 sperare
291 903 409 982 aliquod
461 904 542 966 bristi
562 925 696 988 regnum,
717 908 797 966 cuius
810 929 847 968 ne
857 909 975 968 minima
989 908 1106 989 quidem
1121 911 1223 970 umbra

61 989 130 1038 tuuc
156 999 173 1038 a
199 980 333 1060 parebat.
380 981 493 1042 Vident
510 981 563 1041 suh
584 982 711 1076 ignobili
729 985 804 1043 servi
830 985 932 1044 habitu
958 985 1223 1065 contemptibilem,

62 1053 118 1114 imo
138 999 248 1115 vident
267 1056 377 1117 mundo
388 1060 510 1118 sordere
525 1058 679 1136 multisque
698 1059 815 1139 probris
826 1061 1003 1121 subiectum:
1023 1060 1106 1122 brevi
1125 1075 1225 1145 tamen

60 1131 252 1214 magnifieum
273 1133 339 1194 lore
359 1154 459 1216 regem
479 1133 535 1193 sibi
554 1135 743 1213 persuadent,
763 1137 830 1216 quia
849 1138 891 1198 sic
905 1137 1054 1198 docuerat.
1086 1137 1223 1199 Praecla-

60 1231 121 1268 rum
143 1220 229 1270 certe
250 1209 318 1270 bdei
339 1229 419 1270 exem
443 1212 512 1288 lum,
531 1211 583 1270 sed
603 1210 670 1270 hinc
691 1213 890 1290 perspicimus,
910 1235 996 1294 quam
1013 1211 1098 1274 facile
1118 1237 1225 1294 purum

60 1305 169 1358 semen,
190 1285 314 1345 simulac
334 1231 472 1347 cordibus
484 1287 591 1347 nostris
608 1287 727 1346 insitum
745 1300 797 1362 est,
817 1290 978 1372 degeneret
990 1290 1020 1348 in
1033 1290 1225 1370 corruptelas,

61 1362 124 1440 quia
145 1361 307 1422 umbratile
327 1362 384 1424 sibi
403 1383 528 1445 regnum
547 1363 698 1446 imaginati
719 1377 802 1440 sunt,
822 1377 852 1424 et
871 1387 939 1425 mox
958 1366 994 1425 ad
1014 1365 1120 1443 primas
1140 1367 1224 1428 sedes

58 1440 241 1517 appetendas
262 1439 350 1499 stulte
371 1439 491 1521 delapsi.
530 1441 613 1499 Ero
640 1460 729 1519 quurn
755 1461 789 1501 ex
814 1441 947 1523 generali
971 1440 1039 1500 fidei
1065 1442 1224 1533 principio,

60 1515 139 1593 quod
154 1535 217 1651 per
237 1536 269 1575 se
290 1535 351 1576 nou
374 1537 475 1607 parurn
495 1459 642 1576 laudabile
663 1528 736 1590 erat,
755 1518 871 1577 fluxerit
888 1517 961 1578 haec
974 1513 1225 1598 pravacupiditas,

59 1612 92 1650 ro
114 1612 151 1650 an
174 1613 209 1651 us
229 1601 277 1652 est
294 1592 441 1652 Dominus
461 1614 522 1652 uon
543 1603 671 1666 tautum,
695 1605 728 1652 ut
748 1593 835 1654 nobis
855 1594 967 1674 aperiat
986 1593 1090 1654 mentis
1111 1594 1225 1670 oculos,

57 1611 114 1727 sed
126 1669 218 1729 etiam
226 1678 283 1760 ,ut
292 1680 440 1748 perpetuo
460 1669 577 1751 dirigat,
596 1680 755 1748 teneatque
767 1670 896 1730 intentos
913 1671 949 1732 nd
961 1681 1073 1731 rectum
1092 1691 1222 1750 scopum.

58 1742 220 1825 Rogandus
243 1755 331 1804 etnam
351 1766 412 1805 non
432 1747 540 1820 modo,
568 1755 601 1804 ut
626 1745 713 1805 hdem
733 1746 820 1806 nohis
840 1746 979 1827 inspiret,
998 1746 1050 1807 sed
1069 1757 1103 1806 ut
1121 1768 1223 1826 puram
1311 1777 1323 1800 ·

59 1834 217 1882 conservet
239 1821 275 1880 ub
297 1821 378 1882 omui
397 1823 527 1881 mixtura.

129 1903 179 1961 22.
222 1898 358 1972 Nescitis,
376 1897 449 1978 quid
460 1901 575 1974 puetis.
615 1897 735 1979 Duplici
755 1899 876 1958 nomine
901 1899 1065 1960 damnanda
1090 1899 1145 1960 luit
1170 1921 1222 1960 eo-

61 1993 121 2032 rum
141 1973 277 2044 inscitia:
298 1975 422 2054 primum
439 1975 519 2056 quod
534 1973 687 2035 ambitiose
700 1987 875 2057 appeterent
893 1976 958 2055 plus
979 1997 1065 2055 quam
1085 1976 1223 2036 decebat:

60 2048 165 2109 deinde
186 2052 270 2132 quod
291 2072 346 2131 pro
367 2052 487 2112 coelesti
502 2050 612 2112 Christi
632 2071 727 2144 reguo
746 2059 863 2112 aereum
885 2052 1054 2132 phantasma
1073 2051 1223 2132 concepe-

61 2138 131 2185 rant
164 2126 263 2202 Quod
282 2127 317 2186 ad
336 2128 462 2207 primurn
481 2139 606 2206 spectat,
625 2129 754 2207 quisquis
772 2128 897 2210 gratuita
910 2129 967 2187 Dei
983 2128 1144 2216 adoptione
1161 2149 1223 2189 nou

60 2213 217 2264 contentus
230 2203 360 2262 eminere
371 2204 496 2283 appetit,
515 2208 594 2261 extr'a
606 2216 696 2264 metas
716 2205 780 2264 suas
792 2215 924 2284 vagatur,
944 2223 1033 2281 seque
1053 2223 1092 2260 rm
1116 2216 1221 2264 ortuue

63 2277 204 2360 ingerens
224 2279 300 2338 ultra
321 2299 407 2358 quam
428 2277 561 2350 decebat,
580 2279 711 2359 ingratus
725 2290 769 2338 est
784 2278 862 2339 Deo.
899 2281 961 2338 lam
973 2223 1122 2357 spirituale
1134 2277 1223 2338 Chri-

61 2355 94 2414 sti
115 2376 248 2436 reguum
274 2373 361 2414 sensu
387 2354 481 2414 carnis
506 2365 624 2412 nostrae
649 2355 762 2428 metiri,
788 2355 873 2412 nimis
903 2375 1071 2433 perversum
1096 2365 1148 2413 est.
1186 2357 1227 2414 Et

63 2430 180 2508 quidem
203 2449 240 2488 eo
261 2431 352 2510 magis
373 2430 520 2490 cavendae
539 2441 607 2490 sunt
619 2429 730 2488 otiosae
742 2429 967 2508 speculationes,
1007 2445 1046 2488 uo
1066 2431 1156 2510 magis
1170 2431 1225 2490 hu-

60 2527 146 2568 mano
169 2505 295 2586 ingenio
316 2505 461 2566 arrident:
485 2505 571 2566 sicuti
595 2505 726 2565 videmus
751 2503 946 2585 sophistarum
972 2451 1064 2565 libros
1090 2505 1226 2566 inanibus

60 2582 207 2644 eiusmodi
227 2581 374 2664 figmentis
394 2581 519 2642 refertos
540 2601 612 2643 esse.

132 2659 261 2720 Potestis
288 2655 380 2719 biber-'e
401 2658 545 2734 poculum.
594 2659 638 2716 Ut
666 2655 855 2717 ambitionem
883 2655 1027 2738 corrigat,
1060 2667 1089 2715 et
1114 2677 1130 2715 a
1154 2673 1225 2735 per·
1277 2677 1280 2686 ’

62 2756 144 2796 verso
166 2735 316 2796 desiderio
337 2756 388 2795 eos
408 2745 539 2810 revocet,
558 2754 675 2794 erucem
695 2744 726 2793 et
745 2753 847 2792 omnes
867 2752 1019 2792 aerumnas
1033 2731 1088 2791 illis
1109 2752 1225 2812 propo-

61 2812 114 2884 nit,
133 2833 212 2892 quae
230 2811 290 2871 Dei
309 2811 375 2872 liliis
395 2811 565 2872 subeundae
585 2821 666 2870 sunt:
687 2810 745 2869 acsi
758 2810 883 2883 dixisset,
902 2809 1071 2868 Tantumne
1083 2808 1168 2868 vobis
1182 2819 1226 2868 est

63 2889 113 2948 otii
133 2909 149 2948 a
170 2889 322 2969 praesenti
341 2889 454 2962 militia,
473 2899 506 2946 ut
523 2887 663 2967 triumphi
683 2907 805 2967 pompas
826 2885 883 2945 iam
904 2884 1066 2945 ordinetis?
1104 2886 1179 2946 Nam
1198 2883 1224 2944 si

62 2965 224 3025 vocationis
245 2987 313 3024 suae
334 2965 475 3027 exercitiis
495 2965 573 3024 serio
594 2964 716 3024 luissent
736 2961 843 3036 dediti,
870 2981 975 3042 pravae
996 2961 1062 3021 huic
1080 2960 1225 3041 imagina-

61 3038 135 3100 tioni
154 3041 254 3101 locum
276 3063 426 3121 nunquam
446 3041 602 3102 dedissent.
644 3040 745 3115 Quare
767 3039 821 3098 hec
840 3039 986 3099 sententia
1008 3037 1141 3099 Christus
1163 3058 1224 3114 eos,

65 3116 200 3194 quiante
223 3131 336 3199 tempus
357 3119 482 3198 palmam
503 3117 560 3178 arri
583 3118 658 3190 iuut,
678 3117 709 3175 iu
725 3115 899 3176 meditandis
909 3114 1025 3193 pietatis
1046 3113 1152 3174 olficiis
1173 3136 1225 3174 oe-

64 3211 96 3248 cu
118 3195 161 3253 ari
183 3195 275 3255 iubet.
315 3197 356 3256 Et
375 3207 455 3256 certe
475 3197 532 3256 hoc
565 3214 638 3254 reno
660 3192 771 3272 optime
792 3191 914 3251 ambitio
931 3191 1135 3270 compescitur,
1156 3191 1222 3271 quia

63 3213 125 3328 talis
145 3283 192 3331 est
211 3282 313 3332 nostra
334 3272 477 3346 conditio,
519 3293 584 3332 uam
602 3270 651 3329 diu
663 3270 694 3327 iu
706 3269 819 3328 mundo
860 3271 1071 3349 eregriuamur,
1090 3279 1123 3326 ut
1136 3287 1224 3326 vanas

64 3340 179 3408 delicias
202 3359 339 3409 excutere
360 3349 474 3410 debeat
521 3349 704 3424 ‘ircumstaut
719 3365 774 3403 uos
793 3290 873 3404 mille
886 3343 1031 3423 pericula:
1053 3365 1132 3402 nunc
1153 3343 1224 3402 insi-

65 3419 125 3494 dii-s,
147 3436 177 3484 et
197 3425 316 3504 quidem
336 3427 420 3486 variis
449 3447 503 3486 nos
533 3423 622 3484 hostis
648 3421 795 3494 adoritur,
825 3442 904 3480 nuuc
928 3431 1027 3500 aperta
1047 3419 1076 3480 ri
1096 3419 1224 3478 insultat.

66 3493 172 3560 Nonne
193 3502 358 3583 plusquam
376 3502 508 3581 stupidus
528 3512 581 3573 est,
601 3498 651 3577 qui
672 3497 749 3556 inter
768 3508 815 3556 tot
832 3507 942 3556 mortes
956 3516 1058 3556 secure
1078 3495 1109 3553 iu
1121 3494 1224 3582 trium-

84 3571 122 3632 ho
162 3577 296 3658 ingeudo
317 3599 348 3637 se
369 3577 519 3638 oblectat?
551 3573 845 3653 Certosquidemde
864 3572 988 3632 victorin
1008 3592 1075 3631 suos
1097 3589 1158 3628 esse
1179 3590 1224 3625 ru-

65 3591 113 3708 het
130 3597 297 3728 llomiuus,
323 3665 353 3714 et
376 3653 406 3712 in
426 3654 521 3712 media
543 3664 638 3712 morte
659 3650 837 3731 triumphum
858 3669 975 3719 canere,
995 3647 1061 3727 quia
1082 3643 1241 3734 alberad,

67 3733 180 3789 strenue
201 3731 391 3813 pugnandum
411 3729 530 3789 animati
550 3749 611 3788 non
632 3727 747 3787 forent:
767 3727 818 3786 sed
838 3725 916 3785 aliud
937 3736 989 3796 est,
1009 3743 1060 3802 spe
1080 3721 1223 3780 mercedis

67 3797 119 3861 sibi
140 3806 277 3868 divinitus
298 3806 451 3899 proposita
471 3827 502 3865 se
513 3805 648 3872 alacriter
661 3799 697 3863 ad
712 3803 901 3885 pugnandum
913 3800 1079 3878 accingere,
1098 3806 1224 3929 totogue

66 3879 158 3941 studio
179 3885 237 3944 huc
257 3883 344 3944 curti:
366 3883 455 3956 aliud,
474 3882 665 3942 certaminum
683 3880 880 3952 immemores,
900 3875 1004 3936 relicto
1021 3873 1103 3934 hoste
1120 3891 1180 3953 neg
1193 3891 1224 3930 e-

66 3953 171 4036 ctisque
192 3960 341 4040 periculis,
359 3960 397 4021 ad
410 3959 589 4039 triumphurn
599 3975 802 4037 praecurrere,
822 3952 902 4014 cuius
920 3949 1144 4039 exspectandum
1161 3957 1225 4008 erat
1262 3957 1267 4033 ζ

64 4043 205 4096 maturum
226 4047 349 4119 tempus.
379 4035 465 4098 Adde
478 4037 558 4116 quod
572 4034 849 4114 haespraeposters
867 4027 1001 4116 celeritas
1015 4037 1048 4084 ut
1067 4024 1235 4116 pluremum*
1266 4040 1268 4052 ⁴

67 4119 82 4190 ,ὃ
100 4113 255 4175 vocatione
274 4135 325 4176 sua
345 4113 479 4174 homines
500 4110 628 4172 abducit
668 4106 924 4248 guemadmodum
953 4123 1038 4194 enum·
1052 4114 1086 4193 ut
1103 4121 1225 4182 quisque

67 4199 95 4236 ¹¹¹
115 4179 193 4248 bello
213 4189 222 4248 i
266 4191 413 4250 avissimus
434 4200 490 4263 est,
510 4187 642 4268 cupidius
662 4210 676 4248 a
718 4183 857 4264 praedam
869 4180 997 4252 advolat,
1015 4200 1057 4239 sre
1076 4199 1109 4238 rn
1130 4197 1226 4261 reguo

68 4251 175 4322 Christi
195 4266 268 4326 nuli
289 4265 446 4346 primatum
466 4265 558 4346 magis
579 4274 734 4354 appetunt,
754 4279 841 4338 quam
851 4258 901 4337 qui
921 4255 1143 4338 subterfugiunt
1163 4276 1226 4344 om-

69 4348 133 4393 nem
154 4336 265 4402 laboris
277 4342 450 4404 molestiam.
482 4340 593 4402 Merito
614 4351 712 4420 itaque
725 4334 861 4401 Christus
881 4332 963 4394 inani
977 4332 1073 4415 gloria
1087 4333 1179 4392 elutos
1196 4352 1237 4410 ιιιν

93 4431 183 4482 Caluini
196 4449 279 4488 mm.
294 4444 318 4487 iu
332 4445 411 4489 llurm.
426 4443 471 4490 liv.
486 4441 539 4487 Vol.
552 4442 586 4486 ll.
993 4413 1031 4474 η

115 4553 120 4581 l

584 4697 607 4729 b
