<?xml version="1.0" encoding="UTF-8"?>
<!DOCTYPE html PUBLIC "-//W3C//DTD XHTML 1.0 Transitional//EN"
    "http://www.w3.org/TR/xhtml1/DTD/xhtml1-transitional.dtd">
<html xmlns="http://www.w3.org/1999/xhtml" xml:lang="en" lang="en">
 <head>
  <title>
</title>
<meta http-equiv="Content-Type" content="text/html;charset=utf-8" />
  <meta name='ocr-system' content='tesseract 3.04.00' />
  <meta name='ocr-capabilities' content='ocr_page ocr_carea ocr_par ocr_line ocrx_word'/>
</head>
<body>
  <div class='ocr_page' id='page_1' title='image "./innovumtestamen00calvgoog_0455.png"; bbox 0 0 2778 4838; ppageno 0'>
   <div class='ocr_carea' id='block_1_1' title="bbox 158 209 1086 301">
    <p class='ocr_par' dir='ltr' id='par_1_1' title="bbox 158 209 1086 301">
     <span class='ocr_line' id='line_1_1' title="bbox 158 209 1086 301; baseline -0.014 0"><span class='ocrx_word' id='word_1_1' title='bbox 158 239 197 301; x_wconf 78' lang='grc'><strong>68</strong></span> <span class='ocrx_word' id='word_1_2' title='bbox 382 209 501 295; x_wconf 67' lang='lat' dir='ltr'><strong>&#39;SECT⁸</strong></span> <span class='ocrx_word' id='word_1_3' title='bbox 521 231 603 294; x_wconf 79' lang='lat' dir='ltr'><strong>xlv.</strong></span> <span class='ocrx_word' id='word_1_4' title='bbox 642 243 882 292; x_wconf 77' lang='lat' dir='ltr'><strong>mensurnas</strong></span> <span class='ocrx_word' id='word_1_5' title='bbox 902 243 1086 292; x_wconf 77' lang='lat' dir='ltr'><strong>sessiones.</strong></span> 
     </span>
    </p>
   </div>
   <div class='ocr_carea' id='block_1_2' title="bbox 0 339 1388 492">
    <p class='ocr_par' dir='ltr' id='par_1_2' title="bbox 0 339 1388 492">
     <span class='ocr_line' id='line_1_2' title="bbox 0 339 1388 492; baseline 0.038 -53"><span class='ocrx_word' id='word_1_6' title='bbox 0 351 1 410; x_wconf 62' lang='grc' dir='ltr'>Ῑ</span> <span class='ocrx_word' id='word_1_7' title='bbox 56 343 61 356; x_wconf 91' lang='lat'><strong>.</strong></span> <span class='ocrx_word' id='word_1_8' title='bbox 97 389 106 408; x_wconf 61' lang='lat' dir='ltr'><em>s</em></span> <span class='ocrx_word' id='word_1_9' title='bbox 159 389 347 477; x_wconf 79' lang='lat' dir='ltr'><strong>caputeius</strong></span> <span class='ocrx_word' id='word_1_10' title='bbox 367 339 406 456; x_wconf 83' lang='lat' dir='ltr'><strong>in</strong></span> <span class='ocrx_word' id='word_1_11' title='bbox 423 389 531 467; x_wconf 87' lang='lat' dir='ltr'><strong>lorice,</strong></span> <span class='ocrx_word' id='word_1_12' title='bbox 562 386 716 474; x_wconf 77' lang='lat' dir='ltr'><strong>deditque</strong></span> <span class='ocrx_word' id='word_1_13' title='bbox 742 385 825 452; x_wconf 72' lang='lat' dir='ltr'><strong>illud</strong></span> <span class='ocrx_word' id='word_1_14' title='bbox 851 382 997 473; x_wconf 40' lang='lat' dir='ltr'><strong>Puella&amp;</strong></span> <span class='ocrx_word' id='word_1_15' title='bbox 1030 395 1062 452; x_wconf 66' lang='lat'><strong>⁸¹</strong></span> <span class='ocrx_word' id='word_1_16' title='bbox 1088 385 1200 473; x_wconf 54' lang='grc' dir='ltr'><strong>ΡΜ1Ῑᾶ</strong></span> <span class='ocrx_word' id='word_1_17' title='bbox 1228 386 1321 454; x_wconf 56' lang='lat' dir='ltr'><strong>dedit</strong></span> <span class='ocrx_word' id='word_1_18' title='bbox 1387 419 1388 492; x_wconf 66' lang='grc' dir='ltr'>ζ</span> 
     </span>
    </p>
   </div>
   <div class='ocr_carea' id='block_1_3' title="bbox 158 487 1321 680">
    <p class='ocr_par' dir='ltr' id='par_1_3' title="bbox 158 487 1321 680">
     <span class='ocr_line' id='line_1_3' title="bbox 159 487 1321 582; baseline 0.001 -25"><span class='ocrx_word' id='word_1_19' title='bbox 159 494 252 558; x_wconf 88' lang='lat' dir='ltr'><strong>matri</strong></span> <span class='ocrx_word' id='word_1_20' title='bbox 270 512 359 558; x_wconf 86' lang='lat' dir='ltr'><strong>suae.</strong></span> <span class='ocrx_word' id='word_1_21' title='bbox 399 491 450 556; x_wconf 80' lang='lat'><strong>29.</strong></span> <span class='ocrx_word' id='word_1_22' title='bbox 479 488 557 573; x_wconf 86' lang='lat' dir='ltr'><strong>Quo</strong></span> <span class='ocrx_word' id='word_1_23' title='bbox 585 489 696 582; x_wconf 84' lang='lat' dir='ltr'><strong>audito</strong></span> <span class='ocrx_word' id='word_1_24' title='bbox 717 487 867 577; x_wconf 89' lang='lat' dir='ltr'><strong>discipuli</strong></span> <span class='ocrx_word' id='word_1_25' title='bbox 895 493 965 556; x_wconf 89' lang='lat' dir='ltr'><strong>eius</strong></span> <span class='ocrx_word' id='word_1_26' title='bbox 985 498 1161 566; x_wconf 85' lang='lat' dir='ltr'><strong>venerunt,</strong></span> <span class='ocrx_word' id='word_1_27' title='bbox 1192 501 1226 556; x_wconf 92' lang='lat' dir='ltr'><strong>et</strong></span> <span class='ocrx_word' id='word_1_28' title='bbox 1253 513 1321 558; x_wconf 87' lang='lat' dir='ltr'><strong>sus-</strong></span> 
     </span>
     <span class='ocr_line' id='line_1_4' title="bbox 158 591 1234 680; baseline -0.004 -18"><span class='ocrx_word' id='word_1_29' title='bbox 158 595 302 662; x_wconf 90' lang='lat' dir='ltr'><strong>tulerunt</strong></span> <span class='ocrx_word' id='word_1_30' title='bbox 323 591 462 658; x_wconf 87' lang='lat' dir='ltr'><strong>cadaver</strong></span> <span class='ocrx_word' id='word_1_31' title='bbox 481 595 565 671; x_wconf 88' lang='lat' dir='ltr'><strong>eius,</strong></span> <span class='ocrx_word' id='word_1_32' title='bbox 589 603 833 680; x_wconf 79' lang='lat' dir='ltr'><strong>posueruntque</strong></span> <span class='ocrx_word' id='word_1_33' title='bbox 853 591 936 659; x_wconf 91' lang='lat' dir='ltr'><strong>illud</strong></span> <span class='ocrx_word' id='word_1_34' title='bbox 958 594 993 660; x_wconf 91' lang='lat' dir='ltr'><strong>in</strong></span> <span class='ocrx_word' id='word_1_35' title='bbox 1011 604 1234 660; x_wconf 86' lang='lat' dir='ltr'><strong>monumento.</strong></span> 
     </span>
    </p>
   </div>
   <div class='ocr_carea' id='block_1_4' title="bbox 65 755 1388 4360">
    <p class='ocr_par' dir='ltr' id='par_1_4' title="bbox 138 755 1322 1384">
     <span class='ocr_line' id='line_1_5' title="bbox 138 755 1320 893; baseline -0.003 -73"><span class='ocrx_word' id='word_1_36' title='bbox 138 813 141 820; x_wconf 86' lang='lat'><strong>.</strong></span> <span class='ocrx_word' id='word_1_37' title='bbox 237 758 331 893; x_wconf 56' lang='lat' dir='ltr'><strong>liuius</strong></span> <span class='ocrx_word' id='word_1_38' title='bbox 349 755 489 816; x_wconf 78' lang='lat' dir='ltr'><strong>historiae</strong></span> <span class='ocrx_word' id='word_1_39' title='bbox 508 756 642 818; x_wconf 79' lang='lat' dir='ltr'><strong>recitatio</strong></span> <span class='ocrx_word' id='word_1_40' title='bbox 662 779 740 818; x_wconf 91' lang='lat' dir='ltr'><strong>nunc</strong></span> <span class='ocrx_word' id='word_1_41' title='bbox 758 755 904 818; x_wconf 89' lang='lat' dir='ltr'><strong>omittitur</strong></span> <span class='ocrx_word' id='word_1_42' title='bbox 922 777 941 816; x_wconf 83' lang='lat' dir='ltr'><strong>a</strong></span> <span class='ocrx_word' id='word_1_43' title='bbox 959 757 1055 832; x_wconf 91' lang='lat' dir='ltr'><strong>Luca,</strong></span> <span class='ocrx_word' id='word_1_44' title='bbox 1086 755 1228 836; x_wconf 88' lang='lat' dir='ltr'><strong>quoniam</strong></span> <span class='ocrx_word' id='word_1_45' title='bbox 1249 757 1320 817; x_wconf 94' lang='lat' dir='ltr'><strong>alibi</strong></span> 
     </span>
     <span class='ocr_line' id='line_1_6' title="bbox 158 833 1321 914; baseline -0.003 -18"><span class='ocrx_word' id='word_1_46' title='bbox 158 857 224 896; x_wconf 80' lang='lat' dir='ltr'><strong>carii</strong></span> <span class='ocrx_word' id='word_1_47' title='bbox 262 845 426 914; x_wconf 77' lang='lat' dir='ltr'><strong>tposuerat.</strong></span> <span class='ocrx_word' id='word_1_48' title='bbox 471 834 538 914; x_wconf 83' lang='lat' dir='ltr'><strong>Ego</strong></span> <span class='ocrx_word' id='word_1_49' title='bbox 559 852 678 914; x_wconf 90' lang='lat' dir='ltr'><strong>quoque</strong></span> <span class='ocrx_word' id='word_1_50' title='bbox 698 855 736 894; x_wconf 88' lang='lat' dir='ltr'><strong>ne</strong></span> <span class='ocrx_word' id='word_1_51' title='bbox 755 833 800 896; x_wconf 87' lang='lat' dir='ltr'><strong>bis</strong></span> <span class='ocrx_word' id='word_1_52' title='bbox 823 833 902 894; x_wconf 87' lang='lat' dir='ltr'><strong>idern</strong></span> <span class='ocrx_word' id='word_1_53' title='bbox 926 833 1084 893; x_wconf 83' lang='lat' dir='ltr'><strong>scribendo</strong></span> <span class='ocrx_word' id='word_1_54' title='bbox 1103 834 1247 894; x_wconf 86' lang='lat' dir='ltr'><strong>molestus</strong></span> <span class='ocrx_word' id='word_1_55' title='bbox 1266 833 1321 894; x_wconf 88' lang='lat' dir='ltr'><strong>siin</strong></span> 
     </span>
     <span class='ocr_line' id='line_1_7' title="bbox 159 909 1321 1001; baseline -0.003 -28"><span class='ocrx_word' id='word_1_56' title='bbox 159 911 331 983; x_wconf 89' lang='lat' dir='ltr'><strong>lectoribus,</strong></span> <span class='ocrx_word' id='word_1_57' title='bbox 350 930 402 969; x_wconf 86' lang='lat' dir='ltr'><strong>ero</strong></span> <span class='ocrx_word' id='word_1_58' title='bbox 421 910 454 970; x_wconf 84' lang='lat' dir='ltr'><strong>iia</strong></span> <span class='ocrx_word' id='word_1_59' title='bbox 473 909 531 970; x_wconf 91' lang='lat' dir='ltr'><strong>hoc</strong></span> <span class='ocrx_word' id='word_1_60' title='bbox 551 911 619 970; x_wconf 89' lang='lat' dir='ltr'><strong>loco</strong></span> <span class='ocrx_word' id='word_1_61' title='bbox 635 909 767 1001; x_wconf 70' lang='lat' dir='ltr'><strong>brevior.</strong></span> <span class='ocrx_word' id='word_1_62' title='bbox 805 911 1012 993; x_wconf 79' lang='lat' dir='ltr'><strong>Evangelistae</strong></span> <span class='ocrx_word' id='word_1_63' title='bbox 1032 921 1151 990; x_wconf 86' lang='lat' dir='ltr'><strong>captum</strong></span> <span class='ocrx_word' id='word_1_64' title='bbox 1164 909 1256 970; x_wconf 80' lang='lat' dir='ltr'><strong>luisse</strong></span> <span class='ocrx_word' id='word_1_65' title='bbox 1268 911 1321 970; x_wconf 92' lang='lat' dir='ltr'><strong>Io-</strong></span> 
     </span>
     <span class='ocr_line' id='line_1_8' title="bbox 158 987 1320 1066; baseline -0.003 -16"><span class='ocrx_word' id='word_1_66' title='bbox 158 1009 266 1050; x_wconf 87' lang='lat' dir='ltr'><strong>annem</strong></span> <span class='ocrx_word' id='word_1_67' title='bbox 285 987 430 1060; x_wconf 78' lang='lat' dir='ltr'><strong>referunt,</strong></span> <span class='ocrx_word' id='word_1_68' title='bbox 449 987 705 1066; x_wconf 82' lang='lat' dir='ltr'><strong>quiallerodiadis</strong></span> <span class='ocrx_word' id='word_1_69' title='bbox 723 1008 754 1047; x_wconf 85' lang='lat' dir='ltr'><strong>ra</strong></span> <span class='ocrx_word' id='word_1_70' title='bbox 778 998 839 1046; x_wconf 91' lang='lat' dir='ltr'><strong>tum</strong></span> <span class='ocrx_word' id='word_1_71' title='bbox 860 999 890 1047; x_wconf 88' lang='lat' dir='ltr'><strong>et</strong></span> <span class='ocrx_word' id='word_1_72' title='bbox 907 988 1051 1048; x_wconf 88' lang='lat' dir='ltr'><strong>incestum</strong></span> <span class='ocrx_word' id='word_1_73' title='bbox 1071 1007 1138 1046; x_wconf 93' lang='lat' dir='ltr'><strong>cum</strong></span> <span class='ocrx_word' id='word_1_74' title='bbox 1158 1005 1193 1046; x_wconf 88' lang='lat' dir='ltr'><strong>ea</strong></span> <span class='ocrx_word' id='word_1_75' title='bbox 1213 987 1320 1047; x_wconf 86' lang='lat' dir='ltr'><strong>coniri-</strong></span> 
     </span>
     <span class='ocr_line' id='line_1_9' title="bbox 157 1008 1322 1148; baseline -0.002 -24"><span class='ocrx_word' id='word_1_76' title='bbox 157 1065 240 1148; x_wconf 85' lang='lat' dir='ltr'><strong>gium</strong></span> <span class='ocrx_word' id='word_1_77' title='bbox 265 1063 361 1144; x_wconf 89' lang='lat' dir='ltr'><strong>palam</strong></span> <span class='ocrx_word' id='word_1_78' title='bbox 386 1062 581 1124; x_wconf 81' lang='lat' dir='ltr'><strong>damnaverat</strong></span> <span class='ocrx_word' id='word_1_79' title='bbox 633 1063 724 1138; x_wconf 85' lang='lat' dir='ltr'><strong>Quod</strong></span> <span class='ocrx_word' id='word_1_80' title='bbox 749 1008 892 1142; x_wconf 70' lang='lat' dir='ltr'><strong>hsephus</strong></span> <span class='ocrx_word' id='word_1_81' title='bbox 920 1063 1005 1123; x_wconf 87' lang='lat' dir='ltr'><strong>aliam</strong></span> <span class='ocrx_word' id='word_1_82' title='bbox 1037 1083 1153 1124; x_wconf 86' lang='lat' dir='ltr'><strong>causam</strong></span> <span class='ocrx_word' id='word_1_83' title='bbox 1179 1063 1322 1146; x_wconf 82' lang='lat' dir='ltr'><strong>assignat,</strong></span> 
     </span>
     <span class='ocr_line' id='line_1_10' title="bbox 161 1139 1320 1221; baseline -0.001 -21"><span class='ocrx_word' id='word_1_84' title='bbox 161 1140 241 1221; x_wconf 91' lang='lat' dir='ltr'><strong>quod</strong></span> <span class='ocrx_word' id='word_1_85' title='bbox 261 1139 374 1201; x_wconf 86' lang='lat' dir='ltr'><strong>scilicet</strong></span> <span class='ocrx_word' id='word_1_86' title='bbox 392 1139 526 1200; x_wconf 86' lang='lat' dir='ltr'><strong>Herodes</strong></span> <span class='ocrx_word' id='word_1_87' title='bbox 546 1139 601 1200; x_wconf 91' lang='lat' dir='ltr'><strong>sibi</strong></span> <span class='ocrx_word' id='word_1_88' title='bbox 622 1161 638 1198; x_wconf 88' lang='lat' dir='ltr'><strong>a</strong></span> <span class='ocrx_word' id='word_1_89' title='bbox 657 1141 745 1200; x_wconf 88' lang='lat' dir='ltr'><strong>rebus</strong></span> <span class='ocrx_word' id='word_1_90' title='bbox 764 1139 848 1200; x_wconf 86' lang='lat' dir='ltr'><strong>novis</strong></span> <span class='ocrx_word' id='word_1_91' title='bbox 867 1140 974 1201; x_wconf 84' lang='lat' dir='ltr'><strong>timens</strong></span> <span class='ocrx_word' id='word_1_92' title='bbox 993 1151 1159 1219; x_wconf 84' lang='lat' dir='ltr'><strong>suspectum</strong></span> <span class='ocrx_word' id='word_1_93' title='bbox 1172 1141 1320 1200; x_wconf 85' lang='lat' dir='ltr'><strong>Ioannem</strong></span> 
     </span>
     <span class='ocr_line' id='line_1_11' title="bbox 159 1215 1319 1307; baseline -0.003 -30"><span class='ocrx_word' id='word_1_94' title='bbox 159 1216 313 1291; x_wconf 86' lang='lat' dir='ltr'><strong>habuerit,</strong></span> <span class='ocrx_word' id='word_1_95' title='bbox 329 1215 394 1279; x_wconf 86' lang='lat' dir='ltr'><strong>fieri</strong></span> <span class='ocrx_word' id='word_1_96' title='bbox 413 1226 527 1296; x_wconf 89' lang='lat' dir='ltr'><strong>potest,</strong></span> <span class='ocrx_word' id='word_1_97' title='bbox 555 1227 589 1276; x_wconf 91' lang='lat' dir='ltr'><strong>ut</strong></span> <span class='ocrx_word' id='word_1_98' title='bbox 607 1216 701 1278; x_wconf 85' lang='lat' dir='ltr'><strong>scelus</strong></span> <span class='ocrx_word' id='word_1_99' title='bbox 720 1237 803 1278; x_wconf 88' lang='lat' dir='ltr'><strong>suum</strong></span> <span class='ocrx_word' id='word_1_100' title='bbox 823 1217 880 1278; x_wconf 82' lang='lat' dir='ltr'><strong>ho&#39;c</strong></span> <span class='ocrx_word' id='word_1_101' title='bbox 899 1226 1057 1307; x_wconf 79' lang='lat' dir='ltr'><strong>praetextu</strong></span> <span class='ocrx_word' id='word_1_102' title='bbox 1071 1215 1249 1278; x_wconf 75' lang='lat' dir='ltr'><strong>excusaverit</strong></span> <span class='ocrx_word' id='word_1_103' title='bbox 1269 1228 1319 1296; x_wconf 81' lang='lat' dir='ltr'><strong>ty-</strong></span> 
     </span>
     <span class='ocr_line' id='line_1_12' title="bbox 158 1291 1319 1384; baseline -0.003 -30"><span class='ocrx_word' id='word_1_104' title='bbox 158 1313 284 1368; x_wconf 88' lang='lat' dir='ltr'><strong>rannus,</strong></span> <span class='ocrx_word' id='word_1_105' title='bbox 304 1293 351 1353; x_wconf 86' lang='lat' dir='ltr'><strong>vel</strong></span> <span class='ocrx_word' id='word_1_106' title='bbox 371 1314 484 1384; x_wconf 88' lang='lat' dir='ltr'><strong>sparsus</strong></span> <span class='ocrx_word' id='word_1_107' title='bbox 504 1291 593 1353; x_wconf 82' lang='lat' dir='ltr'><strong>luerit</strong></span> <span class='ocrx_word' id='word_1_108' title='bbox 611 1315 713 1354; x_wconf 89' lang='lat' dir='ltr'><strong>rumor</strong></span> <span class='ocrx_word' id='word_1_109' title='bbox 733 1294 798 1368; x_wconf 88' lang='lat' dir='ltr'><strong>ille,</strong></span> <span class='ocrx_word' id='word_1_110' title='bbox 823 1305 857 1352; x_wconf 88' lang='lat' dir='ltr'><strong>ut</strong></span> <span class='ocrx_word' id='word_1_111' title='bbox 875 1293 979 1354; x_wconf 89' lang='lat' dir='ltr'><strong>iniusta</strong></span> <span class='ocrx_word' id='word_1_112' title='bbox 998 1292 1141 1354; x_wconf 86' lang='lat' dir='ltr'><strong>violentia</strong></span> <span class='ocrx_word' id='word_1_113' title='bbox 1159 1303 1189 1352; x_wconf 89' lang='lat' dir='ltr'><strong>et</strong></span> <span class='ocrx_word' id='word_1_114' title='bbox 1207 1291 1319 1352; x_wconf 86' lang='lat' dir='ltr'><strong>crude-</strong></span> 
     </span>
    </p>

    <p class='ocr_par' dir='ltr' id='par_1_5' title="bbox 114 1367 1320 1451">
     <span class='ocr_line' id='line_1_13' title="bbox 114 1367 1320 1451; baseline -0.004 -20"><span class='ocrx_word' id='word_1_115' title='bbox 114 1385 117 1395; x_wconf 63' lang='lat'>*</span> <span class='ocrx_word' id='word_1_116' title='bbox 157 1369 224 1431; x_wconf 89' lang='lat' dir='ltr'><strong>litas</strong></span> <span class='ocrx_word' id='word_1_117' title='bbox 243 1368 330 1431; x_wconf 84' lang='lat' dir='ltr'><strong>variis</strong></span> <span class='ocrx_word' id='word_1_118' title='bbox 349 1367 601 1431; x_wconf 77' lang='lat' dir='ltr'><strong>criminationibus</strong></span> <span class='ocrx_word' id='word_1_119' title='bbox 621 1369 749 1431; x_wconf 81' lang='lat' dir='ltr'><strong>obnoxia</strong></span> <span class='ocrx_word' id='word_1_120' title='bbox 769 1381 821 1430; x_wconf 90' lang='lat' dir='ltr'><strong>est.</strong></span> <span class='ocrx_word' id='word_1_121' title='bbox 859 1369 934 1429; x_wconf 83' lang='lat' dir='ltr'><strong>Rem</strong></span> <span class='ocrx_word' id='word_1_122' title='bbox 953 1390 1025 1431; x_wconf 82' lang='lat' dir='ltr'><strong>vero</strong></span> <span class='ocrx_word' id='word_1_123' title='bbox 1046 1367 1138 1451; x_wconf 88' lang='lat' dir='ltr'><strong>ipsam</strong></span> <span class='ocrx_word' id='word_1_124' title='bbox 1155 1369 1217 1428; x_wconf 83' lang='lat' dir='ltr'><strong>Eva</strong></span> <span class='ocrx_word' id='word_1_125' title='bbox 1264 1367 1320 1428; x_wconf 89' lang='lat' dir='ltr'><strong>eli-</strong></span> 
     </span>
    </p>

    <p class='ocr_par' dir='ltr' id='par_1_6' title="bbox 158 1387 1319 1612">
     <span class='ocr_line' id='line_1_14' title="bbox 158 1387 1319 1526; baseline -0.003 -19"><span class='ocrx_word' id='word_1_126' title='bbox 158 1459 220 1508; x_wconf 82' lang='lat' dir='ltr'><strong>stac</strong></span> <span class='ocrx_word' id='word_1_127' title='bbox 241 1446 420 1526; x_wconf 82' lang='lat' dir='ltr'><strong>exprimunt,</strong></span> <span class='ocrx_word' id='word_1_128' title='bbox 446 1457 548 1506; x_wconf 88' lang='lat' dir='ltr'><strong>sancto</strong></span> <span class='ocrx_word' id='word_1_129' title='bbox 568 1449 633 1508; x_wconf 77' lang='lat' dir='ltr'><strong>ciro</strong></span> <span class='ocrx_word' id='word_1_130' title='bbox 652 1446 799 1508; x_wconf 87' lang='lat' dir='ltr'><strong>insensum</strong></span> <span class='ocrx_word' id='word_1_131' title='bbox 818 1446 907 1506; x_wconf 84' lang='lat' dir='ltr'><strong>luisse</strong></span> <span class='ocrx_word' id='word_1_132' title='bbox 926 1447 1095 1522; x_wconf 86' lang='lat' dir='ltr'><strong>llerodem,</strong></span> <span class='ocrx_word' id='word_1_133' title='bbox 1122 1387 1262 1526; x_wconf 65' lang='lat' dir='ltr'><strong>qnodbb</strong></span> <span class='ocrx_word' id='word_1_134' title='bbox 1281 1463 1319 1504; x_wconf 88' lang='lat' dir='ltr'><strong>eo</strong></span> 
     </span>
     <span class='ocr_line' id='line_1_15' title="bbox 158 1519 1319 1612; baseline -0.003 -28"><span class='ocrx_word' id='word_1_135' title='bbox 158 1524 354 1604; x_wconf 85' lang='lat' dir='ltr'><strong>reprehensus</strong></span> <span class='ocrx_word' id='word_1_136' title='bbox 374 1523 461 1584; x_wconf 75' lang='lat' dir='ltr'><strong>soret.</strong></span> <span class='ocrx_word' id='word_1_137' title='bbox 498 1522 621 1584; x_wconf 75' lang='lat' dir='ltr'><strong>Fallitur</strong></span> <span class='ocrx_word' id='word_1_138' title='bbox 640 1543 732 1612; x_wconf 85' lang='lat' dir='ltr'><strong>porro</strong></span> <span class='ocrx_word' id='word_1_139' title='bbox 748 1523 901 1603; x_wconf 83' lang='lat' dir='ltr'><strong>Iosephus,</strong></span> <span class='ocrx_word' id='word_1_140' title='bbox 921 1523 971 1603; x_wconf 90' lang='lat' dir='ltr'><strong>qui</strong></span> <span class='ocrx_word' id='word_1_141' title='bbox 1011 1534 1075 1584; x_wconf 90' lang='lat' dir='ltr'><strong>utat</strong></span> <span class='ocrx_word' id='word_1_142' title='bbox 1092 1540 1156 1582; x_wconf 90' lang='lat' dir='ltr'><strong>non</strong></span> <span class='ocrx_word' id='word_1_143' title='bbox 1176 1519 1319 1612; x_wconf 83' lang='lat' dir='ltr'><strong>Philippo</strong></span> 
     </span>
    </p>

    <p class='ocr_par' dir='ltr' id='par_1_7' title="bbox 65 1596 1318 1680">
     <span class='ocr_line' id='line_1_16' title="bbox 65 1596 1318 1680; baseline -0.005 -18"><span class='ocrx_word' id='word_1_144' title='bbox 65 1645 70 1662; x_wconf 83' lang='grc'><strong>.</strong></span> <span class='ocrx_word' id='word_1_145' title='bbox 151 1600 254 1676; x_wconf 67' lang='lat' dir='ltr'><strong>tratri,</strong></span> <span class='ocrx_word' id='word_1_146' title='bbox 273 1599 325 1660; x_wconf 90' lang='lat' dir='ltr'><strong>sed</strong></span> <span class='ocrx_word' id='word_1_147' title='bbox 344 1599 459 1661; x_wconf 86' lang='lat' dir='ltr'><strong>Herodi</strong></span> <span class='ocrx_word' id='word_1_148' title='bbox 477 1598 542 1680; x_wconf 83' lang='lat' dir='ltr'><strong>regi</strong></span> <span class='ocrx_word' id='word_1_149' title='bbox 555 1596 701 1660; x_wconf 78' lang='lat' dir='ltr'><strong>Chalcidis</strong></span> <span class='ocrx_word' id='word_1_150' title='bbox 715 1611 821 1679; x_wconf 87' lang='lat' dir='ltr'><strong>patruo</strong></span> <span class='ocrx_word' id='word_1_151' title='bbox 835 1599 986 1680; x_wconf 82' lang='lat' dir='ltr'><strong>abreptam</strong></span> <span class='ocrx_word' id='word_1_152' title='bbox 1030 1596 1200 1669; x_wconf 80' lang='lat' dir='ltr'><strong>erodiadem</strong></span> <span class='ocrx_word' id='word_1_153' title='bbox 1219 1597 1318 1658; x_wconf 82' lang='lat' dir='ltr'><strong>luisse.</strong></span> 
     </span>
    </p>

    <p class='ocr_par' dir='ltr' id='par_1_8' title="bbox 141 1675 1320 2292">
     <span class='ocr_line' id='line_1_17' title="bbox 141 1675 1320 1758; baseline -0.003 -22"><span class='ocrx_word' id='word_1_154' title='bbox 141 1677 235 1736; x_wconf 82' lang='lat' dir='ltr'><strong>&#39;Nam</strong></span> <span class='ocrx_word' id='word_1_155' title='bbox 255 1697 313 1753; x_wconf 85' lang='lat' dir='ltr'><strong>quo</strong></span> <span class='ocrx_word' id='word_1_156' title='bbox 333 1687 470 1756; x_wconf 87' lang='lat' dir='ltr'><strong>tempore</strong></span> <span class='ocrx_word' id='word_1_157' title='bbox 489 1675 696 1758; x_wconf 86' lang='lat' dir='ltr'><strong>Evangelistae</strong></span> <span class='ocrx_word' id='word_1_158' title='bbox 714 1676 908 1756; x_wconf 89' lang='lat' dir='ltr'><strong>scripserunt,</strong></span> <span class='ocrx_word' id='word_1_159' title='bbox 937 1695 1000 1736; x_wconf 87' lang='lat' dir='ltr'><strong>non</strong></span> <span class='ocrx_word' id='word_1_160' title='bbox 1020 1675 1110 1736; x_wconf 90' lang='lat' dir='ltr'><strong>modo</strong></span> <span class='ocrx_word' id='word_1_161' title='bbox 1131 1693 1236 1734; x_wconf 85' lang='lat' dir='ltr'><strong>recens</strong></span> <span class='ocrx_word' id='word_1_162' title='bbox 1256 1685 1320 1734; x_wconf 85' lang='lat' dir='ltr'><strong>erat</strong></span> 
     </span>
     <span class='ocr_line' id='line_1_18' title="bbox 158 1749 1318 1826; baseline -0.002 -14"><span class='ocrx_word' id='word_1_163' title='bbox 158 1751 277 1812; x_wconf 84' lang='lat' dir='ltr'><strong>sceleris</strong></span> <span class='ocrx_word' id='word_1_164' title='bbox 296 1751 380 1810; x_wconf 81' lang='lat' dir='ltr'><strong>buiris</strong></span> <span class='ocrx_word' id='word_1_165' title='bbox 398 1751 554 1824; x_wconf 89' lang='lat' dir='ltr'><strong>memoria,</strong></span> <span class='ocrx_word' id='word_1_166' title='bbox 567 1752 624 1811; x_wconf 84' lang='lat' dir='ltr'><strong>&#39;scd</strong></span> <span class='ocrx_word' id='word_1_167' title='bbox 643 1762 713 1812; x_wconf 86' lang='lat' dir='ltr'><strong>ante</strong></span> <span class='ocrx_word' id='word_1_168' title='bbox 732 1751 863 1812; x_wconf 84' lang='lat' dir='ltr'><strong>omnium</strong></span> <span class='ocrx_word' id='word_1_169' title='bbox 884 1751 987 1813; x_wconf 88' lang='lat' dir='ltr'><strong>oculos</strong></span> <span class='ocrx_word' id='word_1_170' title='bbox 1005 1750 1187 1812; x_wconf 80' lang='lat' dir='ltr'><strong>versabatur.</strong></span> <span class='ocrx_word' id='word_1_171' title='bbox 1225 1749 1318 1826; x_wconf 85' lang='lat' dir='ltr'><strong>Quod</strong></span> 
     </span>
     <span class='ocr_line' id='line_1_19' title="bbox 159 1826 1318 1911; baseline -0.003 -22"><span class='ocrx_word' id='word_1_172' title='bbox 159 1839 256 1890; x_wconf 84' lang='lat' dir='ltr'><strong>autem</strong></span> <span class='ocrx_word' id='word_1_173' title='bbox 276 1827 346 1888; x_wconf 88' lang='lat' dir='ltr'><strong>alibi</strong></span> <span class='ocrx_word' id='word_1_174' title='bbox 366 1826 455 1886; x_wconf 85' lang='lat' dir='ltr'><strong>tradit</strong></span> <span class='ocrx_word' id='word_1_175' title='bbox 467 1827 621 1906; x_wconf 80' lang='lat' dir='ltr'><strong>Iosephus,</strong></span> <span class='ocrx_word' id='word_1_176' title='bbox 640 1839 793 1890; x_wconf 84' lang='lat' dir='ltr'><strong>mansueto</strong></span> <span class='ocrx_word' id='word_1_177' title='bbox 813 1827 935 1911; x_wconf 84' lang='lat' dir='ltr'><strong>ingenio</strong></span> <span class='ocrx_word' id='word_1_178' title='bbox 955 1829 1042 1890; x_wconf 82' lang='lat' dir='ltr'><strong>luisse</strong></span> <span class='ocrx_word' id='word_1_179' title='bbox 1052 1827 1237 1908; x_wconf 89' lang='lat' dir='ltr'><strong>Philippum,</strong></span> <span class='ocrx_word' id='word_1_180' title='bbox 1256 1847 1318 1886; x_wconf 88' lang='lat' dir='ltr'><strong>nou</strong></span> 
     </span>
     <span class='ocr_line' id='line_1_20' title="bbox 161 1902 1318 1985; baseline -0.001 -23"><span class='ocrx_word' id='word_1_181' title='bbox 161 1903 263 1962; x_wconf 91' lang='lat' dir='ltr'><strong>dubito</strong></span> <span class='ocrx_word' id='word_1_182' title='bbox 285 1902 356 1980; x_wconf 89' lang='lat' dir='ltr'><strong>quin</strong></span> <span class='ocrx_word' id='word_1_183' title='bbox 376 1903 430 1962; x_wconf 91' lang='lat' dir='ltr'><strong>hac</strong></span> <span class='ocrx_word' id='word_1_184' title='bbox 450 1923 502 1983; x_wconf 88' lang='lat' dir='ltr'><strong>spe</strong></span> <span class='ocrx_word' id='word_1_185' title='bbox 522 1903 661 1964; x_wconf 81' lang='lat' dir='ltr'><strong>audacior</strong></span> <span class='ocrx_word' id='word_1_186' title='bbox 679 1904 810 1966; x_wconf 88' lang='lat' dir='ltr'><strong>redditus</strong></span> <span class='ocrx_word' id='word_1_187' title='bbox 830 1905 919 1966; x_wconf 87' lang='lat' dir='ltr'><strong>suerit</strong></span> <span class='ocrx_word' id='word_1_188' title='bbox 937 1905 1088 1980; x_wconf 84' lang='lat' dir='ltr'><strong>Herodes,</strong></span> <span class='ocrx_word' id='word_1_189' title='bbox 1107 1904 1190 1985; x_wconf 87' lang='lat' dir='ltr'><strong>quod</strong></span> <span class='ocrx_word' id='word_1_190' title='bbox 1209 1903 1242 1962; x_wconf 91' lang='lat' dir='ltr'><strong>in</strong></span> <span class='ocrx_word' id='word_1_191' title='bbox 1261 1903 1318 1962; x_wconf 92' lang='lat' dir='ltr'><strong>ho-</strong></span> 
     </span>
     <span class='ocr_line' id='line_1_21' title="bbox 156 1979 1318 2063; baseline -0.003 -26"><span class='ocrx_word' id='word_1_192' title='bbox 156 1979 267 2038; x_wconf 88' lang='lat' dir='ltr'><strong>minem</strong></span> <span class='ocrx_word' id='word_1_193' title='bbox 286 1979 450 2060; x_wconf 83' lang='lat' dir='ltr'><strong>placidum,</strong></span> <span class='ocrx_word' id='word_1_194' title='bbox 474 1979 623 2040; x_wconf 86' lang='lat' dir='ltr'><strong>imbellem</strong></span> <span class='ocrx_word' id='word_1_195' title='bbox 645 1993 676 2040; x_wconf 92' lang='lat' dir='ltr'><strong>et</strong></span> <span class='ocrx_word' id='word_1_196' title='bbox 694 1981 858 2042; x_wconf 87' lang='lat' dir='ltr'><strong>modestum</strong></span> <span class='ocrx_word' id='word_1_197' title='bbox 878 1981 998 2063; x_wconf 89' lang='lat' dir='ltr'><strong>impune</strong></span> <span class='ocrx_word' id='word_1_198' title='bbox 1018 1979 1250 2042; x_wconf 88' lang='lat' dir='ltr'><strong>contumeliosus</strong></span> <span class='ocrx_word' id='word_1_199' title='bbox 1269 1979 1318 2040; x_wconf 71' lang='lat' dir='ltr'><strong>so-</strong></span> 
     </span>
     <span class='ocr_line' id='line_1_22' title="bbox 157 2055 1317 2139; baseline 0 -24"><span class='ocrx_word' id='word_1_200' title='bbox 157 2066 212 2115; x_wconf 83' lang='lat' dir='ltr'><strong>ret.</strong></span> <span class='ocrx_word' id='word_1_201' title='bbox 250 2055 374 2115; x_wconf 80' lang='lat' dir='ltr'><strong>Accedit</strong></span> <span class='ocrx_word' id='word_1_202' title='bbox 401 2057 492 2116; x_wconf 85' lang='lat' dir='ltr'><strong>altera</strong></span> <span class='ocrx_word' id='word_1_203' title='bbox 522 2056 686 2137; x_wconf 89' lang='lat' dir='ltr'><strong>probabilis</strong></span> <span class='ocrx_word' id='word_1_204' title='bbox 715 2058 901 2134; x_wconf 84' lang='lat' dir='ltr'><strong>coniectura,</strong></span> <span class='ocrx_word' id='word_1_205' title='bbox 933 2058 1014 2139; x_wconf 87' lang='lat' dir='ltr'><strong>quod</strong></span> <span class='ocrx_word' id='word_1_206' title='bbox 1037 2058 1185 2118; x_wconf 86' lang='lat' dir='ltr'><strong>Herodias</strong></span> <span class='ocrx_word' id='word_1_207' title='bbox 1209 2067 1317 2137; x_wconf 85' lang='lat' dir='ltr'><strong>pati-uo</strong></span> 
     </span>
     <span class='ocr_line' id='line_1_23' title="bbox 156 2129 1317 2226; baseline 0.002 -36"><span class='ocrx_word' id='word_1_208' title='bbox 156 2129 297 2212; x_wconf 87' lang='lat' dir='ltr'><strong>Philippo</strong></span> <span class='ocrx_word' id='word_1_209' title='bbox 322 2132 354 2190; x_wconf 90' lang='lat' dir='ltr'><strong>in</strong></span> <span class='ocrx_word' id='word_1_210' title='bbox 377 2131 594 2204; x_wconf 77' lang='lat' dir='ltr'><strong>matrimonium</strong></span> <span class='ocrx_word' id='word_1_211' title='bbox 619 2134 717 2226; x_wconf 87' lang='lat' dir='ltr'><strong>potius</strong></span> <span class='ocrx_word' id='word_1_212' title='bbox 738 2136 805 2195; x_wconf 88' lang='lat' dir='ltr'><strong>data</strong></span> <span class='ocrx_word' id='word_1_213' title='bbox 823 2133 912 2196; x_wconf 83' lang='lat' dir='ltr'><strong>fuisse</strong></span> <span class='ocrx_word' id='word_1_214' title='bbox 937 2135 1081 2209; x_wconf 53' lang='lat' dir='ltr'><strong>videtum·-</strong></span> <span class='ocrx_word' id='word_1_215' title='bbox 1101 2155 1189 2214; x_wconf 87' lang='lat' dir='ltr'><strong>quain</strong></span> <span class='ocrx_word' id='word_1_216' title='bbox 1207 2144 1317 2214; x_wconf 86' lang='lat' dir='ltr'><strong>patruo</strong></span> 
     </span>
     <span class='ocr_line' id='line_1_24' title="bbox 154 2207 1318 2292; baseline 0 -25"><span class='ocrx_word' id='word_1_217' title='bbox 154 2229 278 2290; x_wconf 82' lang='lat' dir='ltr'><strong>magno,</strong></span> <span class='ocrx_word' id='word_1_218' title='bbox 297 2208 342 2269; x_wconf 83' lang='lat' dir='ltr'><strong>avi</strong></span> <span class='ocrx_word' id='word_1_219' title='bbox 361 2209 405 2269; x_wconf 89' lang='lat' dir='ltr'><strong>sui</strong></span> <span class='ocrx_word' id='word_1_220' title='bbox 425 2209 519 2285; x_wconf 77' lang='lat' dir='ltr'><strong>fratri,</strong></span> <span class='ocrx_word' id='word_1_221' title='bbox 538 2210 602 2270; x_wconf 86' lang='lat' dir='ltr'><strong>seni</strong></span> <span class='ocrx_word' id='word_1_222' title='bbox 621 2233 678 2271; x_wconf 89' lang='lat' dir='ltr'><strong>iarn</strong></span> <span class='ocrx_word' id='word_1_223' title='bbox 698 2211 863 2292; x_wconf 86' lang='lat' dir='ltr'><strong>decrepito.</strong></span> <span class='ocrx_word' id='word_1_224' title='bbox 879 2223 883 2226; x_wconf 83' lang='grc'><strong>’</strong></span> <span class='ocrx_word' id='word_1_225' title='bbox 901 2210 1060 2274; x_wconf 85' lang='lat' dir='ltr'><strong>Caeterum</strong></span> <span class='ocrx_word' id='word_1_226' title='bbox 1072 2209 1210 2272; x_wconf 84' lang='lat' dir='ltr'><strong>Herodes</strong></span> <span class='ocrx_word' id='word_1_227' title='bbox 1228 2207 1318 2269; x_wconf 83' lang='lat' dir='ltr'><strong>Anti-</strong></span> 
     </span>
    </p>

    <p class='ocr_par' dir='ltr' id='par_1_9' title="bbox 139 2283 1317 2448">
     <span class='ocr_line' id='line_1_25' title="bbox 139 2283 1316 2369; baseline 0.005 -29"><span class='ocrx_word' id='word_1_228' title='bbox 139 2303 219 2364; x_wconf 83' lang='lat' dir='ltr'><strong>pas,</strong></span> <span class='ocrx_word' id='word_1_229' title='bbox 239 2283 320 2344; x_wconf 89' lang='lat' dir='ltr'><strong>cuius</strong></span> <span class='ocrx_word' id='word_1_230' title='bbox 342 2285 388 2345; x_wconf 87' lang='lat' dir='ltr'><strong>hic</strong></span> <span class='ocrx_word' id='word_1_231' title='bbox 407 2285 441 2345; x_wconf 85' lang='lat' dir='ltr'><strong>fii</strong></span> <span class='ocrx_word' id='word_1_232' title='bbox 458 2287 581 2362; x_wconf 83' lang='lat' dir='ltr'><strong>mentio,</strong></span> <span class='ocrx_word' id='word_1_233' title='bbox 601 2299 632 2348; x_wconf 85' lang='lat' dir='ltr'><strong>et</strong></span> <span class='ocrx_word' id='word_1_234' title='bbox 650 2287 803 2369; x_wconf 87' lang='lat' dir='ltr'><strong>Philippus</strong></span> <span class='ocrx_word' id='word_1_235' title='bbox 822 2308 886 2350; x_wconf 91' lang='lat' dir='ltr'><strong>non</strong></span> <span class='ocrx_word' id='word_1_236' title='bbox 905 2289 1014 2350; x_wconf 88' lang='lat' dir='ltr'><strong>uterini</strong></span> <span class='ocrx_word' id='word_1_237' title='bbox 1034 2289 1138 2350; x_wconf 83' lang='lat' dir='ltr'><strong>iratres</strong></span> <span class='ocrx_word' id='word_1_238' title='bbox 1150 2299 1246 2360; x_wconf 85' lang='lat' dir='ltr'><strong>crant,</strong></span> <span class='ocrx_word' id='word_1_239' title='bbox 1263 2285 1316 2348; x_wconf 85' lang='lat' dir='ltr'><strong>sed</strong></span> 
     </span>
     <span class='ocr_line' id='line_1_26' title="bbox 155 2361 1317 2448; baseline 0.002 -28"><span class='ocrx_word' id='word_1_240' title='bbox 155 2361 241 2445; x_wconf 86' lang='lat' dir='ltr'><strong>prior</strong></span> <span class='ocrx_word' id='word_1_241' title='bbox 260 2383 294 2422; x_wconf 83' lang='lat' dir='ltr'><strong>ex</strong></span> <span class='ocrx_word' id='word_1_242' title='bbox 313 2362 467 2435; x_wconf 83' lang='lat' dir='ltr'><strong>Marchaca</strong></span> <span class='ocrx_word' id='word_1_243' title='bbox 486 2361 572 2438; x_wconf 82' lang='lat' dir='ltr'><strong>tertia</strong></span> <span class='ocrx_word' id='word_1_244' title='bbox 585 2364 713 2426; x_wconf 87' lang='lat' dir='ltr'><strong>Herodis</strong></span> <span class='ocrx_word' id='word_1_245' title='bbox 724 2364 825 2448; x_wconf 85' lang='lat' dir='ltr'><strong>magni</strong></span> <span class='ocrx_word' id='word_1_246' title='bbox 844 2365 983 2448; x_wconf 83' lang='lat' dir='ltr'><strong>coniuge,</strong></span> <span class='ocrx_word' id='word_1_247' title='bbox 1004 2365 1159 2428; x_wconf 81' lang='lat' dir='ltr'><strong>altervero</strong></span> <span class='ocrx_word' id='word_1_248' title='bbox 1173 2382 1208 2422; x_wconf 86' lang='lat' dir='ltr'><strong>ex</strong></span> <span class='ocrx_word' id='word_1_249' title='bbox 1222 2361 1317 2424; x_wconf 85' lang='lat' dir='ltr'><strong>Cleo-</strong></span> 
     </span>
    </p>

    <p class='ocr_par' dir='ltr' id='par_1_10' title="bbox 140 2439 1316 2524">
     <span class='ocr_line' id='line_1_27' title="bbox 140 2439 1316 2524; baseline 0 -27"><span class='ocrx_word' id='word_1_250' title='bbox 140 2441 239 2517; x_wconf 81' lang='lat' dir='ltr'><strong>&#39;patra</strong></span> <span class='ocrx_word' id='word_1_251' title='bbox 259 2448 343 2498; x_wconf 85' lang='lat' dir='ltr'><strong>natus</strong></span> <span class='ocrx_word' id='word_1_252' title='bbox 362 2450 434 2498; x_wconf 82' lang='lat' dir='ltr'><strong>crat.</strong></span> <span class='ocrx_word' id='word_1_253' title='bbox 473 2439 561 2500; x_wconf 89' lang='lat' dir='ltr'><strong>Nunc</strong></span> <span class='ocrx_word' id='word_1_254' title='bbox 586 2451 619 2499; x_wconf 92' lang='lat' dir='ltr'><strong>ut</strong></span> <span class='ocrx_word' id='word_1_255' title='bbox 638 2441 674 2502; x_wconf 89' lang='lat' dir='ltr'><strong>ad</strong></span> <span class='ocrx_word' id='word_1_256' title='bbox 693 2439 895 2524; x_wconf 84' lang='lat' dir='ltr'><strong>Evangelistas</strong></span> <span class='ocrx_word' id='word_1_257' title='bbox 921 2452 1069 2516; x_wconf 83' lang='lat' dir='ltr'><strong>revertar,</strong></span> <span class='ocrx_word' id='word_1_258' title='bbox 1095 2439 1264 2502; x_wconf 86' lang='lat' dir='ltr'><strong>coniectum</strong></span> <span class='ocrx_word' id='word_1_259' title='bbox 1284 2439 1316 2497; x_wconf 92' lang='lat' dir='ltr'><strong>iii</strong></span> 
     </span>
    </p>

    <p class='ocr_par' dir='ltr' id='par_1_11' title="bbox 139 2513 1317 2598">
     <span class='ocr_line' id='line_1_28' title="bbox 139 2513 1317 2598; baseline 0 -24"><span class='ocrx_word' id='word_1_260' title='bbox 139 2513 272 2574; x_wconf 78' lang='lat' dir='ltr'><strong>¹uincula</strong></span> <span class='ocrx_word' id='word_1_261' title='bbox 291 2515 435 2576; x_wconf 88' lang='lat' dir='ltr'><strong>Ioannem</strong></span> <span class='ocrx_word' id='word_1_262' title='bbox 454 2514 544 2576; x_wconf 86' lang='lat' dir='ltr'><strong>fuisse</strong></span> <span class='ocrx_word' id='word_1_263' title='bbox 563 2517 698 2594; x_wconf 87' lang='lat' dir='ltr'><strong>tradunt,</strong></span> <span class='ocrx_word' id='word_1_264' title='bbox 723 2518 790 2598; x_wconf 86' lang='lat' dir='ltr'><strong>quia</strong></span> <span class='ocrx_word' id='word_1_265' title='bbox 810 2517 938 2578; x_wconf 84' lang='lat' dir='ltr'><strong>Herodis</strong></span> <span class='ocrx_word' id='word_1_266' title='bbox 957 2519 1052 2580; x_wconf 80' lang='lat' dir='ltr'><strong>scelos</strong></span> <span class='ocrx_word' id='word_1_267' title='bbox 1071 2516 1193 2578; x_wconf 88' lang='lat' dir='ltr'><strong>liberius</strong></span> <span class='ocrx_word' id='word_1_268' title='bbox 1211 2533 1317 2595; x_wconf 85' lang='lat' dir='ltr'><strong>repre-</strong></span> 
     </span>
    </p>

    <p class='ocr_par' dir='ltr' id='par_1_12' title="bbox 105 2590 1318 3332">
     <span class='ocr_line' id='line_1_29' title="bbox 105 2590 1317 2674; baseline 0.002 -24"><span class='ocrx_word' id='word_1_269' title='bbox 105 2635 107 2640; x_wconf 74' lang='lat'><em>.</em></span> <span class='ocrx_word' id='word_1_270' title='bbox 155 2590 319 2670; x_wconf 71' lang='lat' dir='ltr'><strong>hendisset,</strong></span> <span class='ocrx_word' id='word_1_271' title='bbox 346 2613 432 2672; x_wconf 81' lang='lat' dir='ltr'><strong>quain</strong></span> <span class='ocrx_word' id='word_1_272' title='bbox 458 2593 551 2657; x_wconf 76' lang='lat' dir='ltr'><strong>terret</strong></span> <span class='ocrx_word' id='word_1_273' title='bbox 569 2593 687 2674; x_wconf 77' lang='lat' dir='ltr'><strong>tyranni</strong></span> <span class='ocrx_word' id='word_1_274' title='bbox 707 2594 827 2656; x_wconf 82' lang='lat' dir='ltr'><strong>ferocia.</strong></span> <span class='ocrx_word' id='word_1_275' title='bbox 866 2595 929 2654; x_wconf 91' lang='lat' dir='ltr'><strong>Iam</strong></span> <span class='ocrx_word' id='word_1_276' title='bbox 947 2595 1016 2654; x_wconf 88' lang='lat' dir='ltr'><strong>satis</strong></span> <span class='ocrx_word' id='word_1_277' title='bbox 1035 2615 1090 2674; x_wconf 89' lang='lat' dir='ltr'><strong>per</strong></span> <span class='ocrx_word' id='word_1_278' title='bbox 1108 2613 1140 2654; x_wconf 86' lang='lat' dir='ltr'><strong>se</strong></span> <span class='ocrx_word' id='word_1_279' title='bbox 1160 2591 1265 2653; x_wconf 84' lang='lat' dir='ltr'><strong>odiosa</strong></span> <span class='ocrx_word' id='word_1_280' title='bbox 1286 2603 1317 2652; x_wconf 84' lang='lat' dir='ltr'><strong>ct</strong></span> 
     </span>
     <span class='ocr_line' id='line_1_30' title="bbox 151 2665 1317 2751; baseline 0.003 -27"><span class='ocrx_word' id='word_1_281' title='bbox 151 2665 273 2728; x_wconf 76' lang='lat' dir='ltr'><strong>&#39;infamis</strong></span> <span class='ocrx_word' id='word_1_282' title='bbox 294 2679 357 2728; x_wconf 85' lang='lat' dir='ltr'><strong>erat</strong></span> <span class='ocrx_word' id='word_1_283' title='bbox 375 2667 444 2729; x_wconf 89' lang='lat' dir='ltr'><strong>iacti</strong></span> <span class='ocrx_word' id='word_1_284' title='bbox 456 2669 606 2745; x_wconf 78' lang='lat' dir='ltr'><strong>atrocitas,</strong></span> <span class='ocrx_word' id='word_1_285' title='bbox 626 2671 707 2750; x_wconf 88' lang='lat' dir='ltr'><strong>quod</strong></span> <span class='ocrx_word' id='word_1_286' title='bbox 727 2691 789 2730; x_wconf 90' lang='lat' dir='ltr'><strong>non</strong></span> <span class='ocrx_word' id='word_1_287' title='bbox 807 2671 899 2732; x_wconf 89' lang='lat' dir='ltr'><strong>modo</strong></span> <span class='ocrx_word' id='word_1_288' title='bbox 918 2669 1044 2730; x_wconf 88' lang='lat' dir='ltr'><strong>alienam</strong></span> <span class='ocrx_word' id='word_1_289' title='bbox 1062 2689 1184 2730; x_wconf 84' lang='lat' dir='ltr'><strong>uxorein</strong></span> <span class='ocrx_word' id='word_1_290' title='bbox 1203 2690 1219 2729; x_wconf 86' lang='lat' dir='ltr'><strong>a</strong></span> <span class='ocrx_word' id='word_1_291' title='bbox 1241 2667 1317 2751; x_wconf 79' lang='lat' dir='ltr'><strong>legi-</strong></span> 
     </span>
     <span class='ocr_line' id='line_1_31' title="bbox 154 2743 1317 2828; baseline 0.001 -25"><span class='ocrx_word' id='word_1_292' title='bbox 154 2743 228 2804; x_wconf 88' lang='lat' dir='ltr'><strong>timo</strong></span> <span class='ocrx_word' id='word_1_293' title='bbox 248 2755 317 2804; x_wconf 92' lang='lat' dir='ltr'><strong>toro</strong></span> <span class='ocrx_word' id='word_1_294' title='bbox 335 2743 492 2806; x_wconf 86' lang='lat' dir='ltr'><strong>abductam</strong></span> <span class='ocrx_word' id='word_1_295' title='bbox 511 2745 593 2806; x_wconf 88' lang='lat' dir='ltr'><strong>domi</strong></span> <span class='ocrx_word' id='word_1_296' title='bbox 612 2767 680 2806; x_wconf 87' lang='lat' dir='ltr'><strong>suae</strong></span> <span class='ocrx_word' id='word_1_297' title='bbox 700 2745 803 2822; x_wconf 86' lang='lat' dir='ltr'><strong>aleret,</strong></span> <span class='ocrx_word' id='word_1_298' title='bbox 822 2745 874 2807; x_wconf 88' lang='lat' dir='ltr'><strong>scd</strong></span> <span class='ocrx_word' id='word_1_299' title='bbox 894 2747 976 2828; x_wconf 88' lang='lat' dir='ltr'><strong>quod</strong></span> <span class='ocrx_word' id='word_1_300' title='bbox 995 2747 1071 2807; x_wconf 86' lang='lat' dir='ltr'><strong>hanc</strong></span> <span class='ocrx_word' id='word_1_301' title='bbox 1089 2746 1227 2806; x_wconf 88' lang='lat' dir='ltr'><strong>iniuriam</strong></span> <span class='ocrx_word' id='word_1_302' title='bbox 1246 2765 1317 2827; x_wconf 86' lang='lat' dir='ltr'><strong>gei·-</strong></span> 
     </span>
     <span class='ocr_line' id='line_1_32' title="bbox 154 2815 1318 2904; baseline 0.002 -26"><span class='ocrx_word' id='word_1_303' title='bbox 154 2839 243 2880; x_wconf 84' lang='lat' dir='ltr'><strong>mano</strong></span> <span class='ocrx_word' id='word_1_304' title='bbox 263 2819 347 2880; x_wconf 87' lang='lat' dir='ltr'><strong>fratri</strong></span> <span class='ocrx_word' id='word_1_305' title='bbox 366 2819 515 2880; x_wconf 86' lang='lat' dir='ltr'><strong>intulerat.</strong></span> <span class='ocrx_word' id='word_1_306' title='bbox 552 2815 655 2896; x_wconf 82' lang='lat' dir='ltr'><strong>Quum</strong></span> <span class='ocrx_word' id='word_1_307' title='bbox 674 2823 789 2883; x_wconf 85' lang='lat' dir='ltr'><strong>accedit</strong></span> <span class='ocrx_word' id='word_1_308' title='bbox 807 2823 901 2884; x_wconf 88' lang='lat' dir='ltr'><strong>libera</strong></span> <span class='ocrx_word' id='word_1_309' title='bbox 921 2823 1042 2884; x_wconf 85' lang='lat' dir='ltr'><strong>Ioannis</strong></span> <span class='ocrx_word' id='word_1_310' title='bbox 1050 2822 1235 2904; x_wconf 75' lang='lat' dir='ltr'><strong>obiurgatio,</strong></span> <span class='ocrx_word' id='word_1_311' title='bbox 1253 2842 1318 2880; x_wconf 89' lang='lat' dir='ltr'><strong>non</strong></span> 
     </span>
     <span class='ocr_line' id='line_1_33' title="bbox 154 2894 1316 2978; baseline -0.002 -20"><span class='ocrx_word' id='word_1_312' title='bbox 154 2894 262 2975; x_wconf 71' lang='lat' dir='ltr'><strong>irustra</strong></span> <span class='ocrx_word' id='word_1_313' title='bbox 285 2896 370 2956; x_wconf 87' lang='lat' dir='ltr'><strong>timet</strong></span> <span class='ocrx_word' id='word_1_314' title='bbox 388 2896 537 2972; x_wconf 85' lang='lat' dir='ltr'><strong>Herodes,</strong></span> <span class='ocrx_word' id='word_1_315' title='bbox 554 2917 607 2976; x_wconf 8' lang='lat' dir='ltr'><strong>*ne</strong></span> <span class='ocrx_word' id='word_1_316' title='bbox 633 2919 691 2978; x_wconf 87' lang='lat' dir='ltr'><strong>qua</strong></span> <span class='ocrx_word' id='word_1_317' title='bbox 714 2911 840 2978; x_wconf 86' lang='lat' dir='ltr'><strong>repente</strong></span> <span class='ocrx_word' id='word_1_318' title='bbox 864 2899 971 2960; x_wconf 89' lang='lat' dir='ltr'><strong>seditio</strong></span> <span class='ocrx_word' id='word_1_319' title='bbox 997 2899 1117 2960; x_wconf 88' lang='lat' dir='ltr'><strong>oriatur.</strong></span> <span class='ocrx_word' id='word_1_320' title='bbox 1156 2899 1316 2960; x_wconf 87' lang='lat' dir='ltr'><strong>Peccatum</strong></span> 
     </span>
     <span class='ocr_line' id='line_1_34' title="bbox 156 2971 1316 3055; baseline 0.003 -26"><span class='ocrx_word' id='word_1_321' title='bbox 156 2972 307 3054; x_wconf 83' lang='lat' dir='ltr'><strong>corrigere</strong></span> <span class='ocrx_word' id='word_1_322' title='bbox 326 2993 388 3032; x_wconf 91' lang='lat' dir='ltr'><strong>non</strong></span> <span class='ocrx_word' id='word_1_323' title='bbox 406 2972 524 3032; x_wconf 87' lang='lat' dir='ltr'><strong>sinebat</strong></span> <span class='ocrx_word' id='word_1_324' title='bbox 543 2971 651 3034; x_wconf 83' lang='lat' dir='ltr'><strong>libido:</strong></span> <span class='ocrx_word' id='word_1_325' title='bbox 670 2973 771 3034; x_wconf 83' lang='lat' dir='ltr'><strong>vincto</strong></span> <span class='ocrx_word' id='word_1_326' title='bbox 791 2986 889 3039; x_wconf 80' lang='lat' dir='ltr'><strong>autem</strong></span> <span class='ocrx_word' id='word_1_327' title='bbox 908 2974 967 3036; x_wconf 86' lang='lat' dir='ltr'><strong>Ilei</strong></span> <span class='ocrx_word' id='word_1_328' title='bbox 986 2975 1138 3055; x_wconf 88' lang='lat' dir='ltr'><strong>Propheta</strong></span> <span class='ocrx_word' id='word_1_329' title='bbox 1156 2973 1214 3034; x_wconf 87' lang='lat' dir='ltr'><strong>sibi</strong></span> <span class='ocrx_word' id='word_1_330' title='bbox 1233 2986 1316 3034; x_wconf 75' lang='lat' dir='ltr'><strong>uari-</strong></span> 
     </span>
     <span class='ocr_line' id='line_1_35' title="bbox 155 3045 1316 3127; baseline 0.005 -23"><span class='ocrx_word' id='word_1_331' title='bbox 155 3045 274 3126; x_wconf 88' lang='lat' dir='ltr'><strong>qnillam</strong></span> <span class='ocrx_word' id='word_1_332' title='bbox 292 3047 442 3108; x_wconf 83' lang='lat' dir='ltr'><strong>licentiam</strong></span> <span class='ocrx_word' id='word_1_333' title='bbox 461 3048 615 3127; x_wconf 80' lang='lat' dir='ltr'><strong>promittit.</strong></span> <span class='ocrx_word' id='word_1_334' title='bbox 653 3051 803 3111; x_wconf 86' lang='lat' dir='ltr'><strong>Historiae</strong></span> <span class='ocrx_word' id='word_1_335' title='bbox 821 3049 938 3113; x_wconf 88' lang='lat' dir='ltr'><strong>inscitia</strong></span> <span class='ocrx_word' id='word_1_336' title='bbox 957 3051 1065 3113; x_wconf 84' lang='lat' dir='ltr'><strong>factum</strong></span> <span class='ocrx_word' id='word_1_337' title='bbox 1086 3064 1145 3126; x_wconf 89' lang='lat' dir='ltr'><strong>cst,</strong></span> <span class='ocrx_word' id='word_1_338' title='bbox 1177 3063 1212 3110; x_wconf 91' lang='lat' dir='ltr'><strong>ut</strong></span> <span class='ocrx_word' id='word_1_339' title='bbox 1230 3050 1316 3110; x_wconf 86' lang='lat' dir='ltr'><strong>multi</strong></span> 
     </span>
     <span class='ocr_line' id='line_1_36' title="bbox 153 3125 1316 3215; baseline 0.004 -34"><span class='ocrx_word' id='word_1_340' title='bbox 153 3141 361 3202; x_wconf 77' lang='lat' dir='ltr'><strong>supervacuam</strong></span> <span class='ocrx_word' id='word_1_341' title='bbox 383 3125 611 3215; x_wconf 86' lang='lat' dir='ltr'><strong>disputationem</strong></span> <span class='ocrx_word' id='word_1_342' title='bbox 630 3126 639 3141; x_wconf 89' lang='lat'>&#39;</span> <span class='ocrx_word' id='word_1_343' title='bbox 683 3127 816 3202; x_wconf 79' lang='lat' dir='ltr'><strong>asserint,</strong></span> <span class='ocrx_word' id='word_1_344' title='bbox 835 3129 961 3189; x_wconf 85' lang='lat' dir='ltr'><strong>liceatne</strong></span> <span class='ocrx_word' id='word_1_345' title='bbox 980 3129 1053 3188; x_wconf 85' lang='lat' dir='ltr'><strong>mibi</strong></span> <span class='ocrx_word' id='word_1_346' title='bbox 1064 3128 1172 3188; x_wconf 85' lang='lat' dir='ltr'><strong>docere</strong></span> <span class='ocrx_word' id='word_1_347' title='bbox 1183 3147 1316 3202; x_wconf 80' lang='lat' dir='ltr'><strong>uxorem,</strong></span> 
     </span>
     <span class='ocr_line' id='line_1_37' title="bbox 154 3198 1314 3332; baseline 0.004 -74"><span class='ocrx_word' id='word_1_348' title='bbox 154 3219 231 3332; x_wconf 66' lang='lat' dir='ltr'><strong>qpae</strong></span> <span class='ocrx_word' id='word_1_349' title='bbox 248 3198 329 3278; x_wconf 83' lang='lat' dir='ltr'><strong>prius</strong></span> <span class='ocrx_word' id='word_1_350' title='bbox 348 3199 431 3261; x_wconf 81' lang='lat' dir='ltr'><strong>fratri</strong></span> <span class='ocrx_word' id='word_1_351' title='bbox 449 3220 519 3262; x_wconf 88' lang='lat' dir='ltr'><strong>meo</strong></span> <span class='ocrx_word' id='word_1_352' title='bbox 539 3215 630 3284; x_wconf 88' lang='lat' dir='ltr'><strong>nupta</strong></span> <span class='ocrx_word' id='word_1_353' title='bbox 662 3204 715 3264; x_wconf 85' lang='lat' dir='ltr'><strong>uit</strong></span> <span class='ocrx_word' id='word_1_354' title='bbox 764 3205 945 3284; x_wconf 48' lang='lat' dir='ltr'><strong>,Quanquam</strong></span> <span class='ocrx_word' id='word_1_355' title='bbox 965 3205 1044 3265; x_wconf 84' lang='lat' dir='ltr'><strong>enim</strong></span> <span class='ocrx_word' id='word_1_356' title='bbox 1064 3225 1081 3264; x_wconf 90' lang='lat' dir='ltr'><strong>a</strong></span> <span class='ocrx_word' id='word_1_357' title='bbox 1099 3204 1151 3264; x_wconf 91' lang='lat' dir='ltr'><strong>tali</strong></span> <span class='ocrx_word' id='word_1_358' title='bbox 1172 3203 1314 3288; x_wconf 68' lang='lat' dir='ltr'><strong>conmgio</strong></span> 
     </span>
    </p>

    <p class='ocr_par' dir='ltr' id='par_1_13' title="bbox 142 3275 1315 3824">
     <span class='ocr_line' id='line_1_38' title="bbox 142 3275 1314 3372; baseline 0.004 -39"><span class='ocrx_word' id='word_1_359' title='bbox 142 3295 169 3347; x_wconf 81' lang='lat' dir='ltr'><strong>¹a</strong></span> <span class='ocrx_word' id='word_1_360' title='bbox 194 3275 312 3336; x_wconf 89' lang='lat' dir='ltr'><strong>horreat</strong></span> <span class='ocrx_word' id='word_1_361' title='bbox 329 3287 452 3338; x_wconf 85' lang='lat' dir='ltr'><strong>naturae</strong></span> <span class='ocrx_word' id='word_1_362' title='bbox 472 3279 580 3359; x_wconf 89' lang='lat' dir='ltr'><strong>pudor,</strong></span> <span class='ocrx_word' id='word_1_363' title='bbox 598 3293 713 3364; x_wconf 86' lang='lat' dir='ltr'><strong>raptum</strong></span> <span class='ocrx_word' id='word_1_364' title='bbox 726 3292 823 3341; x_wconf 88' lang='lat' dir='ltr'><strong>tamen</strong></span> <span class='ocrx_word' id='word_1_365' title='bbox 835 3301 881 3341; x_wconf 91' lang='lat' dir='ltr'><strong>ma</strong></span> <span class='ocrx_word' id='word_1_366' title='bbox 904 3279 1207 3356; x_wconf 81' lang='lat' dir='ltr'><strong>isdamnatloannes,</strong></span> <span class='ocrx_word' id='word_1_367' title='bbox 1228 3299 1314 3372; x_wconf 78' lang='lat' dir='ltr'><strong>qnam</strong></span> 
     </span>
     <span class='ocr_line' id='line_1_39' title="bbox 153 3301 1315 3439; baseline 0.008 -31"><span class='ocrx_word' id='word_1_368' title='bbox 153 3351 311 3412; x_wconf 88' lang='lat' dir='ltr'><strong>incestum:</strong></span> <span class='ocrx_word' id='word_1_369' title='bbox 343 3353 411 3433; x_wconf 87' lang='lat' dir='ltr'><strong>quia</strong></span> <span class='ocrx_word' id='word_1_370' title='bbox 429 3351 566 3416; x_wconf 82' lang='lat' dir='ltr'><strong>Herodes</strong></span> <span class='ocrx_word' id='word_1_371' title='bbox 588 3377 643 3438; x_wconf 82' lang='lat' dir='ltr'><strong>per</strong></span> <span class='ocrx_word' id='word_1_372' title='bbox 670 3359 729 3420; x_wconf 79' lang='lat' dir='ltr'><strong>rim</strong></span> <span class='ocrx_word' id='word_1_373' title='bbox 747 3357 795 3420; x_wconf 81' lang='lat' dir='ltr'><strong>vel</strong></span> <span class='ocrx_word' id='word_1_374' title='bbox 816 3301 920 3418; x_wconf 72' lang='lat' dir='ltr'><strong>fraude</strong></span> <span class='ocrx_word' id='word_1_375' title='bbox 939 3358 1061 3418; x_wconf 79' lang='lat' dir='ltr'><strong>tratrem</strong></span> <span class='ocrx_word' id='word_1_376' title='bbox 1080 3377 1163 3418; x_wconf 88' lang='lat' dir='ltr'><strong>suuni</strong></span> <span class='ocrx_word' id='word_1_377' title='bbox 1182 3357 1315 3439; x_wconf 84' lang='lat' dir='ltr'><strong>legitima</strong></span> 
     </span>
     <span class='ocr_line' id='line_1_40' title="bbox 151 3429 1314 3525; baseline 0.006 -39"><span class='ocrx_word' id='word_1_378' title='bbox 151 3447 242 3488; x_wconf 80' lang='lat' dir='ltr'><strong>uxore</strong></span> <span class='ocrx_word' id='word_1_379' title='bbox 260 3429 445 3510; x_wconf 83' lang='lat' dir='ltr'><strong>spoliaverat.</strong></span> <span class='ocrx_word' id='word_1_380' title='bbox 484 3433 525 3492; x_wconf 88' lang='lat' dir='ltr'><strong>Et</strong></span> <span class='ocrx_word' id='word_1_381' title='bbox 543 3433 653 3525; x_wconf 76' lang='lat' dir='ltr'><strong>alioqui</strong></span> <span class='ocrx_word' id='word_1_382' title='bbox 665 3435 767 3496; x_wconf 78' lang='lat' dir='ltr'><strong>&#39;minus</strong></span> <span class='ocrx_word' id='word_1_383' title='bbox 787 3431 815 3494; x_wconf 90' lang='lat' dir='ltr'><strong>ei</strong></span> <span class='ocrx_word' id='word_1_384' title='bbox 835 3433 944 3496; x_wconf 88' lang='lat' dir='ltr'><strong>licebat</strong></span> <span class='ocrx_word' id='word_1_385' title='bbox 960 3446 1083 3525; x_wconf 83' lang='lat' dir='ltr'><strong>neptem</strong></span> <span class='ocrx_word' id='word_1_386' title='bbox 1101 3453 1199 3509; x_wconf 75' lang='lat' dir='ltr'><strong>niam,</strong></span> <span class='ocrx_word' id='word_1_387' title='bbox 1228 3455 1314 3514; x_wconf 89' lang='lat' dir='ltr'><strong>quain</strong></span> 
     </span>
     <span class='ocr_line' id='line_1_41' title="bbox 152 3504 1313 3590; baseline 0.005 -28"><span class='ocrx_word' id='word_1_388' title='bbox 152 3504 250 3566; x_wconf 82' lang='lat' dir='ltr'><strong>fratris</strong></span> <span class='ocrx_word' id='word_1_389' title='bbox 269 3508 379 3585; x_wconf 81' lang='lat' dir='ltr'><strong>mortpi</strong></span> <span class='ocrx_word' id='word_1_390' title='bbox 399 3529 519 3570; x_wconf 82' lang='lat' dir='ltr'><strong>uxorem</strong></span> <span class='ocrx_word' id='word_1_391' title='bbox 540 3531 575 3570; x_wconf 80' lang='lat' dir='ltr'><strong>ex</strong></span> <span class='ocrx_word' id='word_1_392' title='bbox 593 3510 734 3572; x_wconf 77' lang='lat' dir='ltr'><strong>viduitate</strong></span> <span class='ocrx_word' id='word_1_393' title='bbox 753 3531 877 3572; x_wconf 87' lang='lat' dir='ltr'><strong>sumere.</strong></span> <span class='ocrx_word' id='word_1_394' title='bbox 913 3513 958 3572; x_wconf 79' lang='lat' dir='ltr'><strong>Ac</strong></span> <span class='ocrx_word' id='word_1_395' title='bbox 977 3512 1097 3572; x_wconf 84' lang='lat' dir='ltr'><strong>minime</strong></span> <span class='ocrx_word' id='word_1_396' title='bbox 1119 3511 1237 3590; x_wconf 87' lang='lat' dir='ltr'><strong>quidem</strong></span> <span class='ocrx_word' id='word_1_397' title='bbox 1257 3511 1313 3569; x_wconf 89' lang='lat' dir='ltr'><strong>du·</strong></span> 
     </span>
     <span class='ocr_line' id='line_1_42' title="bbox 152 3579 1315 3673; baseline 0.003 -32"><span class='ocrx_word' id='word_1_398' title='bbox 152 3579 233 3673; x_wconf 78' lang='lat' dir='ltr'><strong>bium</strong></span> <span class='ocrx_word' id='word_1_399' title='bbox 254 3596 314 3660; x_wconf 88' lang='lat' dir='ltr'><strong>est,</strong></span> <span class='ocrx_word' id='word_1_400' title='bbox 345 3580 415 3664; x_wconf 78' lang='lat' dir='ltr'><strong>quiri</strong></span> <span class='ocrx_word' id='word_1_401' title='bbox 435 3585 580 3669; x_wconf 82' lang='lat' dir='ltr'><strong>flagitium</strong></span> <span class='ocrx_word' id='word_1_402' title='bbox 599 3598 659 3646; x_wconf 88' lang='lat' dir='ltr'><strong>tani</strong></span> <span class='ocrx_word' id='word_1_403' title='bbox 678 3587 805 3648; x_wconf 86' lang='lat' dir='ltr'><strong>immane</strong></span> <span class='ocrx_word' id='word_1_404' title='bbox 824 3587 930 3668; x_wconf 88' lang='lat' dir='ltr'><strong>passim</strong></span> <span class='ocrx_word' id='word_1_405' title='bbox 949 3587 1115 3648; x_wconf 84' lang='lat' dir='ltr'><strong>traductum</strong></span> <span class='ocrx_word' id='word_1_406' title='bbox 1137 3587 1240 3660; x_wconf 81' lang='lat' dir='ltr'><strong>fucrit,</strong></span> <span class='ocrx_word' id='word_1_407' title='bbox 1259 3585 1315 3644; x_wconf 88' lang='lat' dir='ltr'><strong>sed</strong></span> 
     </span>
     <span class='ocr_line' id='line_1_43' title="bbox 150 3657 1314 3726; baseline 0.002 -6"><span class='ocrx_word' id='word_1_408' title='bbox 150 3657 200 3720; x_wconf 86' lang='lat' dir='ltr'><strong>alii</strong></span> <span class='ocrx_word' id='word_1_409' title='bbox 220 3661 276 3720; x_wconf 90' lang='lat' dir='ltr'><strong>suis</strong></span> <span class='ocrx_word' id='word_1_410' title='bbox 295 3659 457 3723; x_wconf 87' lang='lat' dir='ltr'><strong>maledictis</strong></span> <span class='ocrx_word' id='word_1_411' title='bbox 480 3661 634 3723; x_wconf 86' lang='lat' dir='ltr'><strong>absentem</strong></span> <span class='ocrx_word' id='word_1_412' title='bbox 651 3661 806 3724; x_wconf 74' lang='lat' dir='ltr'><strong>Herodem</strong></span> <span class='ocrx_word' id='word_1_413' title='bbox 830 3665 989 3726; x_wconf 76' lang='lat' dir='ltr'><strong>vexabanta</strong></span> <span class='ocrx_word' id='word_1_414' title='bbox 1027 3663 1106 3724; x_wconf 85' lang='lat' dir='ltr'><strong>soliis</strong></span> <span class='ocrx_word' id='word_1_415' title='bbox 1127 3665 1255 3724; x_wconf 83' lang='lat' dir='ltr'><strong>Ioannes</strong></span> <span class='ocrx_word' id='word_1_416' title='bbox 1281 3663 1314 3722; x_wconf 89' lang='lat' dir='ltr'><strong>in</strong></span> 
     </span>
     <span class='ocr_line' id='line_1_44' title="bbox 149 3735 1313 3824; baseline 0.005 -30"><span class='ocrx_word' id='word_1_417' title='bbox 149 3735 211 3796; x_wconf 85' lang='lat' dir='ltr'><strong>eius</strong></span> <span class='ocrx_word' id='word_1_418' title='bbox 232 3750 431 3819; x_wconf 86' lang='lat' dir='ltr'><strong>conspectum</strong></span> <span class='ocrx_word' id='word_1_419' title='bbox 443 3739 554 3817; x_wconf 87' lang='lat' dir='ltr'><strong>prodit,</strong></span> <span class='ocrx_word' id='word_1_420' title='bbox 574 3751 605 3799; x_wconf 86' lang='lat' dir='ltr'><strong>ct</strong></span> <span class='ocrx_word' id='word_1_421' title='bbox 623 3739 717 3800; x_wconf 90' lang='lat' dir='ltr'><strong>libere</strong></span> <span class='ocrx_word' id='word_1_422' title='bbox 737 3761 839 3802; x_wconf 85' lang='lat' dir='ltr'><strong>coram</strong></span> <span class='ocrx_word' id='word_1_423' title='bbox 851 3741 1001 3824; x_wconf 78' lang='lat' dir='ltr'><strong>obiurgat,</strong></span> <span class='ocrx_word' id='word_1_424' title='bbox 1019 3741 1044 3802; x_wconf 87' lang='lat' dir='ltr'><strong>si</strong></span> <span class='ocrx_word' id='word_1_425' title='bbox 1057 3759 1117 3820; x_wconf 86' lang='lat' dir='ltr'><strong>quo</strong></span> <span class='ocrx_word' id='word_1_426' title='bbox 1129 3742 1209 3800; x_wconf 83' lang='lat' dir='ltr'><strong>sorte</strong></span> <span class='ocrx_word' id='word_1_427' title='bbox 1221 3741 1313 3800; x_wconf 90' lang='lat' dir='ltr'><strong>modo</strong></span> 
     </span>
    </p>

    <p class='ocr_par' dir='ltr' id='par_1_14' title="bbox 146 3813 1314 3986">
     <span class='ocr_line' id='line_1_45' title="bbox 148 3813 1314 3894; baseline 0.004 -24"><span class='ocrx_word' id='word_1_428' title='bbox 148 3813 186 3872; x_wconf 79' lang='lat' dir='ltr'><strong>ed</strong></span> <span class='ocrx_word' id='word_1_429' title='bbox 228 3813 419 3875; x_wconf 78' lang='lat' dir='ltr'><strong>oscitantiam</strong></span> <span class='ocrx_word' id='word_1_430' title='bbox 438 3815 532 3894; x_wconf 84' lang='lat' dir='ltr'><strong>possit</strong></span> <span class='ocrx_word' id='word_1_431' title='bbox 551 3815 664 3876; x_wconf 88' lang='lat' dir='ltr'><strong>adduci.</strong></span> <span class='ocrx_word' id='word_1_432' title='bbox 704 3817 793 3877; x_wconf 87' lang='lat' dir='ltr'><strong>Unde</strong></span> <span class='ocrx_word' id='word_1_433' title='bbox 809 3818 955 3893; x_wconf 87' lang='lat' dir='ltr'><strong>discimus,</strong></span> <span class='ocrx_word' id='word_1_434' title='bbox 1016 3837 1062 3878; x_wconf 88' lang='lat' dir='ltr'><strong>arn</strong></span> <span class='ocrx_word' id='word_1_435' title='bbox 1075 3813 1229 3877; x_wconf 83' lang='lat' dir='ltr'><strong>inflexibili</strong></span> <span class='ocrx_word' id='word_1_436' title='bbox 1249 3816 1314 3876; x_wconf 85' lang='lat' dir='ltr'><strong>ior-</strong></span> 
     </span>
     <span class='ocr_line' id='line_1_46' title="bbox 146 3833 1314 3986; baseline 0.004 -40"><span class='ocrx_word' id='word_1_437' title='bbox 146 3833 274 3950; x_wconf 79' lang='lat' dir='ltr'><strong>titudiiie</strong></span> <span class='ocrx_word' id='word_1_438' title='bbox 299 3889 458 3951; x_wconf 86' lang='lat' dir='ltr'><strong>instructos</strong></span> <span class='ocrx_word' id='word_1_439' title='bbox 484 3912 546 3954; x_wconf 82' lang='lat' dir='ltr'><strong>csse</strong></span> <span class='ocrx_word' id='word_1_440' title='bbox 571 3903 709 3972; x_wconf 87' lang='lat' dir='ltr'><strong>oporteat</strong></span> <span class='ocrx_word' id='word_1_441' title='bbox 732 3890 793 3954; x_wconf 86' lang='lat' dir='ltr'><strong>Dei</strong></span> <span class='ocrx_word' id='word_1_442' title='bbox 819 3915 935 3969; x_wconf 86' lang='lat' dir='ltr'><strong>servos,</strong></span> <span class='ocrx_word' id='word_1_443' title='bbox 1006 3891 1016 3952; x_wconf 93' lang='lat' dir='ltr'><strong>i</strong></span> <span class='ocrx_word' id='word_1_444' title='bbox 1042 3892 1314 3986; x_wconf 82' lang='lat' dir='ltr'><strong>comprincipibus</strong></span> 
     </span>
    </p>

    <p class='ocr_par' dir='ltr' id='par_1_15' title="bbox 148 3965 1388 4052">
     <span class='ocr_line' id='line_1_47' title="bbox 148 3965 1388 4052; baseline 0.006 -30"><span class='ocrx_word' id='word_1_445' title='bbox 148 3966 301 4044; x_wconf 76' lang='lat' dir='ltr'><strong>negotium</strong></span> <span class='ocrx_word' id='word_1_446' title='bbox 322 3977 378 4026; x_wconf 86' lang='lat' dir='ltr'><strong>est:</strong></span> <span class='ocrx_word' id='word_1_447' title='bbox 399 3987 468 4026; x_wconf 88' lang='lat' dir='ltr'><strong>narn</strong></span> <span class='ocrx_word' id='word_1_448' title='bbox 486 3967 517 4025; x_wconf 92' lang='lat' dir='ltr'><strong>in</strong></span> <span class='ocrx_word' id='word_1_449' title='bbox 539 3965 674 4030; x_wconf 85' lang='lat' dir='ltr'><strong>omnibus</strong></span> <span class='ocrx_word' id='word_1_450' title='bbox 690 3969 754 4030; x_wconf 84' lang='lat' dir='ltr'><strong>lere</strong></span> <span class='ocrx_word' id='word_1_451' title='bbox 773 3970 846 4032; x_wconf 88' lang='lat' dir='ltr'><strong>aulis</strong></span> <span class='ocrx_word' id='word_1_452' title='bbox 864 3973 972 4052; x_wconf 81' lang='lat' dir='ltr'><strong>regitat</strong></span> <span class='ocrx_word' id='word_1_453' title='bbox 985 3969 1148 4050; x_wconf 74' lang='lat' dir='ltr'><strong>hypocrisis</strong></span> <span class='ocrx_word' id='word_1_454' title='bbox 1169 3981 1203 4030; x_wconf 85' lang='lat' dir='ltr'><strong>et</strong></span> <span class='ocrx_word' id='word_1_455' title='bbox 1221 3969 1314 4030; x_wconf 84' lang='lat' dir='ltr'><strong>servi·</strong></span> <span class='ocrx_word' id='word_1_456' title='bbox 1387 3985 1388 4040; x_wconf 68' lang='lat'>3</span> 
     </span>
    </p>

    <p class='ocr_par' dir='ltr' id='par_1_16' title="bbox 147 4038 1388 4125">
     <span class='ocr_line' id='line_1_48' title="bbox 147 4038 1388 4125; baseline 0.009 -29"><span class='ocrx_word' id='word_1_457' title='bbox 147 4038 182 4098; x_wconf 87' lang='lat' dir='ltr'><strong>lii</strong></span> <span class='ocrx_word' id='word_1_458' title='bbox 202 4040 343 4116; x_wconf 73' lang='lat' dir='ltr'><strong>adulatio,</strong></span> <span class='ocrx_word' id='word_1_459' title='bbox 361 4042 402 4104; x_wconf 86' lang='lat' dir='ltr'><strong>ita</strong></span> <span class='ocrx_word' id='word_1_460' title='bbox 419 4043 589 4124; x_wconf 88' lang='lat' dir='ltr'><strong>principum</strong></span> <span class='ocrx_word' id='word_1_461' title='bbox 609 4065 692 4106; x_wconf 85' lang='lat' dir='ltr'><strong>aures</strong></span> <span class='ocrx_word' id='word_1_462' title='bbox 712 4045 825 4107; x_wconf 86' lang='lat' dir='ltr'><strong>deliciis</strong></span> <span class='ocrx_word' id='word_1_463' title='bbox 844 4055 976 4106; x_wconf 85' lang='lat' dir='ltr'><strong>assuetae</strong></span> <span class='ocrx_word' id='word_1_464' title='bbox 995 4065 1098 4108; x_wconf 84' lang='lat' dir='ltr'><strong>vocem</strong></span> <span class='ocrx_word' id='word_1_465' title='bbox 1112 4045 1235 4120; x_wconf 91' lang='lat' dir='ltr'><strong>nullam,</strong></span> <span class='ocrx_word' id='word_1_466' title='bbox 1255 4063 1312 4125; x_wconf 82' lang='lat' dir='ltr'><strong>qua</strong></span> <span class='ocrx_word' id='word_1_467' title='bbox 1387 4049 1388 4090; x_wconf 65' lang='lat'><em>³</em></span> 
     </span>
    </p>

    <p class='ocr_par' dir='ltr' id='par_1_17' title="bbox 147 4117 1388 4202">
     <span class='ocr_line' id='line_1_49' title="bbox 147 4117 1388 4202; baseline 0.005 -30"><span class='ocrx_word' id='word_1_468' title='bbox 147 4117 279 4194; x_wconf 88' lang='lat' dir='ltr'><strong>asperius</strong></span> <span class='ocrx_word' id='word_1_469' title='bbox 298 4119 367 4188; x_wconf 84' lang='lat' dir='ltr'><strong>vitia</strong></span> <span class='ocrx_word' id='word_1_470' title='bbox 387 4140 438 4179; x_wconf 91' lang='lat' dir='ltr'><strong>sua</strong></span> <span class='ocrx_word' id='word_1_471' title='bbox 460 4131 609 4196; x_wconf 80' lang='lat' dir='ltr'><strong>taxentur,</strong></span> <span class='ocrx_word' id='word_1_472' title='bbox 638 4122 806 4182; x_wconf 85' lang='lat' dir='ltr'><strong>admittunt.</strong></span> <span class='ocrx_word' id='word_1_473' title='bbox 843 4122 906 4184; x_wconf 85' lang='lat' dir='ltr'><strong>Sed</strong></span> <span class='ocrx_word' id='word_1_474' title='bbox 926 4121 993 4202; x_wconf 88' lang='lat' dir='ltr'><strong>quia</strong></span> <span class='ocrx_word' id='word_1_475' title='bbox 1013 4120 1107 4182; x_wconf 87' lang='lat' dir='ltr'><strong>scelus</strong></span> <span class='ocrx_word' id='word_1_476' title='bbox 1127 4123 1238 4182; x_wconf 85' lang='lat' dir='ltr'><strong>adeot</strong></span> <span class='ocrx_word' id='word_1_477' title='bbox 1295 4140 1313 4179; x_wconf 88' lang='lat' dir='ltr'><strong>e</strong></span> <span class='ocrx_word' id='word_1_478' title='bbox 1387 4155 1388 4178; x_wconf 70' lang='lat' dir='ltr'><strong>i</strong></span> 
     </span>
    </p>

    <p class='ocr_par' dir='ltr' id='par_1_18' title="bbox 147 4188 1311 4283">
     <span class='ocr_line' id='line_1_50' title="bbox 147 4188 1311 4283; baseline 0.008 -37"><span class='ocrx_word' id='word_1_479' title='bbox 147 4188 207 4248; x_wconf 90' lang='lat' dir='ltr'><strong>Dei</strong></span> <span class='ocrx_word' id='word_1_480' title='bbox 222 4189 391 4283; x_wconf 84' lang='lat' dir='ltr'><strong>Prophetae</strong></span> <span class='ocrx_word' id='word_1_481' title='bbox 411 4193 531 4276; x_wconf 82' lang='lat' dir='ltr'><strong>miniipe</strong></span> <span class='ocrx_word' id='word_1_482' title='bbox 552 4197 789 4258; x_wconf 85' lang='lat' dir='ltr'><strong>dissimulandum</strong></span> <span class='ocrx_word' id='word_1_483' title='bbox 810 4209 884 4275; x_wconf 82' lang='lat' dir='ltr'><strong>erat,</strong></span> <span class='ocrx_word' id='word_1_484' title='bbox 903 4197 1040 4278; x_wconf 88' lang='lat' dir='ltr'><strong>procedit</strong></span> <span class='ocrx_word' id='word_1_485' title='bbox 1056 4195 1089 4257; x_wconf 89' lang='lat' dir='ltr'><strong>in</strong></span> <span class='ocrx_word' id='word_1_486' title='bbox 1109 4197 1239 4258; x_wconf 88' lang='lat' dir='ltr'><strong>medium</strong></span> <span class='ocrx_word' id='word_1_487' title='bbox 1276 4217 1311 4255; x_wconf 85' lang='lat' dir='ltr'><strong>o-</strong></span> 
     </span>
    </p>

    <p class='ocr_par' dir='ltr' id='par_1_19' title="bbox 144 4268 1311 4360">
     <span class='ocr_line' id='line_1_51' title="bbox 144 4268 1311 4360; baseline 0.004 -34"><span class='ocrx_word' id='word_1_488' title='bbox 144 4285 247 4345; x_wconf 84' lang='lat' dir='ltr'><strong>annes,</strong></span> <span class='ocrx_word' id='word_1_489' title='bbox 266 4268 337 4334; x_wconf 88' lang='lat' dir='ltr'><strong>licet</strong></span> <span class='ocrx_word' id='word_1_490' title='bbox 353 4270 494 4336; x_wconf 83' lang='lat' dir='ltr'><strong>molestus</strong></span> <span class='ocrx_word' id='word_1_491' title='bbox 514 4283 545 4334; x_wconf 88' lang='lat' dir='ltr'><strong>et</strong></span> <span class='ocrx_word' id='word_1_492' title='bbox 563 4274 696 4360; x_wconf 83' lang='lat' dir='ltr'><strong>ingratus</strong></span> <span class='ocrx_word' id='word_1_493' title='bbox 714 4275 910 4354; x_wconf 66' lang='lat' dir='ltr'><strong>meritonae</strong></span> <span class='ocrx_word' id='word_1_494' title='bbox 922 4293 961 4336; x_wconf 90' lang='lat' dir='ltr'><strong>ne</strong></span> <span class='ocrx_word' id='word_1_495' title='bbox 973 4273 1076 4340; x_wconf 86' lang='lat' dir='ltr'><strong>officio</strong></span> <span class='ocrx_word' id='word_1_496' title='bbox 1095 4295 1151 4338; x_wconf 86' lang='lat' dir='ltr'><strong>suo</strong></span> <span class='ocrx_word' id='word_1_497' title='bbox 1172 4275 1258 4352; x_wconf 82' lang='lat' dir='ltr'><strong>desit,</strong></span> <span class='ocrx_word' id='word_1_498' title='bbox 1277 4271 1311 4331; x_wconf 84' lang='lat' dir='ltr'><strong>iii</strong></span> 
     </span>
    </p>
   </div>
   <div class='ocr_carea' id='block_1_5' title="bbox 0 0 1394 4838">
    <p class='ocr_par' dir='ltr' id='par_1_20' title="bbox 0 0 1394 4838">
     <span class='ocr_line' id='line_1_52' title="bbox 0 0 1394 4838; baseline 0 4"><span class='ocrx_word' id='word_1_499' title='bbox 0 0 1394 4838; x_wconf 95' lang='lat' dir='ltr'><strong> </strong></span> 
     </span>
    </p>
   </div>
  </div>
 </body>
</html>
