2768 4856
452 163 464 199 t

187 221 241 332 m¹
287 241 305 268 ”
573 271 629 332 ιο.
650 269 819 336 catum
838 269 938 333 ulra

186 425 316 488 innotuit
335 423 469 486 omnibus
488 425 623 516 purioris·
633 423 785 518 religionis
795 425 953 518 Ιιῑιιιίἰοδιῖε,
977 398 1055 516 intdr
1074 445 1149 504 quos
1167 426 1316 507 frequen-

185 515 244 564 ter.
261 513 367 586 postea
393 521 456 580 non
479 521 542 562 arne
566 513 817 584 rnsrgnr'ptetatrs
835 512 1008 582 testimonio
1029 514 1317 564 commemorantem

186 601 254 640 eum
272 579 431 642 audirimus
450 575 633 658 Stephanium
646 577 796 660 Forgeum
816 576 963 640 celebrem
983 591 1188 654 mercatorem,
1206 591 1318 660 postea

148 700 151 707 ι
186 676 243 738 pro
263 654 375 716 Christi
398 653 519 714 nomine
544 666 719 731 crematum,
750 655 831 716 cuius
857 654 944 714 etiam
970 676 1081 718 nomen
1105 645 1185 716 edito
1227 667 1316 716 ostca

186 745 291 793 contm
308 719 480 792 Libertinos
496 715 577 790 libro
598 729 767 792 celebrarit.
804 729 853 791 Ab
873 751 911 791 eo
931 742 1145 812 tempore‘sese
1160 731 1204 806 Ca
1235 727 1318 807 inus,

185 807 308 870 abiectis
332 805 452 886 reliquis
477 807 594 882 studiis,
622 807 691 868 Deo
715 818 809 868 totum
843 809 1025 870 consecravit
1053 830 1163 868 summa
1192 809 1316 888 piorum

185 885 332 960 omnium,
363 883 413 964 qui
433 894 494 942 tum
513 883 652 946 Lutetiae
673 883 806 958 occultos
830 895 932 946 coetus
956 883 1120 962 habebant,
1148 884 1319 960 voluntate,

185 981 244 1020 nec
263 959 292 1020 ei
310 981 378 1021 mox
397 959 501 1036 deluit,
519 959 631 1040 inquo
650 981 715 1022 sese
733 970 854 1024 strenue
874 971 1032 1022 exerceret
1070 961 1144 1022 Erat
1161 973 1223 1022 tum
1242 981 1316 1021 aca-

186 1035 299 1098 demiae
319 1035 489 1097 Parisiensis
508 1035 630 1110 Rector,
650 1037 690 1098 ita
709 1036 742 1098 bt
760 1035 819 1098 illic
838 1038 883 1112 lit,
901 1037 1067 1120 designatus
1085 1037 1230 1102 Nicolaus
1246 1037 1315 1097 Co·

184 1133 258 1193 pus,
286 1111 439 1179 Guilielmi
460 1111 539 1193 Gopi
558 1113 726 1174 basiliensis
749 1112 826 1195 regii
845 1112 955 1174 medici
979 1109 1068 1174 filius:
1097 1114 1145 1178 cui
1164 1135 1253 1193 quum
1274 1113 1317 1174 de

184 1207 268 1250 more
292 1189 429 1251 habenda
453 1199 529 1251 esset
546 1187 618 1250 ‚Cat
636 1189 798 1252 Novembr.
818 1190 931 1264 oratio,
961 1210 1019 1270 quo
1045 1190 1092 1250 die
1110 1211 1128 1250 a
1147 1189 1318 1253 Pontificiis

156 1311 159 1324 .
186 1265 316 1357 Panagia
341 1265 545 1342 celebrantur,
576 1265 722 1349 suggessit
746 1287 810 1331 eam
837 1265 991 1342 Calvinus,
1023 1267 1054 1328 in
1079 1285 1135 1348 qua
1161 1267 1261 1346 purius
1283 1278 1317 1327 ct

184 1354 324 1422 apertius,
343 1363 430 1421 quam
449 1353 536 1402 antea
554 1342 785 1417 consuevissent,
803 1343 840 1404 de
859 1341 1006 1425 religione
1019 1342 1222 1404 disserebatur.
1241 1343 1315 1403 lloc

185 1429 258 1478 tero
277 1417 418 1480 Sorbona
437 1419 517 1479 ferre
536 1439 599 1479 non
619 1419 727 1498 potuit,
745 1439 802 1481 nec
843 1417 959 1483 robavit
975 1419 1109 1491 Senatus,
1128 1441 1215 1500 quem
1235 1417 1315 1478 Par-

185 1493 345 1558 lamentum
368 1496 578 1576 appellantem
603 1514 663 1573 quo
688 1495 792 1556 citatus
811 1431 924 1558 licetur
947 1516 1011 1557 sese
1036 1495 1153 1575 quidem
1179 1495 1209 1554 in
1233 1495 1315 1554 viam

186 1577 254 1631 curn
272 1571 330 1632 suis
350 1594 365 1632 a
389 1569 567 1654 petitoribus
586 1570 681 1645 dedit,
711 1571 768 1636 sed
784 1571 821 1651 ab
841 1571 940 1632 amicis
958 1572 994 1645 in,
1009 1571 1116 1632 itinere
1136 1571 1317 1646 admonitus,

185 1657 220 1706 ut
247 1646 303 1708 sibi
327 1667 343 1708 a
385 1645 556 1708 adversariis
581 1658 712 1721 caveret,
743 1645 862 1708 domuum
885 1667 1018 1708 reversus
1045 1667 1079 1706 ex
1111 1648 1176 1727 ipso
1191 1699 1195 1707 ,
1208 1659 1316 1726 postca

184 1742 282 1806 regno
309 1719 614 1784 excedensBasileam
638 1741 671 1782 se
691 1721 826 1785 contulit.
861 1714 941 1784 ltam
968 1734 1012 1784 est
1030 1722 1117 1782 etiam
1137 1723 1315 1814 ingymna-

101 1852 102 1868 ,
185 1797 260 1858 sium
287 1799 367 1877 quod
391 1799 415 1860 F
418 1811 561 1860 ortretum
584 1810 707 1874 vocant,
734 1796 787 1858 ubi
810 1808 871 1858 tum
892 1797 1032 1862 Calvinus
1056 1798 1112 1858 sibi
1131 1797 1315 1862 domicilium

186 1871 350 1966 delegerat:
372 1896 431 1955 quo
450 1876 530 1936 sorte
550 1873 631 1935 domi
649 1895 713 1936 non
731 1885 869 1964 reperto,
888 1873 1075 1955 deprehensis
1094 1874 1173 1934 inter
1191 1875 1317 1938 schedas

185 1948 462 2012 multuscamicorum
481 1949 589 2026 literis,
616 1950 661 2012 nil
680 1971 802 2031 proprus
821 1951 946 2026 lactum,
976 1971 1062 2032 quam
1087 1961 1121 2010 ut
1145 1951 1261 2032 plurimi
1281 1953 1315 2012 in

167 2028 339 2088 smaximum
358 2028 435 2088 vitae
456 2026 611 2092 discrimen
629 2027 827 2093 incurrerent:
853 2027 894 2088 ita
912 2039 975 2092 tum
989 2038 1079 2087 erant
1097 2048 1178 2088 acres
1197 2027 1240 2087 ilii
1259 2029 1316 2088 ad.

185 2105 306 2164 modum
330 2105 465 2166 adversus
489 2102 652 2168 Ecclesiam
675 2103 787 2164 indices
815 2115 873 2164 et·
889 2104 920 2164 in
946 2103 990 2164 his
1037 2101 1134 2164 uidem
1153 2105 1315 2186 praecipue

186 2179 314 2240 Ioandes
334 2181 452 2261 quidam
471 2181 619 2256 Morinus,
651 2179 730 2248 euius
755 2147 849 2240 adbuc
873 2200 984 2241 nomen
1008 2201 1024 2239 a
1066 2179 1174 2286 insigni
1192 2181 1325 2249 saevitia·

186 2255 363 2316 celebratur.
402 2257 463 2317 Sed
482 2257 559 2320 banc
577 2266 781 2338 tempestatem
799 2255 946 2316 Dominus
971 2256 1092 2338 reginae
1111 2256 1313 2334 bararrensis,

185 2332 291 2393 unicae
315 2333 395 2416 regis
419 2335 444 2394 F
446 2334 569 2396 rancisci
591 2335 721 2411 sororis,
752 2333 919 2399 admirabili
933 2333 1057 2416 ingenio
1077 2331 1225 2414 praeditae
1245 2355 1313 2392 mu-

186 2407 277 2485 lieris,
297 2421 327 2470 et
347 2410 403 2490 piis
422 2423 493 2472 tunc
505 2411 661 2473 admodum
671 2411 796 2473 faventis
814 2411 1027 2472 intercessione
1046 2409 1203 2499 dissipavit,
1222 2409 1316 2470 misso

186 2485 340 2546 iu'aulam
365 2486 467 2567 ibique
492 2489 711 2569 perhonorifice
736 2487 782 2548 ab
801 2507 834 2548 ea
854 2499 978 2570 accepto
1005 2498 1035 2548 et
1053 2485 1153 2547 audito
1175 2485 1313 2548 Calvino.

152 2561 348 2641 ‘tindeille,
366 2562 484 2626 Lutetia
503 2561 619 2641 relicta,
644 2563 711 2625 ina
750 2587 799 2624 um
817 2564 1029 2626 sanctonicum
1050 2562 1237 2700 gaarma]
1259 2563 1312 2623 de-

186 2637 327 2720 migrans,
346 2641 439 2701 amico
449 2640 563 2700 cuidam
575 2659 696 2723 operam
737 2641 809 2718 edit,
827 2641 908 2702 cuius
926 2651 1033 2722 rogatu
1074 2660 1161 2702 ceres
1175 2639 1317 2730 quasdam

187 2715 403 2777 admonitiones
423 2716 603 2778 Christianas
627 2717 759 2797 scripsit,
809 2738 858 2778 uas
886 2716 1023 2797 parochis
1049 2715 1201 2776 nonnullo
1232 2715 1312 2776 inter

186 2789 268 2852 a'acra
287 2793 449 2853 recitandas
473 2793 646 2870 tradebant,
674 2805 707 2854 ut
731 2740 872 2874 paulatim
895 2792 1000 2873 popuii
1024 2791 1063 2853 ad
1079 2792 1208 2864 veritatis
1227 2791 1311 2852 inda-

144 2903 147 2912 ·
186 2868 303 2948 gandae
320 2868 448 2930 studium
466 2869 663 2932 allicerentur.
701 2871 817 2932 Eodem
835 2881 971 2950 tempore
981 2869 1126 2930 Neracum
1137 2867 1312 2947 Aquitaniae

188 2943 292 3003 urbem
310 2944 402 3021 venit,
421 2945 563 3006 Iacobum
581 2945 662 3008 illum
674 2946 803 3008 Fabrum
814 2947 865 3008 Sta
889 2945 1021 3006 ulensem
1041 2945 1083 3025 [le
1093 2936 1184 3005 Fcere
1192 2941 1311 3004 eltna-

209 3017 264 3110 les]
283 3041 384 3081 senem
403 3021 576 3085 salutaturus
608 3017 699 3104 ¹quem
719 3025 821 3085 eadem
840 2967 890 3084 illd
901 3023 1072 3084 Navarrena
1088 3021 1191 3102 regina
1212 3020 1312 3083 asor-

182 3041 313 3158 bonsstis
337 3095 533 3181 Mataeologis
561 3067 601 3160 ob
625 3099 843 3164 mathematices
868 3111 899 3160 et
923 3099 978 3158 alia
1004 3097 1210 3178 philosophiae
1232 3108 1314 3158 recta

187 3172 284 3232 studia
307 3173 464 3236 Parisiensi
487 3175 653 3238 academiae
677 3177 827 3240 nonsine
851 3176 968 3237 diutino
993 3173 1195 3252 acerrimoque
1216 3185 1311 3234 certa·

186 3247 269 3310 minc
295 3250 454 3328 restituta„
482 3265 514 3313 et
536 3252 738 3316 scholasticam
753 3252 962 3335 ·Theologiam
989 3249 1160 3332 exagitatam
1184 3249 1216 3309 iu
1235 3249 1312 3310 vitae

189 3324 345 3388 discrimen
364 3327 520 3390 adductum
539 3329 709 3406 liberarat,
724 3342 755 3391 et
777 3330 809 3390 in
828 3329 878 3390 illa
896 3349 966 3390 suae
985 3327 1104 3389 ditionis
1123 3326 1197 3386 urbe
1217 3325 1311 3388 collo-

128 3435 129 3441 *
189 3413 278 3464 cacat.
315 3403 440 3484 Excepit
457 3416 554 3466 autem
572 3407 707 3472 iuvenem
728 3406 823 3467 bonus
842 3423 945 3480 senex,
965 3415 996 3464 et
1013 3401 1141 3475 libenter
1160 3403 1246 3477 vidit,
1265 3402 1312 3462 iu-

188 3487 289 3538 turum
307 3499 452 3563 augurans
476 3481 590 3565 insigne
616 3482 751 3544 coelestis
776 3481 807 3544 in
827 3480 924 3544 Gallia
948 3479 1129 3541 instaurandi
1149 3479 1247 3563 Regni
1264 3478 1312 3540 in-

188 3565 389 3616 strumentum.
426 3558 527 3619 Rediit
549 3559 699 3640 aliquanto
725 3570 795 3641 post
812 3557 959 3622 Lutetiam
980 3556 1136 3633 Calvinus,
1168 3577 1204 3618 eo
1230 3555 1310 3634 quasi

188 3631 249 3692 Dei
267 3631 355 3724 ipsius
373 3631 462 3694 manu
481 3647 628 3699 evocatus.
666 3639 800 3698 Venerat
818 3634 896 3696 enim
915 3635 984 3696 illuc
1003 3633 1109 3726 impius
1133 3631 1186 3694 ille
1203 3631 1312 3692 Serve·
1373 3689 1374 3692 ,

189 3718 251 3794 tus,
282 3729 341 3770 ram
364 3721 426 3770 tum
449 3733 532 3772 sunm
556 3713 691 3775 adsersus
715 3733 825 3774 sacram
850 3711 989 3773 Triadcm
1019 3732 1098 3772 varus
1128 3710 1311 3791 dispergens:

189 3805 277 3862 quem
296 3807 360 3847 sese
379 3785 453 3846 nihii
471 3788 563 3870 magis
581 3801 738 3870 appetere,
768 3810 854 3868 quam
874 3789 934 3850 eius
955 3787 1150 3866 colloquium,
1174 3785 1311 3848 simulan'-

188 3871 248 3920 tem
265 3861 406 3924 condicto
426 3862 494 3925 loco
516 3875 546 3924 ct
563 3877 699 3946 tempore
719 3865 873 3942 Calvinus,
892 3865 981 3944 idque
1000 3885 1063 3926 non
1082 3863 1155 3924 citra
1174 3883 1311 3943 magnum

188 3936 266 3998 vitae
286 3938 457 4018 periculum,
478 3941 557 4021 quod
575 3953 639 4002 tum
656 3943 748 4005 latere
767 3963 823 4024 prp
845 3955 892 4004 ter
911 3961 1062 4002 accensum
1081 3940 1313 4001 adversariorum

189 4013 302 4075 rabiem
321 4029 493 4108 cogeretur,
525 4017 631 4082 diutius
650 4019 768 4100 quidem
787 3965 963 4082 sed-frustra
983 4017 1172 4099 exspectavit,
1201 4013 1252 4076 illo
1271 4034 1311 4076 ne

191 4089 308 4152 Calvini
328 4093 444 4172 quidem
465 4107 655 4177 conspectum
674 4095 799 4158 serente.

246 4247 361 4324 (1534.)
381 4202 450 4305 luit
461 4259 557 4308 autem
568 4249 592 4310 is
604 4223 695 4312 andus
706 4225 939 4332 XXXIV.'supra
950 4249 1233 4330 sesquimillesimum
1242 4247 1310 4308 laos-

189 4320 280 4384 rcnda
299 4322 329 4384 in
350 4321 457 4383 multos
476 4323 542 4404 pios
562 4326 681 4387 saevitia
699 4327 837 4409 insignis,
857 4328 993 4389 Gerardo
1013 4326 1124 4401 Rullo,
1143 4323 1311 4386 sorbonico

9 4389 11 4410 '
93 4452 97 4472 ι
190 4400 307 4482 quidem
326 4398 484 4481 Magistro,
522 4402 575 4466 sed
598 4403 714 4485 pietatis
739 4404 834 4468 studia
852 4424 1035 4488 magnopere
1058 4415 1130 4466 tunc
1149 4401 1312 4481 adiuuante,
