2814 4846
585 35 590 74 l

169 267 173 278 ,
278 237 396 317 (110-
403 241 450 303 11,
487 236 536 298 De
555 253 650 320 granu
669 234 788 316 sinapis,
807 235 955 300 ierrnento
975 238 1049 354 etc'.)
1203 249 1243 313 tt

69 407 146 450 suos
165 385 303 450 cbristus
326 397 479 450 mmentat.
517 387 626 454 Sensus
650 408 724 472 ergo
750 400 809 452 est:
839 389 969 470 quamvis
993 410 1073 452 nnnc
1093 391 1242 456 emineant

71 466 105 526 in
119 465 254 528 Ecclesia
265 465 351 526 multi
364 463 504 544 improbi,
523 465 638 526 felicem
657 479 756 526 tamen
775 465 857 528 illum
877 466 954 528 diem
974 477 1058 528 certo
1074 467 1160 530 nobis
1172 491 1241 550 spe-

70 541 201 604 randum
221 561 296 616 esse,
317 562 377 622 quo
396 561 465 601 suos
485 541 516 602 in
535 540 659 604 sublime
679 542 795 603 anollat
812 542 903 602 Filius
916 542 987 620 Dei,
1006 554 1036 604 et
1055 547 1240 606 omnemlu·

72 617 198 698 ligioem
218 617 379 700 abstergat,
421 638 457 678 ua
476 637 555 680 nunc
575 637 677 678 eorum
697 618 799 701 fulgor
817 617 962 679 obruitur.
992 619 1104 679 Verum
1121 623 1241 700 quidem

54 721 59 728 ·
72 706 130 768 est,
148 695 238 755 nullis
257 694 392 786 promitti
400 637 537 754 laturam
557 695 693 788 gloriam,
711 696 767 756 nisi
781 695 813 756 in
826 694 931 775 quibus
942 695 1000 756 iam
1013 695 1129 758 eluceat
1139 698 1240 782 imago

71 771 144 846 Dei,
165 783 197 832 et
216 793 267 852 qur
287 770 318 831 in
338 791 402 831 earn
420 791 477 852 per
495 783 653 832 continuos
666 772 779 863 gloriae
791 771 1167 855 gradustransiormautur:
1187 775 1240 836 sed

73 847 143 928 qnia
162 869 245 908 nunc
263 845 436 908 abscondita
456 857 499 908 est
518 847 634 927 piorum
653 859 729 923 vrta,
754 859 785 908 et
799 847 877 908 salus
897 865 1017 923 eorum,
1042 847 1111 928 q'uia
1134 850 1166 910 in
1184 869 1239 931 spe

73 924 220 998 consistit,
239 923 395 984 invisibilis
415 933 469 999 est,
487 924 595 985 merito
616 922 760 1000 Christus,
778 936 813 985 ut
829 923 972 1004 promissa
990 923 1047 985 sibi
1065 925 1163 1007 gloria
1203 947 1239 988 o-

72 1001 185 1062 tiantnr
195 1001 309 1076 fideles,
328 1001 359 1060 ln
378 999 495 1060 coelum
515 1021 566 1062 eos
585 1013 714 1063 revocat.
752 1003 815 1063 Nee
834 1001 955 1069 dubium
975 1013 1030 1078 est,
1049 1003 1120 1092 quin
1138 949 1239 1064 adlo-

74 1099 139 1138 cum
148 1077 287 1138 Danielis
299 1077 471 1156 respexerit,
491 1097 608 1169 quoma
632 1077 654 1138 is
675 1077 827 1140 advirum
846 1077 979 1140 alliceret
997 1078 1157 1155 auditores,
1177 1078 1238 1140 acsi

73 1155 208 1230 dixisset,
236 1153 433 1234 Prophetam,
461 1150 513 1214 ubr
537 1154 574 1213 de
612 1165 698 1222 uturo
725 1154 885 1236 splendore
909 1155 1122 1230 concionatur,
1150 1155 1237 1216 simul

72 1242 179 1290 notare
198 1229 392 1309 temporalem
413 1228 581 1312 caliginem,
601 1229 739 1310 ideoque,
758 1241 792 1290 ut
811 1231 892 1291 locus
913 1231 998 1292 detur
1013 1230 1163 1306 vaticinio,
1184 1252 1239 1312 pa-

73 1307 183 1366 tienter
202 1306 356 1368 serendam
376 1326 439 1366 esse
458 1307 626 1379 mixturam,
666 1327 721 1367 uae
741 1306 851 1367 electos
870 1303 930 1366 Dei
947 1304 1084 1386 reprobis
1104 1306 1141 1367 ad
1160 1319 1238 1368 tem-

72 1405 127 1464 pns
146 1380 283 1443 involvit.
321 1379 457 1442 Gloriam
477 1381 552 1443 banc
569 1327 717 1443 solislnci
736 1400 926 1462 comparans,
954 1381 1161 1516 aetpualitatem
1180 1383 1239 1442 mi-

72 1460 151 1519 nime
171 1460 283 1520 statuit.
322 1458 408 1518 Sicut
426 1458 504 1519 enim
523 1459 603 1520 varie
622 1479 702 1550 nune
718 1459 799 1546 dona
817 1478 869 1518 sua
883 1457 995 1518 interfi
1019 1457 1077 1518 eles
1089 1457 1240 1520 distribuit
1278 1483 1295 1490 ·’
1336 1499 1338 1506 ·

75 1535 227 1612 Christus,
250 1536 293 1598 sic
317 1553 352 1595 ea
378 1554 497 1626 quoque
520 1536 625 1597 ultimo
651 1535 698 1596 dre
723 1533 889 1598 coronabit
927 1532 989 1593 Sed
1011 1535 1172 1594 tenendum
1193 1547 1239 1596 est

71 1613 216 1672 memoria
236 1611 316 1694 qdod
337 1611 405 1687 dixr,
423 1622 536 1672 tantum
556 1611 808 1689 instaurationem,
828 1630 902 1692 qnae
921 1609 952 1669 in
971 1608 1107 1670 ultimum
1124 1608 1237 1672 christi

72 1689 230 1750 adrentum
251 1689 399 1763 dillertur,
418 1709 484 1749 cum
503 1687 606 1749 nubilo
625 1686 727 1749 mundi
745 1700 823 1749 statu
842 1685 982 1748 conferri.
1020 1685 1157 1768 Regnmn
1177 1688 1237 1748 Pa-

71 1766 124 1824 tris
146 1765 230 1846 qnasi
246 1766 368 1857 piorum
387 1763 550 1826 baereditas
568 1776 666 1828 terrae
685 1765 858 1847 opponitur,
876 1774 910 1825 ut
927 1782 962 1824 se
979 1762 1010 1822 in
1032 1762 1085 1823 bac
1099 1783 1170 1854 pere
1210 1763 1235 1815 ‘-

71 1843 136 1902 nari
163 1841 368 1916 meminerint,
399 1853 487 1922 atque
512 1843 552 1902 ita
577 1841 609 1901 in
634 1841 757 1912 coelum¹
776 1841 914 1922 aspirent
964 1839 1029 1902 Etsi
1059 1860 1138 1900 eorm
1191 1839 1236 1902 ibi

71 1918 210 2001 Regnum
229 1918 291 1979 Dei
311 1937 373 1979 esse
392 1917 422 1978 in
443 1915 528 1978 nobis
549 1917 666 1996 dicitur,
683 1939 747 1980 non
767 1917 915 1981 constabit
933 1917 1021 1979 nobis
1040 1917 1102 1978 eius
1121 1916 1236 1996 insitio,

71 1995 169 2058 donec
188 1995 227 2056 sit
243 1996 327 2057 Deus
347 1993 445 2058 omnia
463 1995 495 2055 in
514 1995 659 2058 omnibus.
1147 2026 1151 2041 ·

153 2217 274 2300 (ιιι.)
314 2217 485 2284 uarro.
510 2214 591 2284 xm.
632 2218 684 2286 ιι.
717 2218 823 2285 utram
850 2181 1036 2306 suanorum
1064 2218 1237 2306 proposuit

69 2325 132 2401 eis,
160 2320 287 2401 dicens,
313 2320 424 2390 Simile
453 2332 501 2388 est
520 2343 655 2408 regnum
675 2323 842 2390 coelorum
860 2343 961 2409 grano
981 2323 1116 2410 sinapis,
1143 2320 1236 2408 quod

69 2433 239 2512 acceptum
266 2423 365 2493 bomo
390 2429 559 2492 seminavit
583 2428 619 2493 in
646 2448 723 2513 agro
747 2448 822 2493 suo:
863 2425 914 2492 32
940 2421 1044 2510 Quod
1070 2423 1235 2487 minimum

69 2527 203 2616 quidem
230 2537 279 2593 est
305 2532 447 2596 omnium
473 2532 644 2596 seminumr
670 2527 727 2594 ubi
746 2549 827 2594 vero
849 2528 1041 2603 excreverit,
1067 2525 1236 2589 maximum

70 2641 118 2698 est
135 2634 225 2696 inter
244 2629 353 2712 olera,
381 2643 414 2698 et
434 2631 472 2700 fit
494 2629 605 2712 arbor}
625 2632 669 2697 ita'
690 2642 726 2696 ut
745 2633 879 2698 veniant
897 2625 1048 2693 volucres
1069 2624 1169 2703 coeli,
1202 2633 1236 2692 et

68 2733 262 2802 nidnlentur
287 2738 322 2802 in
347 2737 443 2801 rumis
471 2738 549 2802 eius.
569 2769 611 2782 -
642 2734 692 2800 33.
719 2732 825 2800 Aliam
851 2727 1039 2819 parabolam
1061 2727 1140 2796 dixit
1160 2726 1236 2826 iltis,

69 2837 181 2906 Simile
202 2847 252 2904 est
270 2859 403 2924 regnum
425 2837 590 2908 ooelomm
612 2837 787 2913 fermento,
813 2832 903 2921 quod
929 2843 1097 2919 acceptum
1117 2813 1237 2898 muller
1268 2869 1272 2878 ·

68 2940 242 3010 abscondit
267 2943 302 3006 in
329 2939 431 3008 tribus
451 2945 528 3007 satis
548 2938 822 3032 farinam-donee
848 2937 1096 3004 fermentaretur
1121 2947 1234 3005 totum.

66 3049 118 3114 34.
151 3048 245 3112 liaeo
275 3047 384 3110 omnia
416 3043 570 3133 loquutus
603 3053 651 3110 est
675 3043 765 3108 lesus
790 3043 825 3109 in
852 3039 1016 3129 parabolis
1044 3039 1086 3109 ad
1110 3041 1234 3124 turbas,

68 3162 100 3217 et
131 3153 205 3218 sine
237 3145 391 3235 parabola
423 3149 506 3216 nibil
537 3147 692 3234 loquutus
725 3155 774 3210 est
804 3144 885 3212 illis:
934 3147 986 3212 35.
1018 3145 1065 3212 Ut
1090 3144 1235 3233 eomple-

66 3264 171 3332 retur,
198 3250 290 3340 quod
317 3249 436 3318 dictum
462 3249 568 3316 iuerat
596 3269 656 3336 per
682 3247 889 3333 Prophetam,
918 3250 974 3336 qui
996 3248 1053 3327 ait,
1079 3248 1234 3336 Aperiam

67 3359 101 3423 in
132 3353 300 3443 parabolis
336 3376 374 3421 os
407 3371 527 3433 meum,
560 3350 715 3420 eructabo
742 3349 933 3418 abscondita
957 3371 978 3416 a
1002 3351 1234 3418 constitutione

65 3458 192 3578 mnndi.

149 3623 292 3694 Multo.
311 3626 369 3691 IV.
410 3625 463 3694 26.
488 3623 531 3690 Et
552 3623 695 3704 dicebat,
720 3623 776 3690 Sic
796 3629 845 3686 est
864 3639 998 3716 regnum
1019 3617 1100 3697 Dei,
1120 3637 1232 3705 qnem-

67 3729 243 3798 admodum
271 3731 300 3796 si
325 3727 423 3796 bomo
448 3729 544 3792 iaciat
569 3749 680 3793 semen
707 3730 741 3793 in
768 3737 901 3801 terram,
942 3723 993 3810 27.
1015 3723 1065 3817 llo
1086 3717 1233 3800 dormiat,

68 3845 100 3898 et
122 3843 270 3919 exsurgat
290 3842 387 3898 nocte
410 3840 442 3896 et
462 3827 531 3908 die,
558 3850 714 3916 segesque
741 3832 910 3916 germinat,
936 3847 975 3891 ao
999 3831 1106 3909 surgat
1124 3825 1160 3887 in
1187 3818 1234 3886 al-

65 3947 147 4016 tum,
178 3935 256 4002 dnm
282 3938 385 4002 nescit
411 3932 478 3999 ille.
526 3931 578 3998 28.
603 3932 700 3999 Ultro
727 3931 811 3996 enim
839 3939 925 3996 terra
952 3926 1140 4002 fructificat,
1167 3927 1234 4011 pri·

63 4061 150 4106 mum
178 4037 327 4117 herbam,
354 4036 474 4104 deinde
501 4037 637 4122 spicam,
668 4032 789 4100 deindo
816 4031 947 4121 plenum
975 4029 1169 4094 trumentum
1195 4028 1233 4094 itt

64 4146 164 4229 spica.
207 4143 260 4206 29.
290 4141 399 4228 Quum
427 4149 533 4206 autem
559 4136 736 4224 productus
757 4133 855 4200 luerit
872 4133 1011 4209 fruetus,
1035 4133 1140 4195 statim
1162 4129 1253 4196 mit·x

63 4250 99 4312 tit
121 4243 256 4326 laleem,
283 4246 435 4332 quoniam
458 4244 551 4311 adest
567 4241 686 4307 messis.
707 4275 749 4288 -
781 4237 832 4304 30.
864 4233 907 4299 Et
927 4231 1071 4310 dicebat,
1097 4227 1163 4297 Cui
1184 4251 1234 4297 as-

62 4347 275 4417 similabimus
299 4353 434 4435 'regnum
460 4347 547 4414 Dei?
577 4352 632 4410 aut
664 4363 729 4430 qua
761 4335 937 4409 collatione
964 4335 1168 4404 conferemus
1194 4333 1234 4400 il·

87 4451 587 4502 murrusmrummrvsotu.
1009 4425 1030 4485 2
