2766 4834
1154 66 1179 99 M

199 283 241 348 ss
372 269 587 360 sEchott
625 274 766 340 luimus
786 271 977 338 Birrisrin
996 287 1161 340 sirmas.

280 437 328 500 67.
347 428 516 492 zemate
532 427 658 508 repletus
674 442 716 490 ert
729 428 852 506 spirtu
873 429 962 503 'Quid
980 429 1078 491 valeat
1096 429 1169 490 haer
1190 428 1357 510 lupentio,

115 521 120 544 ⁹
206 529 302 590 nuper
321 508 431 571 dietiim
450 519 510 583 est,
541 527 649 587 nempe
668 501 780 567 llonari
803 505 943 568 uberiore
964 505 985 567 S
1008 505 1093 567 iritus
1114 505 1210 598 gratia
1237 527 1355 568 servos

206 587 283 662 Dei,
303 606 360 665 qua
379 598 477 645 tamen
497 583 567 646 alias
585 581 671 644 vacui
689 601 753 642 non
773 593 865 643 erant.
906 583 974 644 Sic'
1004 583 1136 664 rophetis
1156 584 1255 644 datum
1275 603 1354 646 esse

209 663 352 756 Spiritum
372 660 510 743 legimns:
530 681 592 720 nen
613 659 694 751 quod
713 679 769 739 per
788 659 940 720 intervalla
961 661 1027 740 ipso
1041 672 1187 733 carerent,
1206 660 1259 720 sed
1273 662 1354 740 quia

90 783 98 790 -
208 759 271 802 eius
290 738 332 801 ris
351 757 382 797 se
402 736 518 818 plenius
536 737 569 796 in
587 736 645 796 illis
666 736 806 810 exseruit,
831 737 947 815 quoties
967 737 1004 796 ad
1022 757 1127 800 munus
1146 757 1229 796 suum
1250 757 1353 816 pera-

207 816 348 902 gendum,
368 813 450 894 quasi
462 813 522 874 Dei
542 833 640 888 manu,
659 813 690 872 in
711 811 806 886 lucem
824 811 963 893 producti
979 823 1055 874 sunt.
1082 814 1186 893 Itaque
1207 815 1352 874 notanda

189 901 252 967 ¹est
270 892 394 950 duorum
413 889 614 952 membrorum
633 888 791 963 connexio,
800 909 897 979 „quam
912 890 1005 980 ponit
1015 890 1120 963 Lucas,
1140 890 1220 968 quod
1239 889 1356 970 reple·-

205 979 253 1028 tus
271 965 310 1026 sit
321 965 434 1046 Spiritu
452 978 555 1028 saneto
567 977 598 1028 et
616 965 848 1045 prophetaverit.
887 965 1041 1048 Significat
1060 966 1139 1025 enim
1159 976 1229 1025 tunc
1249 987 1349 1046 prae-

205 1055 253 1104 ter
270 1055 386 1104 morem
405 1043 544 1104 divinitus
564 1042 651 1106 luisse
670 1041 816 1117 afflatum,
842 1053 957 1102 utnon
980 1041 1153 1121 loqueretur
1173 1042 1349 1105 humanitus

248 1120 290 1182 asi
308 1118 436 1199 privatus
448 1118 602 1200 quispiam,
621 1117 673 1179 sed
693 1119 852 1185 coelestem
864 1129 977 1180 tantum
994 1119 1159 1178 doctrinam
1179 1119 1349 1198 proferret.

197 1231 200 1238 ·
231 1196 259 1256 ic
290 1208 322 1256 et
341 1194 455 1256 Paulus
483 1191 671 1287 prophetiam
702 1215 767 1256 cum
802 1194 915 1286 Spiritu
947 1195 1117 1278 coniungit,
1156 1195 1271 1275 primae
1304 1197 1347 1256 ad

205 1271 339 1334 Thessal.
358 1281 392 1352 5,
411 1280 474 1349 19„
492 1271 514 1332 S
538 1272 637 1332 iritum
655 1267 751 1332 nolite
771 1283 973 1354 exstinguere,
990 1269 1173 1350 ‚Prophetias
1191 1292 1230 1334 ne
1252 1293 1347 1352 sper-

197 1349 283 1410 nite:
313 1361 347 1408 ut
370 1349 492 1412 sciamus
517 1293 672 1413 doctrinae
697 1358 870 1486 eputemptu
895 1348 1040 1430 exstingui
1072 1347 1200 1484 Spiritus
1230 1348 1347 1409 lucem.

205 1419 408 1487 Memorabilis
432 1437 530 1486 autem
556 1424 612 1484 suit
637 1425 708 1486 haee
731 1423 791 1486 Dei
838 1423 950 1501 onitas,
989 1425 1069 1504 quod
1114 1425 1346 1486 achariaenon

205 1510 319 1562 tantuin
339 1502 455 1566 reddita
474 1501 530 1562 suit
548 1501 578 1560 lo
601 1499 691 1562 uendi
710 1499 868 1578 facultas,
895 1521 931 1560 ua
951 1521 1005 1581 per
1018 1521 1132 1576 ¹novem
1150 1521 1265 1562 menses
1287 1523 1346 1562 or-

205 1577 291 1640 hatus
306 1574 418 1652 suerat,
436 1577 488 1638 sed
508 1577 569 1638 eius
601 1577 691 1658 ingua
711 1575 788 1638 lacta
808 1590 853 1638 est
872 1523 998 1657 §piritus
1019 1577 1112 1666 sancti
1131 1597 1286 1660 organum.

228 1711 233 1719 ,
281 1661 329 1721 68.
372 1653 548 1715 Benedictus
574 1649 730 1714 Doriimrs.
785 1649 910 1717 Orditur
942 1653 1096 1726 Zacharias
1127 1675 1143 1714 a
1175 1655 1344 1736 gratiarum

205 1731 338 1806 ardone,
368 1731 420 1792 sed
439 1729 617 1810 prophetico
639 1729 752 1810 Spiritu
771 1730 903 1795 celehrat
926 1731 965 1790 im
989 1729 1077 1790 letam
1099 1731 1343 1810 redemptionem

206 1807 278 1868 olim
297 1805 328 1867 in
349 1807 470 1868 Christo
490 1807 675 1885 promissam,
700 1805 780 1868 unde
797 1806 873 1872 salus
895 1805 959 1866 cti
988 1805 1069 1868 'citas
1087 1806 1239 1868 Ecclesiae
1259 1830 1341 1888 pen-

204 1881 302 1946 dehat
342 1881 405 1943 Cur
427 1883 527 1952 Deum
555 1882 648 1943 Israel
676 1881 830 1958 nominet,
855 1881 944 1953 cuius¹
966 1881 1093 1962 imperio
1123 1881 1223 1944 subest
1253 1896 1340 1946 totus

203 1960 344 2036 mundus,
369 1979 405 2020 ex
423 1970 562 2020 contextu
579 1957 683 2020 melius
704 1959 831 2040 patebit:
857 1979 928 2020 nem
948 1979 968 2022 e,
984 1959 1053 2039 quia
1072 1959 1177 2021 semini
1194 1959 1340 2022 Abrahae

203 2035 372 2117 specialiter
388 2035 548 2116 promissus
567 2034 663 2096 luerat
682 2035 874 2116 Redemptor.
914 1979 994 2112 (lma
1019 2055 1092 2119 ergo
1112 2036 1194 2096 Deus
1219 2047 1340 2097 tantuin

203 2113 423 2249 iznffinassme
442 2112 548 2248 fopdus
565 2133 649 2172 suum
669 2113 864 2249 depp'pueppt,
893 2113 929 2174 de
941 2109 1122 2247 ,quqtvssfflq
1140 2112 1269 2205 iacturum
1291 2127 1341 2250 esp

202 2208 511 2354 ,ittttsitttt
531 2208 1014 2348 tttttdtti⁸tittt¹ttt¹¹
1029 2209 1339 2338 iitittttttt

201 2340 304 2402 suhest
321 2341 409 2402 tacita
421 2341 608 2404 anthithesis:
629 2341 770 2422 quoniam
788 2362 804 2402 a
823 2341 935 2404 miseris
945 2340 1083 2402 Ahrahae
1094 2342 1338 2406 liliisDei-lacies

67 2443 74 2450 ¹
178 2418 241 2478 ‘ad
259 2428 373 2498 tempus
398 2417 495 2478 suerat
517 2437 627 2480 aversa.
674 2417 750 2477 Nam
775 2438 813 2478 eo
838 2417 1008 2479 calamitatis
1034 2417 1144 2498 delapsi
1172 2431 1270 2494 erant,
1305 2433 1338 2481 et

202 2505 285 2554 tanta
303 2493 447 2554 malorum
467 2495 608 2586 congerie
629 2493 742 2586 obruti,
775 2505 808 2555 ut
826 2515 921 2586 'nemo
947 2493 1051 2585 olleo
1076 2494 1183 2574 respici
1204 2507 1334 2575 putaret.

147 2637 151 2644 x
202 2569 299 2635 Porro
319 2570 392 2631 haec
410 2569 470 2631 Dei
489 2571 628 2644 visitatio,
647 2592 728 2632 cuius
747 2583 881 2632 meminit
898 2571 1063 2644 Zacharias,
1086 2583 1225 2652 tauquam
1246 2594 1334 2636 causa

98 2701 104 2710 .
201 2657 233 2706 et
251 2645 428 2728 principium
446 2646 659 2727 redemptionis
678 2647 809 2727 ponitur.
850 2647 952 2721 Quare
971 2647 1011 2707 ita
1026 2647 1152 2722 resolve,
1171 2648 1254 2708 Deus
1274 2670 1334 2729 po-

200 2722 301 2803 pulum
319 2745 404 2783 suum
427 2744 474 2783 res
497 2723 569 2798 exit,
600 2733 634 2781 ut
657 2723 824 2784 redimeret.
864 2722 965 2798 Quum
990 2734 1087 2784 autem
1111 2725 1243 2804 captivos
1268 2738 1335 2786 ess'e

200 2809 351 2890 oporteat,
371 2819 459 2890 quos·
497 2820 547 2859 eus
566 2799 695 2878 redimit,
715 2811 746 2860 et
763 2799 821 2890 hpe
839 2799 1051 2890 redemptionis
1071 2817 1164 2891 genus
1178 2801 1335 2881 spirituale

199 2873 534 3042 tttdgd‘tl'tttffi
552 2876 1201 3043 stitit,td‘t‘t'tt‘ill‘ttittf‘
1216 2898 1334 3016 §itit

200 3046 280 3088 enim
300 3039 330 3088 et
349 3027 516 3089 electoDei
535 3017 650 3107 populo
663 3025 796 3087 Christus
816 3028 923 3090 dicitur
940 3029 1043 3091 missus
1062 3031 1242 3109 redemptor.
1269 3033 1333 3092 Sed

200 3102 225 3163 si
244 3095 330 3166 illata
349 3113 421 3164 tunc
440 3104 558 3165 demum
576 3122 592 3162 a
607 3099 728 3164 Christo
747 3103 805 3164 fuit
823 3105 1002 3241 redemptiod
1023 3127 1112 3186 quum
1132 3127 1220 3190 carne
1240 3107 1333 3182 indu-

198 3189 245 3242 tus
265 3179 411 3271 apparuit,
429 3176 571 3260 sequitur,
590 3179 702 3256 fideles,
722 3181 773 3270 qni
793 3192 862 3241 ante
882 3182 944 3242 eius
963 3203 980 3242 a
1001 3194 1120 3254 ventum
1131 3183 1333 3258 mortuisunt,

197 3267 263 3316 tnta
292 3267 353 3317 vita
380 3253 496 3336 peccati
520 3266 553 3315 et
575 3254 679 3316 mortis
706 3255 793 3317 luisse
817 3277 931 3319 servos:
962 3258 1043 3338 qood
1067 3258 1152 3319 valde
1171 3257 1332 3320 absurdum

199 3343 284 3394 esset
322 3331 502 3412 Responderi
532 3331 590 3390 vini
608 3330 788 3394 etelfectum
808 3331 892 3395 liuius
910 3335 1131 3415 redemptionis,
1152 3355 1226 3414 quae
1237 3337 1331 3400 semel

197 3408 231 3469 iii
248 3405 372 3496 §bristo
393 3405 448 3476 luit
468 3374 610 3486 exhibita,
628 3409 751 3470 saeculis
773 3409 909 3486 omnihus
927 3409 1017 3472 luisse
1037 3405 1230 3472 communem'.

275 3488 323 3550 69.
360 3481 471 3544 Erexit
502 3505 593 3544 corrue
611 3485 731 3556 ,solutis
769 3485 837 3546 Hoc
869 3498 937 3563 est,
964 3487 1121 3550 salvificam
1154 3489 1328 3569 potentiam.

195 3559 326 3644 Deiecto
356 3559 434 3620 enim
461 3559 539 3621 solio
557 3560 679 3623 Davidis
700 3574 730 3622 et
749 3560 817 3622 dissi
840 3575 890 3626 ato
919 3565 1049 3656 populo,
1078 3584 1144 3646 spes
1168 3563 1268 3626 salutis
1298 3569 1328 3626 iri

103 3689 115 3698 .
196 3637 328 3730 speciem
347 3634 526 3698 conciderat
564 3637 785 3702 Porroalludit
830 3639 958 3700 acharias
983 3641 1020 3700 ad
1039 3639 1254 3733 Prophetarum
1275 3665 1328 3703 va-

195 3714 316 3786 ticinia,
349 3710 455 3793 quihus
479 3712 574 3773 subita
600 3714 632 3774 in
656 3714 745 3775 nehus
772 3714 809 3776 de
832 3715 932 3777 loratis
958 3737 991 3777 ac
1012 3716 1133 3797 perditis
1153 3719 1327 3780 instauratio

195 3787 392 3924 promittitur:
418 3787 479 3848 imo
499 3789 571 3850 haec
592 3790 727 3871 loquutio
748 3813 782 3852 ex
803 3737 878 3852 isit.
898 3797 972 3867 132,
992 3801 1042 3860 17:
1057 3806 1172 3876 sumpta
1193 3805 1254 3870 est,
1273 3797 1327 3856 ubi

217 3863 337 3937 ahetur,
356 3861 426 3924 illio
444 3865 516 3928 om’ri
537 3865 642 3928 faciam
663 3887 756 3929 cornu
775 3867 893 3943 Davidi,
912 3871 1013 3949 paravi
1033 3869 1183 3931 lucernam
1204 3870 1325 3932 Christo

194 3961 272 4022 meo.
312 3939 429 4016 Quodsi
448 3941 529 4002 Deus
554 3963 615 4002 non
641 3945 697 4005 nisi
721 3944 752 4003 in
774 3942 1086 4082 Christoipotentiam
1111 3969 1192 4008 suain
1213 3948 1249 4008 ad
1270 3969 1324 4008 nos

192 4017 352 4087 servandos
372 4019 505 4093 exseruit,
525 4017 595 4082 hinc
615 4021 696 4080 nefas
717 4033 771 4094 est,
790 4019 853 4080 ullo
871 4042 920 4080 mo
942 4043 960 4080 o
981 4023 1150 4100 deflectere,
1170 4024 1194 4094 si
1215 4025 1324 4086 divini-

193 4103 240 4152 tus
259 4093 368 4154 serrari
389 4094 544 4174 rupimus:
568 4095 702 4157 Observa
715 4108 822 4170 autein,
842 4096 977 4158 fidelibus
987 4098 1113 4159 salutare
1134 4121 1196 4160 esse
1218 4123 1322 4174 cornu,

193 4171 275 4250 quod
293 4169 389 4251 impiis
408 4171 568 4234 terrificum
589 4184 648 4248 est,
671 4183 704 4232 ut
724 4191 774 4232 eos
795 4173 916 4254 dissipet
938 4174 988 4245 vel
1005 4188 1174 4254 prosternat
1194 4198 1227 4236 ac
1249 4201 1322 4238 coii-

190 4253 277 4307 terat.
315 4246 460 4309 Davidem
479 4267 594 4309 sermon
613 4247 672 4308 Dei
691 4248 848 4324 nominat,
860 4271 923 4310 non
943 4251 1116 4330 simpliciter
1135 4253 1203 4333 quia
1222 4255 1321 4314 Deum

190 4323 327 4401 coluerit,
346 4336 379 4384 ut
397 4343 472 4386 nmis
491 4323 623 4403 quilih'et'
636 4325 765 4403 piorum,
783 4326 835 4386 sed
855 4325 914 4386 alio
934 4339 1086 4407 respectu,
1107 4331 1187 4409 quod
1206 4330 1321 4390 scilicet

190 4397 322 4488 delectus
341 4402 437 4465 fuerat
459 4400 593 4484 regendo
613 4400 817 4484 servandeque
843 4387 957 4486 populo
976 4405 1124 4483 minister,
1153 4418 1186 4470 ut
1206 4405 1319 4470 Christi

1071 4541 1178 4595 ,V
