2768 4834
469 227 602 288 Onrrro
623 243 659 290 ru
679 241 806 292 nouus.
1144 236 1201 300 171

54 381 137 442 ¹situl
165 379 317 516 eollipat,
347 379 541 460 quodetiam
585 383 726 444 rudentes
750 381 890 462 expendit
912 381 1101 464 Augustinus.
1154 382 1206 444 Sic

59 459 143 540 igitur
163 478 243 517 reso
256 457 284 518 vi
306 456 398 518 debet
418 458 524 534 oratio,
573 481 589 518 e
608 461 640 518 in
659 459 854 519 tentationem
868 456 1007 531 feramur,
1027 477 1081 516 nos
1091 462 1116 515 'a
1128 458 1206 519 malo

58 536 178 596 redime.
216 533 342 593 Summa
363 545 459 594 autem
481 545 535 612 est,
555 538 635 615 quod
647 535 786 620 propriae
798 533 972 594 infirmitatis
986 532 1073 593 nobis
1084 533 1209 609 conscii,
1277 603 1281 614 p

58 613 108 670 Dei
136 609 301 690 praesidio
322 609 442 670 delendi
462 631 516 670 nos
537 635 571 674 cu
596 613 685 686 imus,
714 623 746 671 ut
766 609 1007 693 inexpugnabiles
1027 621 1135 670 stemus
1155 610 1209 670 ad-

58 709 152 748 sersus
183 685 341 766 quaslibet
367 687 493 748 Satanae
517 633 674 779 marbinaq.
724 686 786 750 Iam
812 688 888 748 sicut
914 707 948 746 ex
973 686 1110 778 proximo
1134 681 1225 748 voto‘

57 763 267 838 ostendimus,
289 763 439 822 neminem
459 765 572 824 censeri
593 765 792 827 Christianum
813 784 915 844 posse,
934 763 991 822 nisr
1012 765 1114 842 quise
1135 781 1208 843 pec-

57 841 123 900 catis
146 839 338 900 obstrictum
358 838 502 922 agnoscit,
521 841 562 901 ita
582 863 617 902 ex
636 842 693 903 hoc
713 841 890 923 colligimus,
909 840 946 900 ad
962 839 1226 900 benevivendumt

56 917 139 976 rirss'
157 913 261 978 uobis
287 915 409 976 minime
435 916 588 994 sulficere,
618 918 673 978 nisi
699 929 841 998 quatenus
862 937 910 981 eas
928 917 1011 978 Deus
1029 939 1064 976 su
1087 914 1209 996 peditat.

56 993 208 1072 Quisquis
233 990 314 1052 enim
334 993 372 1052 ad
390 993 549 1054 vincendas
568 995 747 1064 tentationes
766 994 826 1054 Dei
845 992 985 1074 auxilium
1002 936 1144 1073 implorat
1176 1011 1209 1054 se

56 1071 92 1128 ita
112 1070 188 1149 ipso
213 1067 379 1128 liberatore
398 1068 508 1128 fatetur
526 1069 636 1132 babere
657 1091 746 1152 opus,
766 1091 804 1130 us
823 1069 947 1131 subinde
967 1069 1091 1130 labatur.
1130 1033 1209 1132 (iae-

56 1160 152 1205 terum
184 1164 306 1204 nornen
332 1149 494 1206 mistionis
509 1167 600 1236 saepe
620 1148 798 1228 generaliter
816 1147 939 1207 sumitur
957 1167 1015 1228 pro
1034 1154 1210 1227 quacunque

57 1221 267 1301 probatione:
308 1240 369 1298 quo
401 1242 488 1282 sensu
520 1223 627 1283 dicttm
651 1235 780 1284 tentatus
805 1244 821 1283 a
846 1221 914 1284 Deo
939 1223 1026 1282 fuisse
1050 1220 1211 1298 Abrabam,

57 1320 148 1378 quum
171 1298 333 1377 explorata
352 1297 410 1358 fuit
428 1298 489 1358 eius
510 1297 591 1359 fides.
629 1299 680 1360 Sic
699 1311 758 1358 tam
778 1297 904 1358 adversis
922 1298 1011 1358 rebus
1030 1319 1117 1378 quam
1137 1318 1211 1377 pro-

57 1376 153 1454 speris
181 1385 357 1446 tentamur,
385 1375 452 1454 quia
478 1376 531 1434 bac
556 1375 712 1436 occasione
732 1377 763 1435 in
784 1374 880 1434 lucem
901 1385 1056 1456 emergunt
1074 1373 1211 1466 allectus,

78 1451 108 1510 ui
153 1449 224 1511 rius
244 1449 388 1510 latebant.
419 1451 479 1512 Sed
499 1450 547 1520 bie
566 1464 688 1512 notatur
707 1451 833 1512 interior
852 1449 989 1525 tentatio,
1008 1470 1083 1530 quas
1099 1449 1211 1510 diaboli
1248 1461 1251 1468 '

59 1471 221 1609 dageilum
241 1537 311 1606 apte
332 1527 433 1588 vocari
451 1538 566 1608 potest,
592 1525 629 1588 ad
649 1527 831 1588 incitandam.
846 1537 976 1587 nostram
998 1525 1212 1605 concupiscen-

59 1605 140 1664 tiam.
191 1601 365 1664 Absurduru
393 1604 471 1664 enim
499 1616 574 1664 esset
599 1604 710 1665 a·Deo
734 1615 853 1685 petere,
883 1615 916 1662 ut
942 1623 997 1663 nos
1016 1601 1054 1664 ab
1074 1601 1211 1664 omnibus

62 1681 130 1740 fidei
151 1679 348 1740 documentis
368 1679 510 1740 immunes
530 1680 643 1743 reddat.
685 1681 769 1763 Ergo
790 1678 873 1760 pravi
893 1690 1128 1754 omnesmotus,
1160 1679 1212 1759 qui

64 1779 118 1817 nos
144 1757 189 1818 ad
210 1756 394 1836 peccandum
413 1755 588 1833 sollicitant,
619 1756 672 1818 sub
693 1759 855 1820 scrutationis
873 1755 1211 1836 nominetcompreben-

65 1834 192 1897 duntur.
238 1831 420 1923 Quanquam
448 1845 545 1893 autern
564 1833 628 1894 ficri
647 1853 709 1894 non
730 1844 844 1914 potest,
876 1832 946 1914 quin
965 1831 1037 1893 tales
1057 1832 1088 1892 in
1108 1832 1212 1894 animis

67 1910 252 1989 punctiones
278 1920 453 1985 sentiamus,
472 1910 559 1989 ,quia
582 1923 650 1971 toto
675 1911 752 1971 vitae
779 1931 864 1970 cursu
890 1909 1030 1972 continua
1055 1919 1100 1972 est
1124 1907 1212 1972 nobis

67 2007 134 2046 cum
156 2004 251 2046 carne
269 1983 386 2060 militia,
404 1985 529 2065 petimus
548 1998 647 2048 tamen
667 2007 684 2047 a
703 1985 847 2061 Domino,
867 2007 905 2046 ne
925 1984 1137 2046 tentationibus
1155 2005 1212 2048 uos

69 2062 209 2122 subiiciat
235 2060 283 2120 vel
309 2060 397 2121 obrui
421 2063 557 2142 patiatur.
599 2065 653 2123 Δι’
670 2085 729 2143 quo
749 2063 852 2123 melius
873 2061 1048 2142 exprimeret
1067 2061 1213 2144 Gbristus,

71 2159 124 2199 nos
149 2137 191 2198 ad
217 2137 350 2197 assiduos
371 2159 452 2198 casus
473 2150 504 2198 st
521 2139 619 2200 ruinas
660 2139 785 2200 roclives
805 2140 950 2219 pendere,
977 2139 1036 2214 'uisi
1056 2158 1111 2198 nos
1130 2139 1213 2200 Deus

70 2237 160 2274 uranu
182 2235 235 2276 sua
255 2213 412 2287 sustineat,
438 2215 492 2276 bae
511 2214 620 2295 loquen
672 2215 766 2276 forma
786 2237 854 2276 ursus
874 2227 933 2290 est,
951 2215 997 2276 Ne
1017 2236 1073 2276 nos
1092 2215 1213 2278 inducas

70 2293 102 2350 in
120 2289 340 2352 tentationem:
360 2291 470 2368 vel,·ut
488 2291 536 2350 alii
555 2304 689 2366 vertunt,
706 2293 753 2353 Ne
772 2311 828 2352 uos
846 2290 964 2352 inieras.
1003 2289 1127 2352 Certum
1146 2291 1213 2374 qui-

74 2370 141 2428 dem
162 2373 218 2442 est,
238 2387 477 2447 unumquemque
496 2367 641 2428 tentaris
682 2367 783 2447 ropria
803 2363 1051 2446 concupiscentia,
1071 2371 1216 2446 quemad-

74 2447 143 2504 dnm
170 2445 263 2503 docet
286 2443 413 2504 Iacobus
440 2447 491 2524 (1,
511 2449 597 2521 14),
626 2389 680 2506 sed
702 2443 770 2523 quia
789 2443 871 2501 Deus
892 2463 954 2502 non
973 2443 1065 2503 modo
1085 2443 1224 2506 Satanas.

76 2521 193 2582 libidini
212 2541 270 2580 uos
289 2520 450 2598 permittit,
475 2532 507 2580 ut
525 2520 625 2602 ignem
645 2517 901 2599 concupiscentiae
921 2520 1078 2602 ascendat,
1104 2521 1156 2580 sed
1175 2541 1219 2586 eo,

76 2601 168 2658 utitur
187 2597 250 2656 irae
270 2616 341 2656 suas
361 2595 512 2670 ministro,
542 2595 657 2676 quoties
676 2595 740 2656 vult
758 2593 892 2654 homines
910 2593 941 2652 in
962 2593 1079 2674 exitium
1099 2597 1215 2675 praeci-

77 2678 152 2755 pites
173 2693 280 2810 apere,
311 2673 374 2808 ipss
387 2694 454 2763 ‚quo
476 2691 513 2732 ue
525 2663 587 2732 ‘suo
606 2671 697 2734 modo
716 2671 749 2730 in
767 2669 962 2729 tentationem
980 2669 1102 2730 inducit.
1142 2673 1214 2748 Quo

78 2773 164 2812 sensu
206 2751 295 2810 icitur
338 2762 441 2829 prrrtus
492 2749 520 2812 ei
539 2747 630 2809 malus
651 2747 807 2828 arripuisse
822 2743 952 2820 Saulem,
972 2757 1002 2806 et
1021 2745 1128 2808 eodem
1146 2758 1215 2808 teu·

79 2830 152 2888 dunt
171 2825 342 2905 complures
355 2826 524 2905 Scripturas
544 2825 618 2887 loci:
637 2845 735 2904 usque
754 2835 854 2884 tamen
873 2823 1142 2904 proptereaDsom
1159 2845 1217 2885 vo·

80 2905 210 2965 cabimus
228 2903 374 2963 malorum
395 2914 555 2977 auctorem,
575 2902 714 2980 quoniam
734 2899 868 2962 homines
888 2899 1034 2986 mittendo
1053 2900 1216 2962 insensum

80 2982 242 3062 reprobrun
262 2999 325 3040 non
346 2978 499 3040 confusam
516 2979 701 3060 tyrannidem
721 2989 848 3050 exercet,
866 2976 918 3036 sed
936 2976 1011 3038 iusta
1029 2997 1081 3040 sua
1099 2977 1217 3054 iudiqia,

83 3059 152 3118 licet
170 3077 299 3130 arcana,
323 3055 497 3135 exsequitur.
535 3055 646 3117 Hirro
663 3076 718 3115 uos
735 3075 756 3114 u
773 3052 860 3114 enak.
899 3052 1020 3114 Malum
1037 3053 1087 3116 bie
1106 3067 1164 3140 tam
1184 3055 1217 3115 iu
1264 3108 1268 3118 .

81 3149 188 3198 neutm
210 3154 299 3214 qnam
318 3131 480 3193 masculino
498 3153 610 3214 genere
621 3142 721 3212 potest
730 3131 791 3190 acci
814 3129 833 3189 i.
865 3127 1093 3210 Cbrysostoruus
1105 3132 1143 3192 ad
1154 3131 1223 3193 din-¹

83 3211 184 3274 bolum
203 3211 310 3283 relsrt,
330 3209 380 3288 qui
394 3210 526 3269 omnium
536 3209 678 3269 malorum
692 3151 932 3277 estarcbltectus,
953 3218 1041 3286 atque
1051 3219 1084 3267 ut
1094 3206 1217 3268 infestus

82 3301 124 3354 cst
142 3288 246 3350 salutis
265 3297 386 3346 nostras
405 3285 497 3346 hostis
516 3285 629 3346 assidue
649 3305 704 3344 nos
724 3305 763 3372 op
787 3295 886 3364 ugnat.
915 3283 985 3342 Non
1004 3283 1099 3346 minus
1118 3295 1218 3344 tamen

84 3367 240 3427 commode
266 3361 376 3443 exponi
401 3361 512 3441 poterit
536 3363 573 3422 de
598 3373 730 3440 peccato.
803 3381 838 3420 ec
864 3361 900 3420 de
926 3379 959 3420 ea
984 3361 1218 3422 removendum

84 3455 127 3503 est
145 3453 310 3514 certamen,
330 3439 398 3517 quia
418 3440 496 3500 idem
516 3439 579 3498 iere
599 3448 699 3496 manet
715 3457 826 3510 sensus,
846 3456 900 3496 nos
920 3435 1033 3496 scilicet
1052 3435 1172 3497 diabolo
1188 3449 1219 3497 et

84 3531 206 3599 peccato
229 3538 293 3578 esse
315 3516 472 3596 expositos,
491 3516 547 3576 uisi
567 3536 621 3574 nos
640 3524 756 3572 tueatur
774 3510 920 3574 Dominus
940 3524 970 3573 et
990 3513 1102 3593 eripiat.
1139 3514 1220 3596 Quia

84 3611 162 3656 tasum
180 3609 223 3655 est
239 3617 371 3670 regnum
410 3593 518 3652 lllirum
539 3603 583 3652 est
603 3590 677 3650 banc
698 3589 875 3668 precationis
886 3589 1148 3669 clausulam,‘quae
1158 3601 1218 3647 tam
1313 3608 1317 3628 ¹

85 3686 153 3752 apte
179 3672 319 3752 quadrat,
348 3669 501 3730 avLatinis
520 3668 609 3728 luisse
629 3665 773 3728 omissam.
810 3666 924 3743 Neque.
936 3666 1015 3726 enim
1033 3665 1102 3725 ideo
1120 3664 1219 3725 solum

87 3749 181 3810 addita
208 3761 270 3823 est,
299 3757 333 3807 ut
352 3747 441 3808 corda
460 3757 561 3810 nostra
580 3743 616 3803 ad
637 3739 828 3822 expetendam
846 3743 905 3802 Dei
924 3742 1049 3823 gloriam
1067 3739 1220 3876 accendaq

87 3839 117 3886 et
134 3827 306 3898 admoneat,
325 3823 457 3902 quisnam
477 3843 537 3884 esse
558 3820 665 3884 debeat
684 3829 822 3879 votorum
840 3831 1011 3878 nostrorum
1030 3835 1147 3894 scopus,
1166 3835 1198 3874 ss

88 3904 172 3964 etiam
202 3915 238 3962 ut
262 3903 383 3974 doceat,
416 3919 519 3980 preces
545 3910 674 3970 nostras,
704 3915 781 3975 quas
804 3892 852 3954 hic
878 3893 966 3954 nobis
990 3892 1116 3953 dictatae
1141 3902 1220 3966 sunt,

87 4001 147 4040 uon
171 3979 245 4042 alibi
270 3975 413 4056 quamin
437 3977 505 4036 Deo
529 3975 595 4036 solo
621 3973 755 4034 fundatas
780 3993 860 4048 esse,
893 3991 931 4032 ne
958 3965 1086 4048 propriis
1109 3966 1221 4030 meritis

87 4069 221 4118 nitamur.

126 4259 213 4342 (55.)
244 4255 417 4324 Marte.
428 4257 485 4324 Vl.
513 4256 564 4322 ts
585 4255 620 4322 Si
643 4217 730 4322 enini
749 4250 935 4320 remiseritis
955 4245 1138 4316 bominibus
1149 4271 1223 4338 pso-

90 4367 157 4429 cata
180 4379 257 4438 sua,
288 4360 426 4428 remittet
449 4361 544 4428 etiam
563 4355 660 4428 vobis
680 4358 776 4426 Pater
797 4351 956 4422 coelestis.
1003 4351 1057 4418 tu.
1090 4349 1221 4472 qudsi

1049 4611 1058 4638 Ι
