2790 4838
392 281 647 342 Aoosrononura
667 293 872 342 morrrurro.
1139 287 1199 352 2¹37
1252 313 1254 321 ,

71 434 104 494 ad
131 431 298 514 implendas
329 433 553 513 promissiones,
591 455 670 516 quae
699 434 770 496 olim
796 434 933 496 Patribus
962 431 1047 494 datae
1071 433 1199 512 fuerant,

71 511 103 570 ad
114 512 202 570 lione.
215 519 265 582 15,
275 516 304 575 8.
343 512 434 590 Atqui
454 511 583 591 speciale
603 513 708 572 foedus
728 512 797 593 pepi
820 524 882 572 crat
900 510 982 572 Deus
1002 525 1067 570 cum
1087 532 1198 593 genere
1242 576 1245 590 ¹

70 587 213 648 hhralrae.
253 589 323 647 Non
344 585 395 648 abs
415 607 447 648 re
462 588 682 670 crgoChristus
702 588 788 650 initio
815 653 818 660 ,
840 589 867 648 ei
924 589 1011 648 atiam
1032 588 1062 648 in
1083 589 1197 669 populo

69 665 161 725 eleeto
183 665 345 740 continuit,
365 665 461 724 donec
480 676 624 727 maturum
644 666 759 728 adesset
778 665 840 725 eius
859 687 899 746 pu
921 665 1053 726 licandae
1073 676 1197 746 tempus.

68 741 92 798 h
119 742 342 801 resurrectione
376 761 448 801 vero
475 741 715 804 benedictionem
750 741 880 804 secundo
920 741 989 801 loco
1025 742 1198 820 promissam

69 819 95 878 in
113 837 220 878 omnes
240 831 346 899 gentes
367 817 487 891 effudit,
540 819 588 878 uia
609 831 639 878 ct
657 831 728 880 tunc
746 819 843 880 velum
861 818 966 897 templi
985 818 1103 878 scissum
1125 831 1198 894 crab
1262 869 1266 878 ,

67 907 93 954 et
111 895 224 964 dissidii
244 896 370 954 maceria
391 895 494 954 diruta.
514 839 608 978 ‘bego
624 895 648 954 si
668 897 714 956 cni
733 897 848 956 ridetur
866 917 968 975 parum
989 893 1198 954 humanahaec

67 972 246 1050 prohibitio,
286 972 354 1031 dum
386 969 520 1032 Christus
555 984 659 1054 gentes
688 971 844 1054 Evangelii
876 970 1105 1052 participatione
1133 993 1197 1032 non

67 1049 226 1129 dignatur,
257 1047 281 1106 is
310 1069 374 1108 curn
398 1047 466 1107 Deo
492 1045 604 1130 litiget,
642 1050 692 1128 qui
718 1049 862 1127 reliquum
881 1047 1021 1108 mundum
1042 1046 1198 1108 excludens

66 1147 123 1184 cum
142 1124 212 1184 solo
234 1124 372 1208 Abrahae
391 1125 503 1185 semine
522 1125 626 1186 foedus
645 1147 729 1185 suum
748 1125 887 1200 sancivit,
906 1125 985 1185 unde
1005 1123 1063 1186 hoc
1085 1123 1197 1186 Christi

66 1203 230 1262 mandatum
252 1201 410 1281 dependet.

78 1303 83 1312 ·
133 1287 162 1343 6.
204 1281 311 1338 Potius
328 1275 370 1338 nd
386 1299 451 1338 oues
464 1275 605 1354 padicus.
643 1275 789 1348 Priorem,
809 1288 842 1338 ut
860 1275 929 1348 dinI,
950 1275 1048 1336 locum
1068 1277 1124 1336 assi
1166 1289 1198 1337 at

66 1354 193 1428 ludaeis,
226 1356 297 1434 quia
316 1356 411 1435 primo
435 1355 507 1415 eniti
528 1367 626 1416 erant:
657 1353 726 1413 imo·
739 1353 806 1433 quia
826 1365 897 1412 tunc
916 1353 994 1431 ipsos
1014 1352 1094 1414 solos
1146 1353 1197 1415 eris

65 1431 164 1491 insua
191 1431 304 1492 familia
329 1375 486 1507 censebat,
516 1451 605 1511 quum
632 1430 681 1490 alii
707 1441 806 1489 essent
825 1427 964 1488 extranei.
1002 1427 1197 1490 Eunominat

66 1529 127 1568 oves
157 1509 311 1600 perditas,
341 1521 402 1568 tum
427 1519 461 1568 ut
484 1507 683 1568 misericordia
712 1506 784 1566 tacti
815 1505 937 1565 alacrius
967 1515 998 1564 et
1027 1504 1196 1567 ardentiore

65 1585 154 1645 studio
167 1585 230 1646 dtis
244 1597 418 1646 succurrant
428 1584 577 1667 Apostoll,
595 1597 656 1644 tum
674 1595 707 1643 ut
724 1583 819 1643 sciant
837 1582 868 1640 in
888 1579 1052 1662 praesentia
1072 1581 1197 1642 uberem

65 1661 216 1722 laborandi
228 1663 381 1722 materiam
399 1661 456 1720 sibi
474 1658 645 1742 suppetere:
667 1673 696 1720 et
716 1671 814 1720 tamen
834 1657 888 1719 sub
904 1657 980 1718 illius
992 1657 1120 1750 gentisfi
1144 1679 1197 1720 ura

65 1738 161 1798 docuit
176 1737 326 1812 Christus,
346 1739 438 1818 qualis
458 1739 495 1800 sit
513 1738 603 1798 totius
623 1737 743 1798 humani
762 1734 879 1820 generis
900 1734 1043 1794 conditio.
1082 1679 1196 1809 ludaei,

66 1815 109 1892 qui
134 1815 204 1876 Deo
237 1815 400 1896 propinqui
430 1827 459 1875 et
490 1814 633 1875 foederati
660 1826 760 1888 erant,
798 1811 932 1892 adeoque
964 1808 1087 1892 legitimi
1118 1811 1196 1872 vitae
1263 1841 1267 1852 ·

64 1903 196 1952 aeternae
208 1891 363 1966 haeredes,
380 1890 489 1972 perditi
507 1904 605 1952 tamen
625 1891 770 1964 dicuntur,
790 1889 886 1950 donec
897 1885 1020 1948 salutem
1031 1886 1063 1948 in
1076 1887 1197 1950 Christo

65 1981 248 2050 recuperent.
290 1969 373 2044 Quid
393 1969 483 2050 igitur
501 1967 587 2028 nobis
606 1969 644 2028 eit
663 1968 827 2041 residuum,
857 1965 907 2046 qui
927 1964 1016 2046 longe
1036 1965 1195 2026 inferiores
1281 2035 1284 2047 ⁴

66 2043 174 2106 honore
193 2045 315 2106 sumus?
361 2045 519 2108 Caeterum
543 2049 636 2106 ουίιιιιι
656 2065 765 2104 nomen
786 2063 818 2102 re
841 2041 922 2103 robis
943 2061 1062 2122 quoque
1081 2041 1196 2118 tribuit,

65 2121 109 2199 qui
127 2143 182 2202 pro
208 2123 254 2182 rie
276 2143 309 2182 ex
329 2142 420 2214 grege
441 2122 500 2181 Dei
519 2141 581 2182 non
601 2134 695 2194 eraut,
716 2120 783 2200 quia
804 2064 840 2178 ad
860 2130 953 2178 totum
997 2117 1117 2197 epulum
1160 2139 1175 2178 a

65 2197 140 2257 tebet
158 2144 299 2280 adoptio:
320 2213 404 2260 sicuti
425 2199 494 2260 alibi
514 2197 590 2259 filios
609 2199 695 2280 regni
713 2206 816 2272 vocnt,
843 2195 893 2274 qni
912 2139 1032 2254 taudem
1052 2139 1193 2285 perfidae

65 2295 126 2334 suae
146 2275 193 2336 cul
218 2297 235 2334 a
256 2275 412 2336 abdicandi
432 2275 782 2353 erant(lllatth.8,12.).
820 2273 856 2332 In
876 2291 997 2344 summa,
1018 2291 1115 2336 ouium
1136 2291 1194 2330 no-

65 2351 136 2412 mine
157 2297 449 2434 Iudaeoshpostolis
468 2353 664 2414 commendat
676 2350 820 2424 Christus,
839 2359 873 2408 ut
890 2346 947 2408 illis
967 2367 1048 2407 suam
1069 2367 1192 2437 operam

65 2429 211 2504 addicant,
252 2429 320 2509 quia
345 2450 415 2490 non·
427 2441 567 2511 poterant
585 2429 616 2489 in
642 2447 734 2514 grege
753 2427 813 2488 Dei
832 2445 994 2508 agnoscere
1015 2423 1070 2484 nisi
1091 2424 1193 2504 quim

66 2505 135 2566 ovile
155 2527 194 2589 ag
220 2508 313 2588 regati
334 2519 427 2568 erant.
1223 2553 1233 2566 ,

132 2591 160 2650 'l-
247 2583 385 2660 aedium
403 2583 526 2644 diaeum
537 2597 587 2644 etc.
617 2583 684 2642 Hoc
697 2579 832 2660 estquod
845 2577 901 2638 disi
912 2575 1114 2658 praeconium,
1133 2593 1194 2667 quo

65 2678 133 2748 engi
150 2659 261 2797 populi
279 2661 393 2722 animus
412 2660 507 2722 voluit
521 2661 654 2724 Christus
674 2659 704 2719 in
718 2679 802 2737 spem
812 2655 998 2736 propinquae
1011 2653 1193 2733 redemptio-

65 2755 113 2796 ιιι
177 2759 215 2799 ιο
233 2759 355 2814 mum
373 2739 517 2800 coelumne
533 2737 627 2798 Lucas
647 2734 862 2818 ponitregoum
877 2731 947 2806 Dei,
967 2730 1073 2790 eodem
1091 2748 1194 2789 sensu:

66 2831 165 2893 nempe
186 2825 223 2872 ut
241 2813 351 2875 scirent
370 2813 488 2886 ludaei,
514 2815 689 2906 primum¹se
710 2811 848 2872 divinitus
868 2807 996 2881 restitui,
1015 2827 1077 2865 non
1098 2805 1194 2866 homi-

66 2907 128 2947 num
147 2891 314 2952 beneficio:
343 2892 451 2952 deinde
472 2892 587 2952 felicem
607 2889 660 2952 suh
680 2889 750 2949 Deo
770 2907 843 2969 rege
864 2895 967 2946 eorum
986 2884 1052 2943 fore
1072 2895 1193 2943 statum:
1300 2873 1308 2907 ¹'

65 2965 162 3040 tertio,
204 2989 268 3028 non
292 2981 441 3032 terrenam
465 2989 498 3030 ac
522 2969 660 3028 caducam
680 2964 852 3026 felicitatem
878 2962 934 3023 illis
954 2959 1103 3044 promitti,
1140 2959 1194 3021 sed

68 3041 221 3106 coelestem
242 3055 273 3103 et
291 3066 439 3125 nunquam
460 3045 628 3106 finiendam.

131 3125 160 3184 8-
201 3118 343 3196 Infimos
361 3135 470 3182 semme.
509 3121 604 3180 Sicuti
623 3129 775 3212 potestate
802 3138 853 3179 eos
878 3116 1011 3190 instruit,
1044 3113 1086 3174 sic
1110 3112 1194 3174 iubet

67 3191 160 3256 fideles
182 3208 216 3255 et
235 3197 369 3260 liberales
396 3219 458 3258 esse
478 3197 540 3258 eius
559 3198 723 3271 minrstros,
754 3215 878 3274 eamque
900 3215 934 3255 su
957 3193 1085 3274 primere
1103 3202 1194 3264 vetat,

67 3289 132 3346 qnae
153 3272 185 3332 in
208 3295 362 3335 commune
376 3275 506 3336 omnium
525 3273 638 3335 honum
657 3273 734 3354 apud
753 3273 832 3353 ipsos
853 3281 916 3332 erat
934 3215 1076 3352 deposita.
1114 3264 1193 3327 Cae-

67 3355 153 3410 terum
174 3349 322 3412 miraculis
342 3351 402 3411 istis
423 3351 572 3436 designat,
621 3371 741 3410 norsum
761 3370 776 3408 a
798 3347 886 3408 Patre
905 3346 1006 3407 missus
1027 3343 1133 3420 fuerit,
1163 3355 1193 3404 et

68 3425 195 3500 qeaisnam
215 3428 253 3488 sit
262 3427 415 3509 Evangelii
435 3427 572 3490 sui‘liuis.
602 3373 716 3505 licque
737 3425 814 3487 enim
835 3435 946 3484 temere
966 3433 1099 3482 mortuos
1115 3421 1192 3481 exci-

68 3509 124 3561 tare
145 3513 177 3562 et
197 3515 337 3586 aegrotos
355 3525 458 3565 sanare
477 3505 576 3584 potius
595 3501 688 3578 iubet,
708 3523 794 3581 quam
812 3501 924 3576 morbis
943 3513 1030 3564 sanos
1049 3497 1194 3588 affligere,

65 3589 109 3635 aut
126 3591 254 3640 mortem
273 3580 595 3664 infligereviventihus.
634 3579 811 3662 Analogiam
830 3599 903 3660 ergo
922 3589 954 3637 et
972 3575 1193 3637 similitudmem

67 3649 170 3714 babent
189 3657 330 3718 miracula
350 3680 416 3717 curn
436 3655 539 3718 officio
551 3655 672 3732 Christi,
691 3668 724 3716 ut
742 3655 875 3730 sciamus,
894 3653 1007 3713 venisse
1027 3649 1114 3712 nohis
1135 3647 1192 3710 bo-

64 3745 163 3792 norum
186 3733 316 3794 omniurn
335 3745 501 3807 auctorem,
526 3733 577 3816 qui
596 3755 650 3793 uos
671 3754 687 3792 a
707 3733 833 3794 Samnae
852 3731 1013 3809 mortisque
1036 3724 1193 3815 tyrannide

65 3800 183 3945 liberetp
222 3811 273 3890 qui
298 3822 383 3872 sanet
405 3809 528 3873 morbos
548 3823 665 3870 nostros
692 3821 723 3869 et
741 3808 826 3884 vitia,
864 3819 895 3868 et
913 3804 1036 3868 miseriis
1057 3801 1193 3864 omnihus

65 3899 146 3944 oem
180 3899 252 3946 erat.
966 3903 969 3919 ¹

84 3903 100 3961 Ρ
136 3963 274 4023 &muno
292 3964 451 4040 accepistis.
492 3962 563 4037 Quo
581 3962 719 4024 libentius
732 3958 960 4034 communicent,
980 3977 1055 4037 quae
1075 3955 1105 4014 in
1124 3953 1192 4016 illos

65 4039 226 4121 contulerat
245 4041 342 4114 dona,
367 4039 531 4121 significat,
557 4059 624 4114 ,non
646 4040 675 4098 in
696 4039 839 4128 privatam
858 4058 938 4096 suam
959 4033 1083 4116 gloriam
1104 4032 1191 4093 fuisse

67 4110 117 4172 dl's
137 4117 267 4191 credita,
286 4118 339 4176 sed
358 4127 392 4174 ut
410 4116 554 4198 gratuitae
573 4116 633 4178 Dei
653 4115 865 4176 beneficentiae
886 4113 1003 4192 quidam
1024 4109 1082 4168 sint
1101 4108 1192 4170 veluti

66 4191 187 4253 canales:
221 4194 280 4256 acsi
299 4193 427 4270 diceret,
459 4193 599 4274 Cogitate
619 4195 697 4254 unde
716 4191 802 4252 vohis
821 4187 993 4270 provenerit
1012 4187 1085 4246 haec
1103 4198 1191 4268 pote-

65 4275 132 4340 ⁸lits,
169 4271 255 4330 sicuti
277 4269 361 4328 nullo
381 4282 479 4329 restro
504 4269 611 4329 merito
632 4292 665 4330 ex
684 4290 764 4329 mera
784 4267 842 4326 Dei
854 4265 953 4346 'gratia
976 4263 1073 4339 llrrrit,
1113 4285 1192 4322 nune
1270 4335 1275 4352 x

65 4355 155 4406 vestro
185 4346 352 4407 ministerio
383 4347 472 4426 gratis
497 4347 533 4405 ad
558 4346 632 4406 alios
655 4365 775 4405 manare
799 4343 893 4403 decet.
943 4339 1073 4415 Scimus,
1104 4361 1191 4420 quam

64 4433 145 4498 tegre
158 4422 442 4504 impertiatquisqne
456 4423 529 4500 aliis,
548 4423 696 4504 quodsibi
717 4420 865 4503 peculiare
885 4440 947 4484 esse
967 4427 1064 4502 putat:
1085 4415 1191 4478 deiude
