2756 4838
129 217 186 282 affl
399 209 515 276 SEGT.
535 202 618 272 livi
655 223 734 272 arra
755 225 790 273 ιιι
805 185 1012 272 ‘mansuaria

130 331 264 438 multum
292 387 372 436 vero
400 371 554 456 temporis
581 369 680 434 verrit
698 352 862 438 dominus.¹
875 389 1043 434 servornm
1076 363 1223 444 illorum,
1267 377 1299 432 et
1369 327 1370 404 l

128 478 225 561 ponit
245 476 402 540 rationem
430 494 502 538 cum
529 474 587 540 eis.
634 473 688 537 20.
723 473 766 538 Et
793 471 951 537 accedeus
978 473 1021 548 is,
1065 473 1121 557 qui
1152 472 1298 557 quinque

130 577 253 644 talenta
275 588 459 662 acceperat,
492 573 596 642 attulit
618 571 718 638 altera
740 582 883 664 quinque
905 568 1040 652 talenta,
1074 574 1206 651 dicens,
1230 573 1299 640 Do-
1369 611 1370 622 ι

130 683 232 760 mine,
253 680 397 768 quinque
419 677 541 744 talenta
560 677 719 743 tradidisti
740 681 830 762 mibi,
861 699 938 745 ecce
960 676 1063 741 altera
1085 681 1232 764 quinque
1254 689 1298 742 ta-

130 783 221 852 lenta
243 783 384 850 lucratus
405 803 474 846 sum
496 803 556 868 per
578 803 625 846 ea.
667 781 718 850 21.
751 782 806 848 Ait
826 781 874 850 illi
900 783 1051 850 dominns
1079 785 1183 860 eius..
1207 781 1297 864 Euge
1369 825 1370 840 .

131 908 226 954 serve
247 885 336 954 bone
359 897 390 951 et
412 883 534 962 fidelis,
567 907 665 972 snper
685 907 787 970 pauca
810 883 897 950 luisti
916 883 1044 967 fidelis,
1076 907 1179 971 super
1200 883 1297 950 multa

132 1001 165 1056 te
187 996 393 1056 constituam:
415 991 497 1062 intra
518 989 552 1052 in
575 985 725 1078 gandium
743 984 866 1051 domini
887 990 944 1052 tni.
986 990 1037 1054 22.
1058 987 1231 1054 Accedere
1245 1009 1299 1054 au·
1369 983 1370 1058 l

132 1104 196 1159 tem
219 1096 324 1179 etqui
353 1091 432 1156 duo·
448 1088 567 1156 talenta
596 1099 780 1177 acceperat,
816 1091 874 1166 sit,
900 1090 1059 1171 Domine,
1089 1091 1155 1157 duo
1176 1089 1298 1154 talenta
1369 1109 1370 1160 l

131 1195 291 1262 tradidisti
312 1195 402 1260 mibi:
435 1215 512 1259 eece
540 1192 603 1258 alia
630 1193 697 1260 duo
724 1191 867 1258 lucratus
893 1216 962 1260 sum
989 1217 1050 1282 per
1077 1219 1126 1262 ea.
1164 1195 1214 1260 m
1240 1197 1298 1258 Ait
1369 1195 1370 1264 l

131 1297 181 1364 illi
201 1297 350 1364 dominns
372 1301 458 1377 eins,
499 1297 591 1382 Euge
619 1315 713 1372 serve
740 1293 829 1362 bone
858 1305 889 1361 et
908 1295 1037 1375 fidelis,
1076 1319 1175 1384 super
1194 1317 1297 1382 pauca
1369 1305 1370 1374 7

131 1400 220 1468 bristi
246 1401 369 1482 fidelis,
409 1423 508 1491 super
534 1399 634 1466 multa
660 1402 691 1464 te
727 1399 932 1464 constituam:
973 1402 1058 1466 intra
1085 1405 1121 1467 in
1149 1399 1300 1484 gaudium

132 1501 258 1570 domini
286 1509 344 1573 tui.
393 1507 444 1572 24.
477 1503 647 1572 decedens
674 1513 780 1567 autem
807 1503 916 1587 etqui
943 1523 1042 1570 unum
1070 1502 1228 1571 talentum
1250 1525 1301 1567 ao-

132 1619 278 1694 ceperat,
300 1611 358 1688 ait,
378 1610 535 1687 Domine,
556 1627 710 1673 noveram
732 1615 780 1682 te,
801 1603 889 1690 quod
912 1605 1009 1672 bomo
1032 1606 1133 1674 durus
1154 1611 1214 1684 sis,
1235 1627 1300 1670 me-
1369 1609 1370 1640 ³

132 1720 205 1777 tens
229 1710 287 1777 ubi
312 1731 380 1776 non
406 1711 584 1785 seminasti,
622 1713 677 1772 et
689 1707 767 1774 inde
789 1727 988 1794 congregans
1009 1707 1065 1776 ubi
1090 1730 1159 1776 non
1181 1708 1300 1794 sparsi·

132 1816 182 1880 sti.
224 1815 275 1877 25
296 1813 344 1877 Ac
366 1813 495 1878 territus
514 1807 589 1888 abii,
609 1795 832 1896 abscondique
853 1810 1007 1878 talentum
1032 1826 1122 1879 tuum
1144 1815 1179 1876 in
1201 1823 1300 1875 terra.
1369 1829 1370 1856 ι

134 1933 211 1978 ecce
233 1911 351 1990 babes,
376 1912 468 2000 quod
489 1925 576 1978 tuum
600 1922 656 1977 esi.
696 1911 748 1976 26.
775 1913 994 2000 Respondeas
1020 1927 1126 1981 autem
1151 1915 1301 1980 dominns
1369 1929 1370 1980 ζ

134 2017 218 2094 eius,
240 2014 319 2080 dixit
339 2018 384 2092 ei,
404 2013 506 2081 Serve
530 2013 615 2079 male
638 2024 670 2080 et
690 2017 795 2101 piger,
822 2015 948 2083 sciebas
969 2019 1057 2104 quod
1081 2027 1216 2094 metam,
1243 2016 1296 2082 ubi

133 2137 202 2185 non
222 2121 442 2198 seminavi„et
462 2137 652 2204 congregem
675 2117 774 2198 illino,
796 2117 853 2184 ubi
874 2141 942 2186 non
962 2123 1073 2207 sparsi.
1116 2119 1168 2188 27.
1190 2120 1299 2208 Opor-
1369 2115 1370 2142 ¹

133 2225 195 2287 tuit
217 2241 295 2325 ergo
316 2232 350 2286 te
371 2224 569 2289 committere
590 2225 758 2307 pecuniam
779 2243 882 2288 meam
901 2226 1084 2302 mensariis,
1111 2234 1145 2289 et
1165 2229 1299 2292 veniens
1369 2211 1370 2302 J

136 2345 198 2411 ego
226 2327 421 2412 recepissem
447 2329 575 2412 ntique
588 2326 676 2411 qood
698 2347 803 2392 meum
836 2339 884 2392 eat
906 2349 977 2418 cum
999 2349 1106 2392 usura.
1148 2329 1200 2395 28
1222 2328 1298 2397 Tol-

134 2427 193 2495 litt
213 2431 324 2518 itaque
345 2429 451 2502 abeo
471 2429 644 2508 talentum,
678 2439 710 2495 et
731 2429 805 2496 date
827 2433 880 2508 ei,
914 2433 970 2516 qni
994 2429 1094 2496 babet
1121 2431 1237 2498 decem
1256 2443 1301 2498 ta-
1369 2463 1370 2514 ς

134 2519 234 2598 lenta.
295 2531 346 2598 29.
381 2530 482 2600 Omni
504 2537 589 2600 enim
610 2533 742 2598 habenti
764 2531 909 2612 dabitur,
952 2543 985 2599 et
1007 2532 1204 2601 abundabit.
1246 2541 1301 2624 qui

134 2656 217 2702 vero
238 2657 305 2722 non
326 2635 439 2714 babet,
482 2641 576 2704 etiarn
606 2638 641 2703 id
663 2637 752 2724 quod
778 2635 877 2702 babet
904 2636 1071 2703 auleretur
1092 2637 1134 2704 ab
1159 2660 1211 2704 eo.
1251 2639 1302 2704 3⁰.

120 2741 178 2806 'Et
204 2733 349 2808 inutilem
376 2761 504 2804 servum
532 2744 639 2808 elicita
667 2743 701 2807 in
731 2739 884 2808 tenebras
911 2743 1102 2808 exteriores.
1144 2739 1217 2808 illic
1243 2745 1301 2808 erit

7 2897 9 2904 .
136 2843 232 2910 fletus
254 2855 286 2908 et
307 2841 426 2908 stridor
448 2843 600 2908 dentium.

92 3103 95 3110 '
222 3087 322 3158 LUC.
344 3093 426 3157 xix.
468 3093 517 3158 11.
554 3093 646 3160 Haec
677 3091 743 3160 illia
771 3095 994 3176 audientibus,
1036 3095 1196 3164 adiiciena
1225 3097 1303 3163 dixit
1369 3027 1370 3096 l

138 3194 340 3293 parabolam,
362 3216 403 3261 eo
425 3195 515 3281 quod
538 3209 622 3263 esset
642 3217 746 3284 prope
768 3199 1038 3286 Hierosolymam,
1060 3199 1219 3288 quodque
1243 3201 1303 3263 exi-

137 3304 303 3368 stimarent
344 3298 430 3376 lore,
472 3312 507 3367 ut
548 3301 715 3368 confestim
759 3323 892 3388 regnum
923 3305 990 3370 Dei
1032 3301 1301 3369 manilestaretnr.

138 3405 187 3476 12.
229 3403 319 3474 Dixit
347 3423 439 3489 ergo,
481 3406 588 3472 Homo
617 3405 748 3492 quidam
775 3427 896 3491 genere
923 3407 1029 3473 clarus
1056 3405 1226 3494 proiectus
1255 3413 1301 3468 est

136 3513 171 3577 in
200 3512 369 3593 regionem
397 3506 619 3598 longinquam,
658 3521 693 3576 ut
723 3513 885 3610 acciperet
911 3509 973 3576 sibi
1004 3531 1141 3596 regnum
1182 3529 1221 3574 ac
1250 3527 1298 3571 re

135 3623 324 3679 verteretur
402 3614 452 3678 13.
495 3613 629 3679 Vocatis
670 3625 775 3679 autem
823 3603 935 3678 decem
978 3617 1081 3680 servis
1124 3617 1206 3688 suis,
1242 3609 1296 3674 de-
1369 3681 1370 3690 χ

137 3717 185 3786 dit
217 3718 264 3782 eis
295 3715 408 3784 decern
438 3719 555 3796 minas,
595 3727 628 3784 et
665 3719 709 3781 ait
748 3715 790 3780 ad
824 3715 918 3794 illoa,
959 3719 1201 3806 Negotiemini,
1240 3712 1299 3780 do-

61 3805 67 3818 *
135 3843 199 3890 nec
232 3823 368 3888 veniam.
433 3821 482 3888 te
525 3817 625 3888 Cives
654 3830 758 3886 autem
791 3823 861 3886 eius
900 3817 1040 3886 oderant
1075 3841 1165 3896 eum,
1209 3817 1301 3884 mise

134 3937 276 4012 rnntque
296 3923 492 4011 legationem
514 3923 714 4012 pastillum,
755 3923 914 4004 dicentes,
953 3924 1114 3992 Nolumus
1142 3924 1233 3988 hunc
1252 3941 1303 3986 re·

136 4047 236 4113 gnare
265 4049 364 4114 snper
384 4047 454 4096 nos.
499 4029 557 4094 15.
586 4027 629 4093 Et
649 4027 766 4094 lactum
788 4038 850 4107 est,
893 4040 930 4095 ut
948 4029 1072 4096 rediret
1094 4039 1233 4114 accepto
1253 4045 1303 4090 re·

136 4149 217 4214 gno,
247 4133 401 4220 iussitque
427 4135 536 4199 vocari
557 4131 633 4198 illos
653 4153 766 4198 servos
788 4133 830 4198 ad
854 4153 904 4212 se,
940 4133 1058 4220 quibus
1085 4129 1226 4197 dederat
1246 4147 1302 4215 pc-
1369 4201 1370 4220 χ

136 4233 278 4310 cuniam,
320 4247 354 4302 ut
384 4241 495 4315 sciret,
534 4250 686 4324 quantum
719 4239 857 4324 qru'sque
890 4239 1071 4321 negotiatus
1102 4245 1197 4300 esset
1252 4232 1300 4298 lo
1369 4229 1370 4320 J

136 4338 236 4406 Venit
257 4349 361 4406 antem
382 4343 517 4427 primus,
539 4340 667 4422 dicens,
694 4341 851 4422 Domine,
878 4345 964 4410 mina
985 4349 1041 4407 tua
1064 4337 1179 4406 decem
1197 4338 1299 4404 minas
1369 4375 1370 4398 r
