2756 4838
570 123 573 146 ι
704 95 705 98 ¹
783 122 790 156 p
1149 83 1156 120 l
1369 124 1370 168 p

152 225 211 292 m
307 213 425 280 SECT.
444 217 551 320 xvattr
580 231 844 280 susmssonmr
862 215 1155 282 utcmsrrosns.
1369 169 1370 202 l

155 375 198 438 sci
219 381 338 454 poterat
356 371 485 462 Ioannes
503 369 564 432 Dei
587 388 703 446 seruus,
741 371 813 463 quin
838 371 902 452 ipsc
926 371 1086 448 Dominus¹
1099 382 1319 453 agnosceretur.

156 455 262 542 Itaque
281 469 345 508 non
365 459 487 508 armavit
526 457 668 510 rotervos.
682 447 830 524 laerones,
850 447 985 528 quisine
1005 447 1067 508 ullo
1088 447 1250 524 mandato,
1273 449 1320 508 scd

154 538 267 611 privata
295 525 414 586 audacia
437 468 590 616 publicum
614 523 670 584 sibi
687 545 801 588 ,munus
829 534 987 605 usurpant:
1026 543 1126 603 neque
1155 524 1246 584 etiam
1270 546 1319 584 sno
1370 582 1371 606 ,

156 602 291 684 exemplo
320 601 462 691 sophistis
480 621 510 659 m
534 601 832 662 tacendae'veritatis
859 611 952 660 artem
973 601 1101 673 induxit,
1131 600 1222 661 sicuti
1241 601 1319 660 multi
1370 621 1371 628 ¹

155 679 265 744 versuti
292 677 426 738 homines
452 619 527 736 deleo
551 698 616 738 eum
642 689 792 738 auctorem
818 687 1001 757 praetexunt
1039 677 1154 737 Fateor
1176 677 1319 768 equidem,

156 779 218 818 non
240 775 301 815 sem
324 775 356 813 er
376 754 482 814 eodem
501 754 592 815 modo
612 755 851 834 respondendum
872 774 945 828 csse,
964 751 1121 834 siquando
1143 753 1232 813 nobis
1253 753 1319 813 iusi-

157 834 220 894 dias
239 843 289 892 ten
312 841 366 890 unt
384 829 479 910 impii,
497 832 548 890 scd
568 831 609 891 ita
630 831 791 911 prudenter
804 831 963 892 cavendum
979 840 1023 891 est
1034 828 1070 890 ab
1086 850 1190 890 eorum
1205 829 1319 904 malitia,

111 949 114 956 ,
156 930 195 970 ne
214 908 321 968 veritas
341 905 443 967 debito
484 907 630 966 atrociuio
642 907 800 974 fraudetur.
834 905 991 967 Caeterum
1003 905 1173 986 Baptismus
1195 907 1242 968 tic
1261 927 1320 968 uon

156 996 269 1046 tanturn
281 1004 336 1063 pro
347 983 434 1064 signo
448 927 642 1044 alsolutionis
654 984 779 1064 capitur,
797 983 849 1045 sed
861 1004 915 1064 pro
934 994 1000 1043 toto
1013 975 1136 1046 Ioannis
1148 982 1320 1044 ministerio

156 1060 262 1122 Voluit
281 1059 359 1119 enirn
379 1058 486 1119 elicere
495 1059 633 1120 Christus
653 1080 837 1142 responsum,
857 1069 973 1120 essetne
985 1059 1114 1120 Ioannes
1134 1079 1220 1120 verus
1236 1059 1321 1119 etle-

157 1137 275 1222 gitimus
294 1135 353 1195 Dei
373 1135 534 1216 Propheta,
554 1157 591 1196 an
610 1135 764 1216 impostor.
802 1136 953 1217 Loquntio
974 1148 1072 1195 umen
1095 1137 1162 1195 haec
1182 1135 1321 1196 continet

30 1203 36 1234 ‘
156 1214 258 1275 utilem
278 1212 453 1287 doctrinam,
473 1212 559 1274 Sitne
575 1212 999 1292 aDeoBaptismus,10annis,
1018 1231 1057 1272 an
1076 1211 1115 1274 ab
1134 1211 1319 1272 homiuibus:

176 1291 223 1352 uia
244 1288 313 1350 inde
334 1287 515 1370 colligimus,
542 1289 653 1348 nullam
672 1289 852 1364 doctrinam,
867 1288 980 1358 nullom
998 1309 1113 1353 merum
1131 1289 1244 1371 signum
1264 1287 1321 1348 de-

156 1313 230 1432 dere
251 1365 330 1426 inter
349 1365 415 1445 pios
435 1365 559 1442 admitti,
579 1357 635 1426 rlisi
655 1366 750 1426 aDeo
768 1367 904 1446 proiectu
917 1385 979 1426 esse
994 1375 1122 1440 constet,
1142 1385 1197 1425 nec
1214 1384 1276 1425 esse
1289 1365 1321 1424 in

156 1443 309 1506 hominum
329 1441 452 1502 arbitrio
480 1443 636 1523 quicquam
663 1443 813 1504 excudere.
857 1443 906 1504 D'c
927 1441 1040 1501 Ioanne
1068 1441 1196 1502 habetur
1215 1461 1323 1517 muno,

155 1541 245 1654 gueni
265 1517 337 1578 alibi
356 1517 507 1610 Dominus.
522 1539 733 1612 snpracmnes
753 1519 917 1600 Prophetas
942 1517 1052 1600 insigni
1074 1517 1177 1609 elogio
1198 1517 1320 1578 extollit

157 1594 1239 1754 ClliiilullsudepiilienQilids’eigdadPedmidiiidgldiaidiilisreciiildddff
1259 1613 1320 1730 ell:

156 1748 194 1808 ab
220 1745 389 1808 hominibus
416 1746 499 1806 nihili
525 1748 588 1808 sine
608 1747 669 1808 ullo
689 1749 748 1808 Dei
772 1748 851 1809 iussu
880 1747 968 1808 stulte
985 1748 1102 1806 invecta
1122 1747 1212 1807 sunt?
1277 1768 1320 1806 sm

158 1823 292 1885 Christus
313 1821 356 1882 his
375 1823 473 1882 verbis
492 1835 595 1902 aperte
614 1825 803 1904 pronuntiat,
832 1835 928 1884 totum
947 1823 1100 1884 Ecclesiae
1123 1824 1261 1907 regimen
1281 1823 1319 1884 sic

157 1898 288 2035 pendere
308 1917 332 1960 a
344 1909 418 1958 nutu
429 1897 500 1978 Dei,
520 1909 553 1959 ut
572 1900 741 1980 hominibus
760 1900 844 1962 nefas
863 1901 902 1962 sit
920 1900 1075 1981 quicquam
1095 1919 1112 1960 a
1133 1921 1165 1962 se
1185 1900 1256 1980 ipsis
1275 1901 1318 1960 in-

179 1993 275 2034 ucere.
348 2012 350 2020 ι

233 2041 280 2109 At
297 2046 343 2107 illi
361 2048 525 2125 cogitabant
541 2049 625 2128 apud
640 2073 679 2112 se.
705 2052 762 2114 Hic
782 2053 959 2134 perspicitur
975 2050 1162 2114 sacerdotum
1174 2051 1318 2132 impietus:

156 2145 220 2190 non
239 2136 388 2206 reputant,
408 2127 479 2206 quid
498 2149 599 2188 verum
619 2129 666 2204 sit,
686 2149 784 2209 neque
797 2131 986 2213 interrogant
1002 2149 1082 2190 suam
1095 2129 1318 2190 conscientiam:

156 2204 218 2264 imo
237 2201 366 2282 turpiter
383 2204 496 2265 malunt
513 2205 700 2288 tergiversari
717 2219 807 2288 mem
826 2203 932 2282 fateri,
957 2207 1038 2286 quod
1057 2227 1161 2267 verum
1183 2225 1247 2266 esse
1266 2225 1319 2265 no-

76 2280 81 2293 '
157 2291 244 2355 runt,
262 2299 302 2338 ne
323 2277 393 2358 quid
413 2300 482 2341 suae
527 2282 651 2344 'rannidi
670 2281 803 2344 decedat.
842 2282 893 2344 Sic
914 2291 1015 2344 omuet
1034 2282 1134 2363 impii,
1154 2302 1317 2374 quanquam

108 2419 113 2430 ,
158 2355 290 2446 discendi
310 2375 341 2414 se
362 2357 485 2436 cupidos
500 2294 629 2444 dngsnt,
648 2358 805 2421 obstruunt
823 2370 924 2422 umen
943 2359 1058 2420 ianuam
1076 2357 1207 2432 veritati,
1226 2381 1251 2419 ει
1269 2379 1318 2417 cu·
1374 2433 1375 2438 η

157 2431 277 2568 ppellrtatp
296 2451 369 2569 pppe
384 2435 613 2574 tsentirentdesspl
627 2438 784 2573 apdversam.
828 2435 898 2572 an
926 2458 989 2527 er·
1019 2457 1071 2527 eos
1090 2436 1156 2496 sine
1176 2455 1318 2516 responso

108 2663 110 2676 Ι
155 2529 305 2676 indic,
337 2530 534 2666 tilieti„
553 2522 1320 2669 ttrtt‘ttttrt0‘tttiillidet&tttt’t

156 2681 188 2723 se
207 2673 379 2724 instructum
402 2687 464 2728 esse
484 2667 674 2728 demonstrat.

240 2961 344 3040 (173.)
384 2957 556 3026 ΜΑΤἸἯ.
580 2959 663 3023 xxi.
728 2959 778 3024 28.
812 2958 902 3045 Quid
931 2967 1035 3023 autern
1056 2954 1153 3024 vobis
1176 2957 1321 3024 videtur?

155 3063 263 3128 Homo
285 3052 429 3126 hahebat
446 3059 644 3128 duosfilios:
669 3069 701 3126 et
723 3061 882 3127 accedens
904 3062 945 3128 ad
967 3064 1118 3147 priorem,
1140 3059 1232 3140 dixit,
1254 3060 1322 3135 Fili,

155 3163 247 3242 vade,
268 3162 368 3230 hodie
390 3183 527 3252 operare
548 3165 582 3228 in
605 3167 701 3230 vinea
721 3185 802 3232 mea.
844 3165 896 3232 29.
916 3162 975 3232 llle
997 3173 1101 3228 sutem
1116 3163 1321 3250 respondens

156 3261 209 3345 ait,
230 3265 329 3332 Nolo.
364 3269 481 3334 Postea
497 3287 576 3332 vero
596 3268 798 3354 poenitentia
819 3280 925 3334 motus
945 3265 1032 3333 abiit.
1076 3267 1127 3332 30.
1151 3267 1322 3332 Accedeus

156 3381 261 3436 antem
293 3357 332 3434 rid
363 3355 513 3446 alterum,
548 3367 625 3434 dixit
651 3367 805 3435 similiter.
853 3375 897 3437 At
923 3369 979 3436 ille
1006 3368 1215 3455 respondeus
1237 3369 1324 3448 dixit,

153 3473 234 3560 Ego,
256 3473 396 3560 domine.
438 3473 480 3538 Et
502 3493 569 3539 non
592 3469 679 3538 abiit.
719 3475 771 3540 31.
799 3472 883 3540 Uter
903 3495 922 3539 e
944 3469 1073 3540 dnobus
1103 3469 1200 3551 iecit,
1233 3469 1320 3559 quod

153 3576 258 3643 voluit
279 3579 394 3642 Pater?
435 3576 477 3642 Et
504 3576 615 3641 dicunt
643 3577 686 3653 ei,
720 3576 822 3656 Prior.
870 3577 959 3641 Dicit
985 3573 1050 3640 illis
1079 3575 1187 3653 lesus,
1208 3577 1319 3646 ‚Amen

154 3679 229 3747 dico
251 3677 363 3759 vobis,
403 3677 492 3766 quod
522 3676 688 3764 publicani
716 3689 748 3744 et
774 3679 959 3744 meretrices
980 3676 1183 3762 praecedent
1206 3695 1263 3740 ros
1284 3675 1319 3738 iu

108 3818 110 3829 ·
154 3805 286 3872 reguum
309 3783 383 3850 Dei
426 3784 478 3850 32.
511 3783 612 3847 Venit
632 3783 718 3873 ¹enirn
741 3780 782 3846 ad
804 3785 863 3848 vo's
883 3781 1106 3866 loannesper
1126 3777 1322 3874 viamgiusti-

82 3903 93 3924 ⁸
152 3890 231 3965 tiae,
253 3897 285 3952 et
306 3906 372 3951 non
393 3885 574 3953 credidistis
597 3889 643 3950 ei:
676 3882 841 3971 publicani
864 3895 968 3949 sutem
992 3893 1025 3948 et
1044 3883 1235 3947 meretrices
1256 3899 1321 3944 cre·

154 3987 306 4054 diderunt
329 3991 368 4053 ei.
410 3989 606 4055 vosautem
630 4009 726 4076 quum
748 3985 920 4068 vidissetis,
939 4007 1007 4053 nou
1028 3985 1134 4052 inistis
1153 3986 1234 4050 tacti
1246 4004 1321 4070 poe·

153 4075 303 4186 nitentia,
325 4103 359 4157 ut
381 4087 557 4157 crederetis
579 4094 619 4156 ei.

228 4265 366 4330 Clausula
386 4271 459 4332 haec
471 4273 626 4348 ostendit,
652 4273 682 4332 in
704 4293 790 4353 quem
810 4273 900 4334 finem
920 4269 1023 4332 tendat
1042 4269 1204 4350 parabola,
1231 4287 1316 4348 quum

151 4343 253 4404 scribis
275 4357 305 4404 et
324 4348 525 4410 sacerdotibus
546 4369 598 4411 eos
618 4349 751 4413 Christus
776 4350 925 4429 praefert,
956 4348 1007 4428 qui
1028 4347 1119 4432 vulgo
1139 4347 1265 4410 infames
1285 4363 1317 4404 ac
