2778 4838
325 237 408 316 (154.
449 236 549 298 Stater
568 239 600 298 in
621 257 674 300 ore
694 239 782 320 piscis
802 239 964 320 iuventus)
1087 278 1090 295 ·
1165 253 1223 313 149

143 391 242 474 (154.)
276 391 447 459 ΜΑΤΤΗ.
473 394 575 460 XVll.
617 395 669 462 24.
712 397 823 486 Quum
845 407 951 464 autem
971 399 1137 464 venissent
1158 395 1222 466 Ca

69 513 227 581 pernaum,
244 507 471 579 ··accesseruut,
492 499 548 584 qui
571 495 755 566 didrachma
778 500 999 586 accipiebant,
1021 487 1064 565 ad
1084 501 1223 580 Petrum,

69 599 279 686 dixeruntque,
300 599 498 686 Praeceptor
518 611 626 666 vester
646 624 714 668 non
736 603 834 672 solvit
856 603 1061 670 didrachma?
1092 605 1142 669 25.
1163 603 1222 671 Di-

33 737 36 746 ’
66 705 113 782 cit,
139 705 249 770 Etiam.
291 705 333 770 Et
362 727 470 794 quum·
487 707 652 790 ingressus
678 707 789 792 luisset
815 710 850 774 in
878 708 1022 787 dorbum,
1052 711 1223 793 praevenit

64 805 145 910 illurn
171 787 260 874 lesrrb
288 809 415 889 dicens,
442 807 534 894 Quid
560 806 620 873 tibi
646 809 776 875 videtur
804 809 936 878 Simon?
977 811 1085 897 Reges
1112 823 1220 877 terrae

66 910 220 996 aquibus
237 916 409 999 ,accipiunt
434 911 571 990 tributa,
596 923 650 978 aut
676 919 828 981 censum?
857 938 878 980 a
898 913 976 980 filiis
998 917 1077 994 suis,
1105 937 1147 980 an
1177 913 1220 980 ab

66 1014 188 1082 alienis?
229 1002 280 1082 26.
301 1018 391 1083 Dicit
412 1014 461 1082 illi
482 1017 607 1094 Petrus,
628 1015 680 1082 Ab
703 1015 826 1084 alienis.
867 1019 923 1084 Ait
942 1017 992 1084 illi
1013 1008 1110 1097 lesus,
1130 1019 1220 1105 Ergo

65 1117 152 1184 liberi
182 1131 259 1188 sunt
292 1118 364 1187 tilii,
408 1119 461 1188 27.
494 1121 617 1185 Verum
646 1141 689 1185 ne
715 1120 922 1188 ollendamus
949 1143 1022 1200 eos,
1049 1121 1221 1212 profectus

64 1223 99 1294 ad
118 1246 220 1304 mare,
240 1225 330 1289 mitte
351 1224 494 1300 hamum,
520 1233 553 1290 et
573 1245 647 1289 eum
668 1227 803 1310 piscem,
832 1229 888 1312 qui
908 1223 1070 1312 prodierit
1090 1228 1221 1312 primus,

62 1324 147 1391 tolle:
174 1338 206 1392 et
234 1337 349 1413 aperto
372 1347 430 1393 ore
457 1326 560 1406 illius,
587 1329 735 1394 invenies
760 1337 925 1406 staterem,
952 1348 1026 1394 eum
1053 1339 1220 1416 acceptum

64 1427 538 1516 mmmmnmm

128 1595 233 1655 Mattb.
262 1601 311 1660 24.
374 1593 471 1678 Qucum
506 1609 601 1656 metens
633 1597 773 1656 venissem
809 1595 1002 1672 Gupernunm.
1072 1597 1116 1656 Im
1139 1595 1221 1658 rimis

63 1672 200 1732 notandus
221 1683 268 1732 cst
287 1671 371 1732 buius
391 1671 531 1733 historiae
551 1693 672 1753 scopus:
693 1693 801 1754 nempe
822 1673 903 1762 quod
924 1673 1058 1734 Christus
1076 1617 1221 1734 tributum

64 1747 196 1809 solvendo
217 1747 435 1809 subiectionem
453 1747 533 1809 ultro
552 1761 674 1812 testatus
693 1750 741 1824 sit,
760 1749 845 1808 sicuti
854 1749 1063 1810 lonnamservi
1073 1751 1221 1825 induerat,

64 1824 141 1884 simul
159 1838 259 1886 tamen
281 1837 311 1884 et
329 1825 427 1886 verbis
447 1838 478 1885 et
495 1826 639 1887 miraculo
660 1826 839 1902 ostenderit,
859 1848 921 1887 non
940 1827 1005 1886 iure
1024 1825 1072 1888 vel
1092 1825 1221 1886 necessi-

62 1911 125 1975 tate,
143 1904 194 1964 sed
215 1902 310 1962 libera
331 1913 362 1962 et
380 1901 546 1964 voluntaria
565 1903 761 1965 submissione
781 1923 812 1962 se
832 1903 872 1963 ita
893 1923 956 1963 esse
977 1903 1167 1978 exinanitum,
1187 1913 1221 1962 ut

62 1997 121 2038 eum
139 1989 275 2040 censeret
292 1977 418 2046 muudus
439 1980 521 2058 quasi
539 2001 629 2040 unum
650 1979 812 2060 quemlibet
832 1981 963 2062 evulgo.
1001 1981 1074 2040 Erat
1085 1980 1144 2040 hoc
1155 2000 1219 2038 non

61 2055 188 2138 vectigal,
208 2055 291 2136 quod
311 2055 386 2136 exigi
405 2056 516 2116 soleret
534 2058 565 2116 in
586 2057 720 2132 traiectu,
739 2057 791 2116 sed
809 2074 938 2116 annuum
950 2056 1092 2116 tributum
1103 2055 1220 2116 Iudaeis

63 2130 224 2212 impositum
244 2131 339 2192 insin
364 2130 409 2190 ula
431 2133 539 2211 capita,
557 2144 590 2192 ut
609 2133 742 2216 tyrannis
763 2133 930 2212 penderent
949 2134 1030 2212 quod
1050 2132 1120 2191 olim
1139 2131 1220 2192 sole-

63 2206 127 2268 bant
144 2211 196 2270 uni
215 2209 295 2269 Deo.
335 2152 448 2268 §cimus
470 2209 564 2282 enim,
584 2209 662 2270 hunc
681 2229 800 2270 censum
820 2208 878 2267 illis
898 2208 1111 2287 praescriptum
1130 2207 1219 2268 inisse

64 2283 89 2342 in
106 2285 199 2380 Lege,
220 2297 255 2344 ut
274 2283 395 2344 dimidio
415 2295 523 2344 statere
544 2284 702 2364 quotannis
722 2282 1051 2363 profiterenturDcum,
1071 2303 1220 2362 aquore-

64 2360 166 2442 dempti
187 2365 316 2436 fuerant,
335 2380 398 2421 esse
417 2379 561 2418 summum
579 2381 663 2419 suurn
674 2360 796 2440 Regem.
828 2360 896 2418 Hoc
917 2380 1006 2437 quum
1026 2358 1063 2419 ad
1080 2381 1111 2420 se
1123 2370 1220 2418 trans-

63 2438 190 2500 tulissent
209 2457 296 2517 reges
308 2434 440 2510 Asiatici,
460 2434 570 2514 placuit
585 2435 726 2494 Romanis
747 2433 918 2513 exemplum.
949 2435 995 2493 lta
1007 2435 1088 2513 quasi
1100 2434 1221 2494 alienati

63 2528 151 2576 cuent
171 2513 275 2575 Iudaei
295 2533 312 2572 a
329 2511 389 2572 Dei
407 2512 545 2591 imperio,
566 2511 697 2590 profanis
714 2511 846 2591 tyrannis
856 2509 1012 2570 solvebant
1023 2531 1137 2570 sacrum
1148 2531 1219 2570 cen·

63 2611 117 2650 sum
135 2593 168 2654 in
187 2591 272 2672 Lege
291 2589 443 2649 indictum.
481 2587 580 2664 Porro
604 2587 761 2648 absurdum
786 2585 882 2648 videri
924 2597 1034 2660 oterat,
1059 2586 1220 2662 Christum,

63 2687 144 2744 quum
160 2667 344 2750 apparuisset
359 2663 655 2746 populiredemptor,
674 2684 714 2723 ne
732 2663 827 2742 ipsum
848 2607 966 2742 quidem
986 2683 1003 2720 a
1023 2661 1135 2722 tributo
1156 2682 1220 2723 esse

62 2742 223 2806 immunem.
261 2745 329 2804 Hoc
348 2741 519 2802 scandalum
537 2753 571 2800 ut
590 2751 750 2813 averteret,
772 2738 872 2802 verbis
892 2737 1010 2812 docuit,
1029 2737 1092 2798 sola
1111 2737 1220 2800 volun-

61 2829 122 2890 tate
134 2831 164 2883 se
185 2841 249 2883 esse
268 2818 457 2879 obstrictum:
486 2829 516 2878 et
534 2815 675 2878 miraculo
696 2815 773 2876 idem
792 2814 946 2895 probavit,
972 2814 1041 2906 quia
1060 2835 1077 2874 a
1096 2826 1219 2875 terreno

62 2895 180 2976 imperio
202 2897 330 2958 eximere
350 2915 381 2956 se
402 2905 530 2975 poterat,
551 2894 601 2985 qui
612 2893 685 2952 mari
697 2891 903 2953 dominabatur
914 2903 943 2951 et
955 2890 1090 2971 precibus.
1121 2891 1218 2950 Proe-

62 2989 152 3055 ceptea·
168 2988 259 3035 uester·
276 2995 336 3034 non
353 2973 456 3034 soluit?
501 2971 630 3046 Quidam
655 2981 775 3050 putant,
799 2969 986 3048 perstrictum
1012 2967 1100 3028 luisse
1128 2966 1224 3027 Chri-⁴

63 3053 131 3110 stum
155 3073 171 3112 a
196 3049 301 3112 tributi
327 3046 529 3122 coactoribus,
580 3045 640 3111 nasi
671 3067 702 3106 se
728 3067 745 3104 a
771 3045 919 3109 communi
943 3046 1008 3104 iure
1032 3043 1218 3104 subduceres

63 3125 155 3210 Ergo,
174 3141 208 3187 nt
226 3127 361 3207 petulans
382 3137 412 3186 et
431 3067 676 3184 contumeliosum
697 3134 742 3181 est
760 3121 832 3181 illud
852 3121 1002 3182 hominnm
1022 3140 1126 3202 genus,
1146 3143 1218 3202 pro-

63 3199 144 3264 brose
164 3204 221 3266 boc
243 3224 305 3264 esse
326 3201 532 3275 dictaminter
554 3212 644 3260 rotor.
682 3197 759 3258 Nam
777 3219 865 3288 quum
882 3197 996 3258 censeri
1016 3197 1047 3259 in
1066 3219 1117 3258 sua
1138 3198 1217 3334 quis-

64 3299 116 3356 que
133 3281 207 3342 urbe
226 3279 351 3353 soleret,
376 3279 497 3352 scimus,
550 3277 642 3337 bristo
667 3295 729 3334 non
754 3274 841 3334 suram
868 3274 996 3354 quietam
1015 3275 1126 3334 unuin
1158 3294 1216 3335 oco

62 3355 220 3418 stationem.
261 3356 417 3431 Quaerunt
437 3373 510 3438 ergo
531 3353 590 3428 isti,
609 3373 645 3411 an
657 3349 769 3411 solutus
781 3351 838 3410 crit
847 3348 973 3430 legibus,
992 3351 1059 3430 qnia
1079 3362 1218 3430 tanquam

62 3427 183 3494 incertus
203 3433 311 3513 hospes
331 3433 387 3491 hnc
406 3431 477 3492 illuc
498 3427 655 3490 discursat?
693 3429 734 3487 Et
752 3426 834 3487 Petri
860 3447 1034 3506 responsum
1053 3428 1216 3486 modestam

64 3511 273 3571 excusationem
284 3509 418 3569 continet
437 3507 474 3566 ad
494 3527 545 3566 eos
564 3503 737 3586 placandos:
757 3502 872 3578 Solvet,
890 3503 996 3584 inquit.
1028 3502 1117 3561 Unde
1130 3501 1216 3561 colli-

83 3585 161 3662 imus,
181 3586 331 3647 Christum
352 3583 431 3665 prius
452 3603 485 3642 ex
504 3602 588 3642 more
608 3580 738 3656 solvisse,
758 3579 825 3660 quia
836 3579 941 3640 Petrus
960 3591 1074 3638 utrem
1094 3577 1215 3640 minime

63 3601 173 3722 dubiam
199 3661 356 3744 promittit.
396 3659 489 3735 Quod
513 3679 586 3720 vero
612 3657 690 3718 hunc
710 3663 823 3738 potius,
848 3677 935 3736 quam
959 3656 1031 3715 alios
1057 3651 1216 3742 discipulos

65 3739 249 3817 compellant,
267 3737 376 3800 lactum
396 3758 458 3796 esse
477 3736 621 3816 suspicor,
641 3734 708 3814 qnia
720 3733 796 3870 qpud
810 3733 904 3813 iprum
917 3729 1057 3822 habitavit
1067 3727 1215 3818 Christus:

65 3832 126 3872 nam
149 3817 173 3881 si
198 3817 302 3876 codem
324 3835 425 3874 omnes
445 3811 642 3873 contubernio
663 3811 707 3872 nsi
739 3819 839 3884 orent,
864 3828 1026 3867 communis
1046 3805 1147 3864 luisset
1166 3825 1216 3864 ex-

65 3892 145 3950 actio.
181 3892 311 3953 ntdtcuti
331 3909 403 4032 ergo
424 3887 717 4023 suntPapbme,gui
737 3898 795 3945 tam
815 3881 922 3944 frivolo
934 3893 1085 3964 praetextu
1095 3880 1217 3942 Petrum

67 3965 211 4048 dignitatis
229 3970 342 4030 socium
386 3966 478 4028 bristo
497 3966 617 4026 iaciunt
685 3963 815 4036 icarium,
833 3960 980 4040 inquiunt,
997 3958 1054 4019 sibi
1066 3957 1166 4042 elegit,
1186 3969 1218 4017 ct

65 4044 124 4119 pari
141 4066 238 4107 secum
259 4048 374 4107 honore
395 4043 423 4103 di
447 4052 531 4102 uatus
551 4053 605 4116 est,
625 4062 710 4122 quem
729 4038 878 4098 solutione
890 4035 994 4096 tributi
1006 4034 1059 4096 sibi
1072 4035 1215 4115 aequavit.

65 4119 152 4198 Atqui
170 4123 229 4182 hoc
248 4123 339 4183 modo
350 4064 487 4184 subulcos
499 4139 601 4178 omncs
612 4117 724 4177 facient
737 4113 847 4176 Christi
859 4112 997 4188 vicarios,
1017 4113 1084 4192 quia
1095 4123 1216 4172 tantun-

67 4193 130 4254 dem
150 4209 180 4258 et
197 4198 241 4258 illi
260 4200 439 4278 pendebant
471 4194 588 4270 Quodsi
606 4193 638 4253 in
657 4194 769 4254 tributo
789 4188 932 4252 solvendo
952 4189 1059 4250 enituit
1077 4191 1217 4271 primatus

66 4269 161 4348 Petri,
188 4277 266 4336 unde
292 4275 364 4354 ista,
389 4295 476 4354 quam
496 4271 551 4334 sibi
571 4281 727 4352 arrogant,
752 4265 936 4334 immunitas?
974 4267 1035 4330 Sed
1055 4269 1095 4329 lta
1114 4267 1216 4351 putide

66 4344 188 4430 ineptire
208 4363 344 4434 oportet,
368 4351 419 4435 qui
438 4349 620 4434 scripturam
639 4367 695 4430 pro
715 4367 767 4410 sua
784 4343 908 4406 libidine
929 4345 1097 4428 depravant
1139 4337 1220 4431 Quid
