2756 4838
131 225 191 290 rto
284 219 401 284 SECT.
420 178 518 284 iiVss.
556 231 819 282 rnamsanorruur
836 165 1129 328 nasammonas

134 325 191 444 Sid
210 385 243 443 et
260 395 321 444 vos
339 375 421 444 ‘ioris
442 377 572 466 quidem
594 377 756 465 apparetis
768 335 1057 442 hohriuihosiusti:
1078 377 1168 444 intus
1193 387 1300 444 notem

135 479 225 568 pleni
250 482 326 547 estis
347 481 482 550 fictione
504 494 537 550 et
556 484 736 571 iniquitate.
811 551 814 556 ,

217 637 319 708 LUC.
339 619 394 710 ΧΙ.Ι
433 641 484 710 42
511 640 578 710 Sed
604 663 664 708 vae
685 640 782 730 pohis
802 635 998 718 Pharisaeis,
1023 642 1110 726 ‚quia
1134 639 1298 708 decimatis

134 745 295 812 mentham
317 757 350 812 et
369 755 481 828 rutam,
503 758 535 814 et
555 745 694 836 quodvis
715 744 800 836 olus,
829 755 861 810 et
885 744 1067 829 praeteritis
1088 745 1248 812 iudicium
1268 763 1298 818 et

135 850 299 914 caritatem
325 849 400 915 Dei.
450 849 542 916 Haec
568 853 712 938 oportuit
737 847 859 928 iacere,
889 857 934 912 'et
961 845 1018 911 iiia
1045 869 1113 914 uon
1142 853 1297 918 omittere.

127 951 259 1034 (Pacilo
279 956 381 1042 post.)
421 951 473 1037 isi.
494 953 566 1035 Vae
587 951 682 1018 vohis
704 949 837 1018 Scrihae
859 961 892 1018 et
911 951 1076 1038 Pharisaei
1098 950 1300 1036 hypocritae,
1362 979 1363 1030 ;

135 1059 213 1142 quio
234 1059 311 1123 estis
330 1067 366 1126 ot
385 1065 600 1134 monumenta,
621 1077 706 1144 quae
727 1077 798 1124 nou
818 1041 991 1143 apparent,
1012 1065 1045 1121 st
1066 1055 1215 1121 homines
1237 1077 1299 1120 arn·

123 1155 285 1226 'huiantes
305 1179 366 1246 per
384 1179 424 1223 ea
445 1161 635 1230 nesciunt...
736 1241 743 1248 ,
776 1191 779 1198 ¹

211 1375 305 1436 Taxat
323 1373 467 1436 inscribis
482 1373 615 1460 Christus
626 1375 739 1450 vitium,
750 1395 819 1468 apro
830 1373 969 1435 laborant
988 1391 1098 1434 omnes
1113 1372 1295 1453 hypocritae,

177 1452 217 1512 od
236 1453 267 1512 in
286 1451 375 1512 rebus
394 1452 513 1514 minutis
532 1452 617 1514 valde
641 1453 734 1513 seduli
758 1463 817 1514 suat
842 1463 874 1511 et
893 1449 985 1524 anxii,
1021 1449 1121 1530 praeci
1144 1471 1181 1509 ua
1201 1462 1296 1510 antem

74 1541 78 1549 “
164 1528 226 1612 egis
246 1530 342 1610 capita
361 1527 523 1612 negligant.
561 1530 620 1591 Hic
639 1529 760 1590 morbus
781 1527 918 1588 omnihus
945 1527 1008 1587 sere
1028 1546 1077 1585 sae
1128 1548 1152 1584 rs
1174 1537 1204 1586 et
1222 1527 1297 1606 apud
1362 1511 1363 1604 i

136 1625 240 1666 omnes
260 1618 363 1698 gentes
383 1626 416 1665 re
440 1607 529 1682 navit,
547 1618 582 1666 ut
599 1605 695 1666 maior
715 1627 781 1686 pars
802 1605 955 1665 hominum
968 1601 1157 1663 defunctorie
1168 1602 1295 1662 leviculis
1362 1611 1363 1636 ¹

120 1681 393 1757 ,ohservatronihos
411 1625 510 1745 Betim
533 1683 650 1762 placare
676 1681 829 1742 studuerit.
875 1681 956 1756 Quia
976 1679 1054 1740 euim
1075 1679 1160 1740 oanni
1180 1699 1294 1760 prorsus

134 1757 195 1818 Dei
214 1757 360 1838 obsequio
380 1779 411 1817 se
432 1759 557 1819 eximere
577 1771 739 1838 nequeunt,
759 1759 796 1819 ad
809 1757 1036 1818 hoesecundum
1048 1757 1216 1816 remedium
1226 1775 1294 1816 eon·

134 1833 166 1893 iu
191 1833 264 1909 unt,
283 1845 317 1892 ut
371 1833 517 1900 artissimas
539 1833 667 1896 offensas
687 1835 771 1894 nihili
790 1832 1037 1894 satisfactionibus
1058 1833 1217 1916 redimant.
1247 1832 1294 1894 Sic
1362 1827 1363 1884 i

134 1853 266 1970 vidimus
284 1908 324 1967 ho
347 1930 374 1975 re
384 1908 527 1989 Papistas,
548 1932 636 2001 quum
656 1911 909 2002 transgrediantur
930 1929 1040 1970 summa
1051 1907 1117 1968 Dei
1130 1921 1295 2000 praecepta,

134 1986 219 2046 vaide
247 1985 386 2046 ardenter
410 1984 442 2044 in
468 1986 505 2044 iri
529 1987 582 2046 idrs
608 1988 784 2048 ceremonris
809 1999 951 2070 satagere.
999 1985 1115 2044 Taiisi
1151 1997 1201 2046 tur
1220 1986 1293 2045 fictio
1362 2051 1363 2054 Ἴ

133 2083 215 2123 ιιιιιιο
235 2059 392 2123 a'Christo
416 2003 643 2142 reprehenditur
668 2065 699 2123 in
724 2063 845 2139 scribis,
875 2063 927 2144 qui
952 2063 982 2123 in
1007 2061 1113 2122 solven
1136 2063 1160 2124 is
1180 2062 1291 2124 decinis

133 2137 219 2200 valdo
237 2137 333 2200 seduli
354 2150 384 2198 et
402 2139 582 2232 scrupulosi,
612 2141 771 2220 praecipua
789 2140 878 2224 Legis
902 2141 997 2220 capita
1017 2159 1121 2220 parum
1148 2139 1292 2200 cnrahrnt

133 2213 287 2277 Porro'ut
305 2214 409 2276 melius
422 2217 553 2296 putrdam
564 2237 668 2277 eorum
682 2218 910 2278 ostentationem
923 2217 1066 2291 traducat,
1085 2227 1151 2276 non
1163 2216 1234 2276 dicit
1243 2235 1291 2296 ge-

16 2361 19 2371 ,
133 2291 276 2354 oeraliter
295 2291 421 2354 decimas
439 2292 573 2368 solvisse,
592 2294 644 2354 sed
662 2294 816 2370 menthae,
840 2294 955 2368 anethi,
980 2303 1068 2371 atque
1106 2297 1157 2372 (ut
1177 2291 1290 2352 hahetur

134 2368 1290 2527 tttthttttt.{tt¹⁵i{ti5‘tatt”itittdssffldtttffldd‘ttitt.

135 2520 399 2596 immisericordia,
418 2521 528 2584 iudicio
549 2534 580 2584 et
599 2523 657 2584 fide
676 2523 787 2598 statuit,
808 2469 903 2605 primo
916 2469 1073 2583 videndum
1086 2535 1143 2598 est,
1164 2523 1234 2602 quid
1245 2541 1292 2602 prr

104 2647 108 2658 ,
135 2595 187 2658 has
206 2617 296 2660 voces
315 2599 474 2692 iptsliigat:
508 2599 615 2690 deiude
635 2621 689 2662 cur
709 2600 841 2661 omiserit
853 2601 967 2694 'prioris
988 2598 1107 2690 taholas
1128 2611 1293 2690 Pm‘SP‘i’

134 2675 1122 2832 iiiiii.ittttttfflptt⁰ttttttt¹ttitittttttttttttt
1144 2675 1249 2832 titt
1260 2686 1294 2810 ‘t

135 2827 506 2964 ἓιιίῑιιιιῖᾰςεέἳιέἓίξιιιξϊιιιιὸιίιάἲ
522 2850 605 2964 scopa
626 2841 685 2922 est,
704 2846 760 2890 nec
780 2831 933 2968 quidsrplilram
946 2773 1152 2965 {iiosiraodep
1170 2829 1218 2966 piel
1230 2827 1293 2965 tlade-

134 2925 194 3042 seio
211 2925 349 3041 fratiihus
368 2925 552 3054 sudiurreii:
571 2923 871 3045 iddagddscdhiriidvhl
884 2925 1139 3074 h’pihusqldhqdrhsff
1153 2925 1295 3042 iudiieo:

135 3053 187 3136 qui
206 3055 313 3118 iniuste
333 3067 516 3136 premuntur,
537 3067 567 3118 et
586 3057 784 3138 incommune
799 3057 1114 3120 humaniter-conferre
1134 3057 1296 3132 sacrdtatsr,
1362 3115 1363 3136 ,

137 3131 242 3212 quihus
294 3132 410 3194 ‘aeditus
431 3145 482 3194 est.
521 3135 609 3196 Fides
629 3135 703 3196 nihil
728 3135 807 3196 aliud
827 3148 871 3196 est
892 3157 978 3216 quam
997 3134 1111 3196 sincera
1133 3135 1296 3218 integritas,

135 3227 175 3268 ne
194 3207 264 3300 qui·
285 3221 395 3285 astute,
427 3231 466 3270 ne
486 3211 556 3302 quid
570 3211 721 3288 ,malitiose
740 3212 787 3272 vei
808 3233 863 3294 per
881 3212 999 3273 insidias
1018 3211 1170 3285 tentetur,
1194 3213 1247 3273 sed
1266 3224 1297 3271 rat
1362 3243 1363 3304 p

134 3296 235 3348 mutua
255 3297 333 3346 inter
352 3307 454 3347 omnes
473 3286 643 3367 srmpiicitas
664 3288 788 3364 colatur,
810 3310 866 3371 qua
886 3288 994 3382 singuli
1012 3309 1139 3349 secuma
1164 3287 1296 3349 'volunt
1362 3325 1363 3364 ι

134 3361 239 3442 ltaque
260 3383 370 3424 summa
381 3363 471 3446 Legis
491 3365 528 3424 ad
548 3365 698 3426 caritatem
719 3365 856 3426 refertur.
896 3365 967 3426 Sero
988 3365 1133 3446 quosdam
1174 3366 1224 3426 dci
1242 3385 1296 3424 no·

130 3459 204 3500 rnen
223 3439 310 3501 aliter
327 3439 527 3532 interpretari,
546 3452 580 3500 ut
599 3461 653 3522 per
663 3443 875 3525 synecdochen
890 3441 1124 3523 comprehendat
1131 3453 1230 3504 toturn
1238 3442 1296 3502 Dei

131 3516 259 3578 coitum:
279 3517 331 3580 sed
351 3513 484 3578 Christus
504 3537 558 3580 suo
577 3539 662 3581 more
681 3520 789 3583 serium
809 3509 929 3582 erimen
949 3517 1112 3580 sanctitatis
1133 3517 1171 3579 ad
1191 3519 1293 3580 fratcr-

122 3613 202 3654 oaru
221 3594 371 3656 caritatem
392 3593 438 3654 hic
457 3606 591 3670 revocat,
629 3595 757 3678 ideoque
778 3597 909 3676 priorem
927 3593 1056 3656 tabulam
1085 3615 1150 3656 non
1171 3595 1290 3678 attingit.

132 3669 197 3732 Nec
213 3669 317 3744 'ohstat
336 3671 417 3750 quod
437 3672 515 3752 apud
524 3671 633 3733 Lucam
644 3694 700 3752 pro
721 3673 779 3732 fide
799 3671 924 3733 hahetur
943 3693 1028 3732 amor
1044 3671 1120 3731 Dei:
1142 3671 1292 3732 consilium

133 3747 213 3808 eninr
233 3746 344 3808 Christi
364 3747 421 3808 init
439 3749 608 3824 ostendere,
628 3749 699 3830 quid
718 3749 877 3830 praecipue
896 3749 928 3810 in
947 3749 1030 3830 Lege
1048 3769 1100 3808 sua
1110 3747 1259 3810 Dominus
1277 3765 1294 3806 a

132 3823 222 3886 hohis
242 3825 347 3906 exigat.
386 3823 462 3891 satis
481 3845 553 3886 sero
573 3837 677 3888 notum
698 3841 755 3902 est,
783 3825 895 3910 Legem
921 3825 1045 3888 induas
1065 3822 1182 3884 tahcias
1210 3825 1297 3886 inisse
1362 3823 1363 3844 ¹

47 3916 58 3932 ⁸
134 3899 317 3976 distinctam,
341 3909 374 3962 ut
393 3894 519 3981 'primum
540 3902 609 3983 quid
629 3903 713 3978 Deo,
739 3915 841 3984 postea
862 3901 932 3994 quid
953 3900 1122 3963 hominihus
1144 3901 1298 3974 debeatur,

135 3979 315 4047 ostenderet,
339 3978 428 4069 Apud
440 3977 550 4038 Lucam
570 3989 693 4058 utraque
714 4000 780 4060 pars
801 3979 981 4060 exprimitur,
1001 3977 1059 4038 acsi
1079 3977 1298 4040 dichrctChri-

133 4065 204 4128 stus‚
224 4055 281 4118 huc
300 4075 425 4118 maxrme
441 4052 555 4138 Legem
574 4055 709 4130 tendere,
728 4068 762 4116 ut
780 4056 878 4117 Deum
897 4073 1036 4129 memus,
1056 4075 1127 4137 erga
1148 4053 1297 4136 proximos
1362 4105 1363 4134 ,

133 4147 207 4187 vero
232 4131 318 4208 aequi
341 4131 428 4191 simus
453 4152 487 4192 ae
512 4131 724 4192 misericordes.
763 4133 935 4192 Matthaeus
952 4130 1043 4202 altera
1066 4142 1185 4192 tantum
1215 4143 1298 4212 parte

135 4212 292 4263 contentus
313 4205 380 4266 suit:
401 4228 499 4286 neque
519 4207 675 4268 absurdum
697 4220 741 4268 est
760 4206 886 4270 caritatis
907 4208 1005 4269 officia
1022 4207 1126 4268 vocari
1159 4209 1297 4288 raecipoa

128 4273 224 4366 'Legis
244 4279 457 4370 papita,·qurrm
477 4284 539 4363 ipsa
560 4285 665 4345 caritas
686 4284 809 4344 aPauio
830 4297 955 4345 vocetur
966 4284 1055 4365 Legis
1096 4304 1113 4344 e
1143 4287 1239 4346 ectio:
1257 4283 1295 4344 ri·

136 4361 195 4420 cota
214 4351 284 4412 airhr
304 4356 383 4430 drcrt,
402 4357 514 4441 Legem
533 4360 660 4442 impleri,
678 4361 702 4422 si
721 4360 869 4444 diligimus
880 4359 1030 4444 piotimos
1049 4305 1153 4441 (tiam
1163 4367 1214 4438 1³,
1223 4361 1293 4438 iii),
