2778 4838
146 213 204 281 162
362 239 365 244 ·
418 168 536 266 SECl'.
556 203 637 266 XVI.
676 219 755 264 tren
774 217 811 265 nt
831 215 1034 264 marsanam.

148 375 208 435 tur,
227 381 314 440 quam
333 351 388 421 sihi
404 359 465 419 Dei
482 357 577 418 verbo
598 378 770 424 concessum
790 343 853 416 esse'
873 354 966 418 novit.
1003 355 1124 418 Deinde
1142 357 1175 418 in
1198 357 1314 422 Christi

149 439 220 502 disci
243 438 299 500 ulis
316 448 449 517 suspecta
470 447 517 496 est
533 435 666 512 ambitio,
686 435 754 514 quia
767 434 804 494 de
814 433 970 494 asserendo
985 432 1109 494 honoris
1124 435 1170 496 sui
1189 438 1314 516 pririle-

149 515 201 598 gio
222 459 372 578 laborant.
412 512 473 589 Qui
498 511 530 572 tit
555 512 649 587 enim,
677 511 883 594 utlhominem
908 509 1095 591 incognitum
1118 525 1249 594 repente
1276 515 1312 576 ab

150 591 272 654 edendis
295 588 442 655 miraculis
467 587 631 668 depellant,
657 589 714 648 nisi
740 588 808 667 quia
834 588 891 647 hoc
915 585 980 646 iure
999 585 1055 646 soli
1073 587 1183 652 volunt
1202 591 1314 670 potiri?

151 665 276 728 Causam
297 669 377 728 enirn
395 665 540 748 allegant,
581 666 639 726 uod
661 664 812 727 Christum
831 685 894 724 non
913 674 1067 743 sequatur,
1086 667 1146 726 acsi
1168 667 1314 744 dicerent,

148 745 219 806 Non
241 755 285 804 est
299 756 366 807 tuus
387 685 617 813 contubernalis,
636 755 669 802 ut
688 763 759 801 nos:
780 763 833 802 cnr
852 761 885 801 er
907 761 925 800 ο
945 739 1063 804 honore
1083 743 1284 822 aequabitur?

225 827 273 888 39.
311 821 360 882 Ne
372 817 557 896 probidentia.
595 818 752 879 Prohiberi
773 839 839 878 eum
859 761 993 878 Christus
1012 818 1127 896 noluit,
1147 841 1212 880 non
1233 821 1313 900 quod

149 895 193 968 llll
213 909 316 958 auctor
334 897 445 972 fuisset,
463 892 510 956 vel
529 895 671 976 probaret
691 895 752 955 eius
772 894 890 968 sactum,
911 905 961 952 aut
980 894 1067 954 etiam
1085 897 1210 976 probari
1224 899 1313 958 vellet

148 993 166 1040 a
182 973 341 1053 discipulis,
360 973 411 1034 sed
424 972 502 1054 quia,
522 973 573 1032 ubi
607 967 836 1032 ernc'casionem
869 971 1136 1047 lorilicatnrD'eus‚
1156 975 1314 1035 serendum

150 1049 182 1108 id
209 1061 253 1109 est
277 1072 310 1110 ac
335 1049 530 1131 gaudendum.
570 995 620 1108 sle
640 1048 747 1112 Paubrs
772 993 922 1128 (Philipp.
943 1057 978 1121 1,
1002 1051 1087 1128 lis),
1133 1052 1242 1110 uamris
1268 1051 1314 1111 illi

152 1124 305 1205 displiceat
330 1147 431 1186 eorum
456 1125 614 1205 cupiditas,
646 1125 694 1205 qui
724 1147 756 1186 se
785 1125 978 1186 venditabant
1001 1071 1157 1208 Evangelii
1180 1127 1313 1202 nomine,

150 1203 259 1286 gaudet
278 1215 376 1262 tamen
398 1203 451 1264 hac
471 1201 627 1262 occasione
647 1201 807 1284 propagari
818 1201 928 1260 Christi
940 1200 1075 1282 gloriam.
1108 1205 1241 1263 Notanda
1255 1226 1312 1262 au·

148 1289 211 1340 tem
232 1292 275 1342 est
294 1279 369 1339 ratio
391 1299 465 1358 quae
484 1278 653 1351 subiicitur,
678 1279 742 1338 fieri
763 1299 823 1358 nqn
845 1299 931 1368 posse
953 1289 985 1336 nt
1005 1279 1127 1340 Christo
1147 1280 1314 1354 maledicat,

149 1355 250 1434 quiin
270 1355 332 1418 eius
352 1356 478 1416 nornine
492 1356 612 1420 virtutes
633 1355 709 1434 edit,
733 1375 766 1415 ac
792 1355 917 1434 proinde
942 1353 973 1412 in
993 1354 1077 1415 lucro
1099 1357 1313 1436 deputandum:

148 1453 217 1492 nam
236 1432 306 1493 inde
325 1433 466 1512 sequitur,
485 1433 541 1492 nisi
560 1432 652 1511 magis
672 1431 811 1511 propriae
853 1430 945 1490 loriae
963 1431 1072 1492 addicti
1088 1431 1214 1492 fuissent
1226 1433 1315 1492 disci-

149 1509 223 1588 puli,
243 1531 329 1602 quam
348 1509 470 1570 studiosi
491 1531 524 1570 ac
545 1509 643 1588 cupidi
664 1452 884 1588 promovendae
897 1509 1029 1590 Magistri
1043 1507 1169 1602 gloriae,
1189 1530 1251 1568 non
1265 1531 1317 1568 ae-

159 1605 202 1646 rre
223 1586 310 1650 lutsse
330 1585 457 1660 laturos,
482 1607 571 1665 quum
598 1607 662 1646 eam
687 1585 804 1644 aliunde
831 1584 930 1644 extolli
956 1605 1117 1676 augenque
1144 1598 1313 1648 cernerent.

148 1605 255 1742 ileque
275 1675 373 1724 tamen
395 1683 483 1741 quum
504 1661 677 1752 pronuntiat
697 1661 848 1737 Christus,
874 1681 929 1740 pro
956 1662 1056 1722 amicis
1084 1659 1238 1722 habendos
1263 1663 1316 1741 qui

150 1739 248 1830 palam
268 1759 329 1798 non
349 1751 417 1797 sunt
436 1738 557 1810 inimici,
576 1737 702 1797 liberum
722 1759 837 1797 cursum
856 1739 1019 1798 temerariis
1040 1738 1211 1798 hominihus
1227 1739 1317 1798 laxari

150 1811 245 1887 rubet,
266 1827 298 1876 nt
316 1813 402 1874 nobis
422 1814 588 1874 tacentibus
608 1835 640 1874 se
659 1835 715 1893 pro
736 1813 861 1875 libidine
881 1835 931 1875 sua
948 1817 1003 1876 hnc
1017 1815 1086 1875 illnc
1097 1815 1248 1905 ingerant,
1268 1827 1316 1879 to-

147 1901 269 1969 tumque
294 1889 470 1970 perturbent
495 1891 642 1950 Ecclesiae
669 1891 804 1950 ordinem
833 1891 918 1969 (talis
945 1891 1023 1952 euim
1049 1891 1187 1964 licentra,
1217 1893 1316 1971 quoad

149 1968 265 2037 vocatio
277 1980 375 2027 nostra
387 1966 497 2041 tulerit,
517 1967 683 2026 cohibenda
695 1973 767 2046 est):
787 1978 901 2026 tautum
922 1981 1002 2029 recte
1023 1968 1122 2031 lacere
1143 1981 1246 2052 negat,
1267 1969 1316 2048 qui

149 2041 319 2122 importune
343 2043 504 2118 obsistunt,
529 2065 567 2104 ne
595 2044 743 2126 quibusvis
769 2045 871 2104 mediis
897 2057 1079 2126 propagetur
1100 2065 1228 2126 regnum
1248 2046 1316 2105 Dei.

148 2119 213 2180 Nee
233 2141 304 2182 vero
323 2121 363 2180 ita
383 2139 450 2179 suos
471 2122 615 2202 agnoscit,
635 2121 718 2179 utin
738 2141 831 2212 grege
851 2141 904 2180 suo
925 2133 1053 2196 censeat
1074 2123 1125 2200 qni
1142 2123 1234 2181 medii
1249 2133 1317 2182 sunt

148 2194 228 2256 inter
247 2197 344 2257 hostes
365 2206 395 2262 et
414 2195 534 2272 amicos,
553 2199 603 2258 sed
625 2198 777 2280 intellige,
797 2208 941 2278 quatenus
954 2219 1015 2257 non
1029 2195 1152 2272 nocerit,
1173 2199 1318 2278 prodesse

148 2293 185 2340 ac
204 2273 311 2334 iuvare.
350 2276 404 2335 Est
424 2273 501 2332 enim
543 2275 717 2336 roverbialis
737 2274 893 2350 sententia,
914 2295 972 2356 qua
984 2295 1151 2352 monemur,
1169 2295 1235 2336 non
1251 2297 1316 2338 mo-

150 2349 278 2416 vendum
299 2371 361 2416 esse
381 2349 490 2412 bellum
531 2372 607 2412 onec
626 2353 714 2412 simus
734 2351 873 2412 lacessiri:

183 2432 195 2454 ¹
226 2427 297 2490 Luc.
317 2435 364 2496 ⁵¹1.
404 2425 486 2497 Dum
506 2429 716 2506 conplerentur·
733 2427 804 2488 dies.
844 2427 929 2491 Hane
949 2427 1101 2492 historiam
1121 2428 1204 2492 solus
1223 2429 1318 2490 Lucas

148 2503 251 2580 refert,
292 2526 346 2569 uae
366 2517 464 2566 tamon
483 2506 581 2565 multis
600 2504 770 2568 nominibus
790 2524 853 2563 nou
869 2525 973 2594 parurn
992 2515 1036 2564 est
1051 2505 1139 2565 utilis.
1179 2507 1258 2566 Nam
1270 2507 1318 2568 hic

149 2581 246 2660 primo
266 2526 364 2642 divina
385 2579 495 2643 Christi
516 2582 659 2642 fortitudo
681 2592 712 2650 et
731 2591 897 2640 constantia
917 2582 949 2640 in
968 2583 1136 2660 spernenda
1154 2596 1254 2644 morte
1265 2583 1319 2644 de-

151 2655 302 2719 scribitur:
323 2657 441 2732 deinde,
461 2680 546 2737 qnam
559 2658 697 2750 capitales
717 2657 884 2718 inimicitias
902 2669 1049 2749 generent
1066 2657 1224 2738 religionis
1236 2661 1320 2722 dissi·

151 2733 213 2800 dia:
233 2737 334 2810 tertio,
354 2756 440 2814 qnam
452 2735 607 2814 praecipiti
623 2735 740 2794 fervore
756 2735 793 2794 ad
811 2735 1023 2814 impatientiam
1039 2733 1152 2794 feratur
1163 2736 1320 2798 hominnm

102 2829 105 2836 ’
150 2821 271 2880 natarat
293 2813 329 2872 ad
350 2812 431 2886 haer,
453 2833 538 2889 qnam
560 2812 698 2902 proclivis
717 2811 755 2870 sit
774 2812 805 2869 in
820 2811 998 2872 Sanctorum
1017 2811 1185 2871 imitatione
1208 2814 1318 2893 lapsus:

150 2898 314 2966 postremo,
334 2887 371 2946 ad
389 2888 642 2950 mansuetudinem
662 2909 835 2948 revocamur
856 2887 965 2948 Christi
986 2887 1130 2967 exemplo.
1158 2887 1320 2951 Caeterum

151 2981 232 3023 mors
253 2961 364 3025 Christi
388 2985 483 3025 assum
505 2968 544 3022 tio
569 2976 706 3040 vocatur,
725 2985 788 3023 non
808 2975 921 3024 tantum
942 2964 1010 3044 quia
1030 2975 1099 3024 tnnc
1119 2965 1257 3028 sublatus
1278 2979 1320 3027 est

153 3057 170 3098 e
190 3038 305 3114 medio,
324 3039 376 3098 sed
396 3039 463 3118 quia
480 2987 586 3102 lumin
606 3041 701 3101 carnis
721 3040 870 3122 ergastulo
892 3061 1023 3123 egressus
1044 3042 1074 3102 in
1094 3041 1224 3104 sublime
1247 3065 1319 3104 con-

151 3114 274 3181 scendit.
313 3115 433 3176 Faciem
456 3117 666 3196 qurbmuurrut.
711 3117 779 3185 Hoc
803 3117 897 3179 verbo
923 3118 1064 3198 expressit
1087 3117 1203 3194 Lucae,
1230 3141 1319 3200 quum

144 3208 231 3278 pnors
249 3189 367 3252 Christo
388 3205 464 3255 esset
484 3204 551 3254 ante
572 3194 686 3268 oculos,
704 3193 826 3255 subacto
847 3197 909 3254 eius
928 3206 1008 3254 metu
1028 3194 1065 3255 ad
1085 3195 1180 3274 ipsam
1202 3197 1320 3256 obeun-

152 3267 217 3328 dam
233 3288 422 3350 progressnm
437 3291 513 3330 esse:
534 3271 618 3332 simul
638 3283 736 3330 tamen
757 3270 898 3330 luctatum
919 3291 980 3332 esse
1001 3271 1121 3344 indicat,
1140 3283 1176 3332 ut
1197 3273 1319 3336 terroris

149 3343 245 3406 victor
263 3365 295 3404 se
314 3345 444 3410 animose
465 3347 500 3406 ad
521 3360 647 3408 mortem
667 3347 801 3410 offerret.
839 3347 914 3408 Nam
934 3347 958 3407 si
978 3347 1058 3410 nulla
1077 3347 1183 3422 fnisset
1201 3349 1320 3410 obiecta

150 3419 291 3496 lorntido,
310 3422 423 3484 sinulla
436 3423 600 3496 difficultas,
620 3424 730 3484 nullum
746 3435 905 3496 certarnen,
925 3423 1004 3490 nulla
1019 3445 1098 3502 cura,
1119 3447 1264 3504 quorsum
1274 3439 1317 3486 at-

150 3495 241 3576 tinuit
260 3497 366 3558 faciem
387 3499 555 3560 offirmare?
587 3503 648 3570 Sed
669 3501 736 3580 quia
756 3521 813 3560 nee
833 3501 963 3581 stupidus
984 3513 1057 3576 erat,
1077 3523 1134 3561 nec
1155 3503 1315 3562 temulenta

153 3573 273 3640 audacia
285 3577 443 3660 praeditus,
463 3577 574 3638 crudeli
595 3577 760 3656 acerbaque
780 3589 888 3651 morte,
908 3577 967 3640 imo
981 3579 1045 3638 diro
1059 3590 1089 3638 et
1099 3577 1240 3646 horribili
1249 3601 1314 3638 cru-

152 3649 247 3726 elatu,
273 3674 359 3732 quem
378 3654 435 3724 sibi
455 3675 470 3714 a
491 3676 595 3716 severo
615 3655 674 3714 Dei
694 3653 804 3714 iudicio
824 3654 933 3714 instare
953 3655 1075 3729 sciebat,
1095 3657 1214 3716 moveri
1226 3675 1315 3736 opor-

152 3728 221 3787 tuit:
241 3731 375 3811 adeoque
396 3732 426 3792 id
447 3731 507 3792 eius
526 3731 652 3816 gloriam
672 3752 734 3790 non
757 3731 895 3792 obscurat
909 3730 956 3790 vel
973 3731 1088 3804 minuit,
1107 3743 1142 3790 ut
1155 3733 1270 3816 insigne
1281 3731 1318 3792 sit

150 3805 285 3874 hirmeusi
305 3827 373 3892 erga
396 3829 449 3870 nos
469 3809 575 3868 amoris
596 3809 656 3868 eins
677 3810 903 3888 documentum,
924 3808 991 3886 quia
1011 3807 1186 3889 posthabito
1207 3809 1252 3869 sui
1270 3829 1317 3868 re-

151 3894 272 3960 ¹spectu,
297 3898 330 3945 nt
348 3884 433 3952 saluti
453 3899 570 3944 nostrae
590 3905 622 3950 se
643 3883 801 3958 addiceret,
821 3906 876 3963 per
895 3883 1007 3944 medios
1027 3896 1158 3944 terrores
1181 3887 1219 3946 ad
1238 3907 1315 3946 mor-

150 3969 211 4028 tem
231 3963 411 4044 properavit
430 3963 511 4022 cuius
530 3961 713 4042 propinquus
733 3961 795 4020 dies
815 3981 882 4020 enm
901 3960 1020 4020 minime
1040 3960 1163 4026 latebat,

138 4031 141 4042 ’
228 4043 275 4104 52,
313 4039 402 4098 Misit
419 4043 541 4100 nuntius.
571 4037 732 4098 Probabile
746 4050 945 4120 est,magnam
959 4038 1099 4098 comitutu
1111 4039 1232 4105 turbam
1248 4053 1314 4100 tune

152 4129 251 4180 secum
270 4115 402 4175 traxisse:
429 4137 525 4194 neque
546 4115 624 4179 enim
644 4115 808 4180 missisunt
827 4114 941 4190 nurttii,
961 4115 1011 4194 qui
1032 4113 1124 4174 lautas
1145 4118 1250 4196 epulas
1269 4117 1313 4176 in-

151 4197 310 4275 struerent,
329 4192 376 4252 vel
397 4191 564 4278 deligerent
578 4191 762 4270 splendidum
773 4191 894 4271 aliquod
904 4190 1055 4270 palatium,
1074 4193 1125 4251 sed
1139 4204 1255 4253 tantum
1266 4193 1313 4272 qni

153 4262 288 4332 drcerent
306 4270 463 4333 adventare
483 4289 619 4350 magnam
638 4268 785 4349 hospitum
811 4290 846 4329 co
869 4268 935 4330 ianr.
974 4267 1022 4327 llli
1047 4289 1120 4328 vero
1147 4269 1256 4332 exclusi
1282 4291 1313 4328 ae

94 4397 103 4430 ,
151 4337 298 4429 repulsam
324 4345 400 4434 passi
419 4345 592 4436 Magistrum
612 4357 788 4426 exspectant.
828 4291 906 4408 ibae
932 4365 1025 4426 porro
1053 4344 1209 4424 discimus,
1236 4347 1312 4428 quod
