2768 4834
66 2033 70 2046 ,
166 1976 261 2034 minus
292 1985 369 2035 cauta
401 1973 550 2048 ridentur,
587 1986 618 2034 et
642 1975 795 2055 quianon
822 1977 890 2036 satis
908 1975 998 2036 'acute
1023 1974 1046 2034 si

308 201 311 208 ’
341 121 349 182 l
628 213 780 276 SECTIO
802 215 855 276 vt.

171 365 266 425 securi
286 364 378 445 quieti
397 387 465 429 suae
485 365 656 428 consulunt:
682 367 816 430 Cbristus
836 378 932 430 autem
953 367 1001 428 bic
1020 366 1124 428 beatos
1143 368 1231 444 dicit,
1251 371 1311 450 qui

171 462 232 500 non
253 443 344 503 modo
365 445 493 518 serendis
512 443 639 536 propriis
658 445 740 504 malis
760 445 853 525 parati
872 456 955 518 sunt,
975 445 1026 504 sed
1047 443 1143 505 aliena
1163 446 1251 506 etiam
1273 447 1311 506 in

171 537 202 578 se
222 520 399 600 suscipiunt,
429 533 464 580 ut
481 541 593 580 misens
612 533 797 596 succurrant,
829 543 841 580 s
865 533 935 582 onte
955 519 1156 582 laborantibus
1176 542 1207 582 se
1228 543 1311 584 con·

171 593 313 676 iungunt,
344 611 374 657 et
399 596 480 676 quasi
507 598 625 657 eosdem
650 599 775 658 induunt
800 543 938 670 altdctus,
969 617 1029 676 quo
1056 617 1086 658 se
1106 597 1247 659 libentius
1268 599 1312 659 ad

169 670 240 731 illos
257 673 397 735 iuvandos
417 674 454 734 im
481 675 598 734 endant.
637 669 738 749 addit,
755 679 825 754 quia
842 673 1068 734 aaisericordiom
1085 689 1310 754 consequemur,
1379 727 1380 732 ,

169 769 232 810 non
251 751 341 809 modo
365 771 380 808 a
406 752 443 810 ud
494 749 560 810 curri
580 751 708 826 scilicet,
736 753 788 812 sed
814 751 892 811 inter
916 750 995 830 ipsos
1017 769 1134 830 quoque
1157 751 1310 828 homines,

94 843 101 862 ·
171 847 295 904 quorum
322 827 357 884 ad
385 772 591 887 bumanitatem
616 829 698 888 Deus
722 829 823 888 flectet
852 827 973 888 animds.
1032 827 1173 902 Quamvis
1203 841 1310 890 autem

155 903 316 962 'interdum
336 914 415 962 totus
434 905 557 965 numdus
576 903 707 985 ingratus
727 904 781 979 sit,
801 916 832 966 et
850 905 1003 984 pessimam
1024 904 1310 966 benemerentibus

153 980 333 1044 ,mercedem
355 981 506 1058 rependat,
524 981 661 1042 sulficere
682 981 781 1054 debet,
802 982 882 1062 quod
902 981 978 1062 apud
998 981 1095 1040 Deum
1115 980 1246 1062 reposita
1267 983 1311 1042 sit

167 1055 405 1118 misericordibus
430 1067 460 1116 et
479 1057 611 1117 humanis
630 1057 738 1142 gratia,
767 1059 901 1120 utillum
920 1055 1045 1118 vicissim
1064 1056 1120 1117 sibi
1139 1057 1309 1138 propitium
1380 1089 1381 1122 t

168 1146 200 1195 et
217 1132 437 1192 mfaertcortem
458 1131 593 1193 habeant

243 1215 271 1276 8
316 1207 404 1268 Beati
425 1207 532 1270 mundo
555 1209 649 1270 corde.
699 1210 826 1272 Videtur
848 1204 898 1271 bic
922 1209 996 1270 nihil
1022 1209 1131 1270 alserre
1156 1209 1308 1288 Christus,

189 1287 249 1346 nod
274 1305 335 1345 non
360 1286 399 1345 sit
424 1287 554 1346 omnium
577 1286 687 1348 iudicIo
713 1299 951 1348 consentaneum.
1002 1287 1177 1347 blunditiem
1204 1288 1307 1348 cordis

167 1309 298 1422 iatentur
322 1383 424 1422 omnes
449 1373 570 1423 nrauem
598 1385 660 1424 esse
686 1365 817 1425 omnium
842 1365 997 1438 virtutum,
1035 1363 1087 1423 sed
1115 1363 1230 1440 interea
1254 1365 1307 1424 vix

168 1438 343 1501 centesimus
369 1439 433 1518 quis
456 1461 493 1499 ue
518 1451 577 1516 est,
609 1440 660 1531 qui
684 1461 745 1500 non
771 1441 917 1504 vafritiem
937 1441 1006 1500 loco
1026 1440 1165 1499 maximae
1184 1440 1306 1500 virtutis

167 1515 283 1578 babeat.
328 1515 414 1575 lliuc·
431 1461 464 1576 lit
487 1527 522 1576 ut
545 1516 624 1577 beata
650 1517 741 1596 vulgo
767 1529 923 1598 putentur,
953 1515 1002 1595 qui
1027 1516 1126 1576 dextre
1147 1517 1305 1578 nectendis

104 1647 109 1654 ,
167 1592 243 1655 dolis
272 1591 421 1674 ingeniosi
452 1605 534 1667 sunt,
573 1593 624 1684 qui
650 1588 777 1674 obliquis
801 1594 912 1655 artibus
936 1605 1031 1653 astute
1057 1593 1306 1674 circumveniunt,

167 1670 339 1749 quibuscum
360 1667 470 1727 habent
490 1681 653 1751 negotium.
686 1669 790 1732 Carnis
811 1691 883 1752 ergo
904 1669 1012 1730 rationi
1032 1669 1151 1728 minime
1169 1669 1304 1729 subscri-

165 1745 212 1806 bit
232 1743 380 1818 caristus,
412 1745 480 1804 dum
499 1745 603 1806 beatos
622 1758 723 1821 vocat,
749 1747 880 1828 quinon
900 1746 1083 1807 delectantur
1101 1745 1225 1822 astutia,
1250 1745 1305 1808 sed
1320 1763 1340 1792 ¹·

166 1821 281 1883 sincere
305 1833 458 1880 versantur
481 1819 559 1881 inter
585 1822 734 1898 homines,
763 1843 819 1884 nee
844 1822 921 1884 aliud
941 1822 1038 1882 verbis
1059 1833 1108 1881 aut
1126 1821 1209 1882 vultu
1230 1843 1306 1902 prae

166 1920 198 1960 se
219 1898 328 1970 lerunt,
349 1919 435 1988 quam
456 1897 569 1978 agitent
584 1898 614 1958 in
636 1900 735 1960 corde.
776 1899 855 1974 Quia
876 1912 973 1960 autem
993 1897 1139 2034 simplices
1160 1910 1304 1989 tanquam
1382 1965 1383 1992 ,

1069 1998 1079 2034 ι
1124 1995 1172 2034 ros
1198 1997 1278 2034 reson
1382 1999 1383 2012 2

167 2049 300 2112 Christus
319 2049 403 2110 altius
424 2071 474 2110 eos
493 2064 627 2112 revocat:
648 2053 753 2132 quodsi
773 2075 839 2187 pers
862 2053 956 2113 icaces
976 2071 1038 2112 nou
1056 1996 1159 2112 sudla
1193 1987 1305 2114 sallent:
1382 2045 1383 2052 ¹

166 2129 235 2190 dum
255 2126 285 2188 iu
305 2140 394 2202 terra,
413 2125 471 2186 Dei
493 2148 563 2186 cons
587 2142 652 2189 ectu
673 2128 702 2188 in
723 2130 813 2190 cocis
832 2075 975 2190 dueatur.

241 2211 269 2270 9.
300 2204 387 2265 Beati
404 2207 531 2295 pachioi.
565 2149 630 2265 llos
649 2205 802 2288 intelligit,
821 2206 872 2288 qui
891 2225 953 2265 non
973 2205 1063 2266 modo
1084 2205 1150 2286 paci
1169 2205 1302 2282 student,

162 2292 198 2342 et
222 2279 383 2343 abhorrent
410 2302 426 2340 a
447 2280 513 2340 rixis
534 2283 724 2360 quantumin
745 2303 776 2342 se
797 2295 855 2357 est,
885 2283 936 2342 sed
956 2284 1043 2342 etiam
1062 2281 1164 2342 sedulo
1184 2283 1300 2342 dissen-

163 2357 263 2418 siones
282 2358 360 2418 inter
380 2356 452 2416 alios
472 2369 565 2417 motas
585 2370 784 2438 componunt,
809 2358 945 2420 omnibus
964 2371 1033 2420 sunt
1051 2359 1130 2438 pacis
1152 2371 1299 2434 auctores,

165 2434 241 2497 odiis
262 2447 292 2495 et
310 2433 502 2495 simultatibus
523 2439 620 2493 ansam
640 2437 822 2515 praecidunt.
852 2435 956 2515 Neque
977 2437 1033 2496 boc
1053 2447 1164 2495 temere
1186 2435 1297 2496 dictum

164 2521 222 2574 esa:
243 2509 311 2572 nani
330 2533 418 2590 quum
440 2509 586 2571 laboriosa
607 2532 653 2572 res
667 2513 705 2573 sit
718 2513 891 2586 etmolcsta,
905 2512 1061 2648 pacificare
1073 2531 1135 2587 eos,
1157 2511 1207 2589 qui
1219 2511 1300 2572 inter

164 2611 196 2650 se
212 2588 396 2664 dissentiunt,
417 2587 491 2648 hanc
508 2587 717 2670 'indignitatem
738 2601 885 2670 eoguntur
918 2610 981 2649 erre
993 2589 1138 2648 moderati
1152 2587 1300 2664 homines,

164 2665 215 2746 qui
236 2665 301 2746 paci
322 2665 467 2726 fovendae
486 2664 621 2737 student,
646 2667 727 2744 quod
746 2666 883 2745 utrinque
904 2665 1030 2746 probra,
1049 2665 1248 2744 querimonias
1269 2677 1300 2726 et

163 2743 413 2823 expostulationes
434 2742 563 2801 audiunt
594 2741 685 2816 Quod
706 2741 775 2802 inde
795 2743 932 2817 nascitur,
952 2744 1032 2822 quod
1052 2763 1139 2801 nemo
1159 2761 1223 2801 non
1246 2763 1298 2802 cu·

162 2829 250 2900 paret
270 2839 371 2878 omnes
391 2817 499 2877 habere
519 2829 672 2898 patronos,
692 2820 741 2896 qui
762 2839 776 2878 a
797 2830 880 2898 parte
899 2841 949 2878 sua
966 2819 1114 2878 dimicent
1143 2819 1240 2900 Ergo,
1259 2839 1298 2879 ne

71 2915 74 2923 ⁴
163 2895 345 2977 pendeamus
366 2893 402 2953 ab
424 2893 577 2952 bominum
597 2893 709 2969 lavore,
730 2894 812 2956 iubet
830 2917 884 2955 nos
897 2894 1030 2956 Christus
1051 2895 1198 2974 respicere
1219 2895 1297 2956 iudi-

162 2973 241 3036 dum
260 2971 355 3030 Patris
375 2969 428 3042 sui,
448 2970 509 3050 qui,
530 2991 617 3048 quum
627 2969 709 3032 Deus
729 2973 767 3032 sit
785 2973 874 3052 pacis,
895 2993 948 3032 nos
969 2972 998 3031 in
1020 2971 1085 3032 filiis
1105 2971 1163 3032 suis
1184 2983 1298 3046 censet,

119 3089 123 3100 ‚
162 3049 234 3110 dum
253 3067 355 3128 pacem
375 3047 518 3137 soqemus,
538 3045 650 3107 etiamsi
670 3061 802 3108 nostrum
822 3049 948 3109 studium
969 3047 1136 3110 hominibus
1155 3069 1219 3108 uon
1232 3049 1298 3130 pla-

163 3134 243 3187 ceat:
264 3128 362 3184 vocari
379 3123 457 3184 euim
478 3123 554 3182 idem
574 3123 652 3184 valet
671 3138 758 3204 atque
779 3125 900 3185 censeri.
1016 3189 1019 3196 ¹
1180 3179 1187 3208 a

240 3207 287 3264 10·
316 3201 405 3262 Beati
421 3204 471 3278 qui
485 3205 729 3279 persequutionem
745 3206 904 3277 patiuntur.
941 3203 1004 3262 Hae
1021 3201 1156 3263 doctrina
1171 3203 1297 3264 maxime

136 3289 240 3358 xopus
265 3276 376 3338 babent
403 3276 513 3350 Christi
540 3277 688 3358 discipuli,
720 3289 750 3338 et
777 3269 1007 3358 quo'dillicilius
1034 3291 1064 3339 et
1088 3280 1179 3362 magis
1205 3301 1297 3363 aegre

161 3377 224 3418 eam
254 3355 380 3415 admittit
403 3376 490 3432 caro,
521 3374 556 3414 co
582 3356 719 3416 attentius
738 3356 905 3416 meditanda
925 3367 975 3416 est
1014 3357 1119 3436 Neque
1141 3357 1220 3416 enim
1241 3359 1297 3417 alia

160 3435 226 3518 lege
244 3429 367 3494 Christo
387 3432 510 3492 militare
529 3452 696 3512 possumus,
721 3453 806 3510 quam
827 3445 859 3493 ut
878 3432 971 3491 maior
989 3453 1055 3512 pars
1076 3433 1175 3492 mundi
1188 3433 1297 3495 infesta

126 3513 131 3527 ⁸
158 3517 189 3578 in
210 3529 268 3572 nos
288 3521 457 3592 consurgat,
476 3532 509 3571 ac
550 3522 720 3590 essequatur
738 3530 829 3588 usque
849 3511 885 3570 ad
904 3521 1038 3568 mortem.
1071 3509 1121 3570 Sic
1134 3531 1179 3568 res
1193 3510 1296 3585 habet,

161 3595 254 3653 Satan
284 3588 421 3670 princeps
452 3533 553 3648 mundi
585 3607 733 3665 nunquam
759 3587 872 3646 desinet
895 3607 962 3646 suos
989 3586 1070 3646 rabie
1095 3607 1223 3660 armare,
1263 3600 1297 3647 ut
1330 3601 1337 3615 “

162 3667 274 3730 Christi
295 3664 432 3726 membris
452 3664 607 3725 insultent:
629 3677 672 3722 est
693 3665 809 3743 quidem
830 3663 887 3723 boc
907 3675 1039 3722 monstro
1059 3662 1152 3722 simile
1166 3675 1296 3754 etprae-

160 3759 206 3807 ter
227 3741 380 3814 nat‘dram,
401 3753 432 3800 ut
451 3753 576 3831 praeter.
588 3739 722 3800 meritum
742 3739 891 3800 hostilitur
909 3751 1065 3812 vexentur,
1085 3737 1135 3817 qui
1154 3739 1296 3800 iustitiam

160 3822 274 3884 colunt.
313 3820 386 3878 Ideo
407 3817 477 3878 dicu
495 3816 599 3877 Petrus
619 3815 658 3896 (Ι.
676 3816 755 3876 Petr.
776 3813 810 3892 3,
825 3821 897 3891 13.),
918 3816 950 3875 Si
970 3817 1076 3876 cavetis
1096 3837 1112 3874 a
1132 3815 1297 3892 maleficiis,

160 3899 224 3979 quis
248 3909 292 3956 est
312 3895 362 3975 qui
381 3894 465 3966 vobis
485 3893 609 3954 noceat?
630 3891 690 3954 Sed
710 3893 740 3952 in
760 3905 819 3952 tam
840 3892 948 3953 effreni
966 3895 1066 3952 usundi
1107 3891 1229 3952 cavitate
1247 3895 1296 3952 ni-

158 3975 212 4036 mis
235 3993 322 4051 saepe
342 3971 498 4052 contingit,
518 3981 550 4028 ut
570 3967 642 4036 bmai
662 3969 786 4029 iustitiae
806 3970 872 4030 zelo
892 3970 1035 4036 malorem
1057 3913 1123 4028 odia
1143 3982 1250 4029 contra
1263 3991 1301 4032 se,

157 4052 352 4110 inflamment.
409 4045 584 4107 Praesertim
613 4067 684 4106 vero
717 4045 890 4108 Christianis
920 4044 977 4105 hoc
1007 4046 1088 4138 quasi
1119 4045 1208 4106 fatale
1240 4059 1296 4123 est,

158 4125 265 4186 maiori
285 4123 436 4188 bominum
456 4143 579 4186 numero
600 4143 661 4182 esse
682 4145 797 4183 exosos:
818 4143 887 4182 caro
908 4123 985 4182 enim
1005 4121 1159 4202 Evangelii
1180 4123 1295 4184 doctri-

159 4224 228 4262 nam
251 4201 328 4259 scrre
348 4201 466 4277 nequit,
487 4200 559 4258 nulli
579 4219 629 4259 sua
649 4198 719 4258 vitia
740 4199 860 4281 coargui
880 4198 1032 4258 sustinent.
1064 4199 1191 4274 Propter·
1210 4204 1295 4259 iusti-

159 4283 231 4337 sima
248 4281 315 4352 ptati
340 4275 424 4350 dicit,
458 4276 506 4355 qui
532 4275 600 4334 inde
625 4277 769 4336 malorsun
796 4276 863 4336 odia
883 4275 938 4334 sibi
959 4275 1090 4334 coullant
1110 4287 1140 4334 et
1159 4275 1293 4336 furorem

160 4364 344 4448 prpvocsut,
378 4353 457 4430 quod
482 4352 556 4416 recti
582 4364 612 4413 et
636 4354 722 4432 aequi
741 4351 838 4414 studio
856 4350 940 4413 malis
961 4352 1052 4414 causis
1071 4371 1102 4412 sc
1123 4366 1294 4432 opponunt,
