2756 4838
223 233 409 334 (trs-4183.
447 250 532 314 heris
550 251 775 314 Pharisaeorum
793 250 994 333 reprobatio.)
1141 257 1201 324 237
1248 295 1250 298 ,

48 406 146 480 Quum
165 401 280 466 scribae
299 403 440 468 obstinati
482 399 698 468 rorsns'essent
723 403 852 467 raritatis
872 383 999 480 hbsles,
1011 403 1079 486 quia
1098 416 1199 488 tyran-

45 483 111 543 nide
130 503 181 542 sua
202 503 370 563 oppressam
391 427 717 558 reuelanttsectestam,
735 494 853 543 cosmus
873 482 930 542 fuit
942 481 1075 545 Christus
1095 501 1199 546 eornm

44 559 153 641 flagitia
166 557 328 641 detegere:
349 560 405 620 nisi
426 561 504 624 enirn
524 559 661 622 abstracti
673 559 709 620 ab
722 580 824 620 eorum
837 559 978 620 servitute
991 559 1114 619 fuissent
1124 560 1199 620 boni

44 647 71 694 et
89 635 248 716 simplices,
268 637 419 716 praeclusa
438 648 502 698 erat
520 636 684 720 Evangelio
708 637 803 696 ianua.
842 635 907 696 ntia
928 635 1016 697 etiam
1035 635 1092 696 fuit
1110 637 1199 710 ratio,

43 711 105 790 quia
134 713 220 792 plebs
246 710 357 774 licitum
382 713 437 774 sibi
458 735 520 775 esse
540 723 639 794 putat,
669 712 808 793 quicquid
828 733 844 772 a
864 710 922 772 suis
946 711 1112 772 rectoribus
1133 711 1199 774 beri

42 789 253 863 animadvertit,
273 789 429 872 legemque
448 790 506 852 sibi
526 791 612 875 fingit
631 809 665 852 ex
682 789 795 850 vitiosis
814 789 931 852 illorum
950 789 1092 850 moribus.
1117 791 1197 850 Cae·
1260 797 1261 802 ’

40 876 131 924 teram
152 887 191 926 ne
211 867 276 945 quis
296 868 327 926 in
348 869 490 930 diversam
509 882 623 949 partem
642 868 859 947 traheretque
872 866 1088 941 dicturuscrat,
1108 887 1197 946 prae-

40 935 123 1016 fatur,
144 943 303 1022 qualescun
326 965 363 1005 ue
383 946 441 1006 sint
451 945 599 1019 doctores,
617 945 737 1005 minime
753 955 852 1004 tamen
866 963 990 1022 aequum
1010 963 1082 1017 esse,
1102 944 1148 1004 rel
1160 964 1196 1004 ex

40 1039 137 1078 eorum
158 1018 294 1080 sordibus
306 963 409 1082 labem
429 1021 555 1102 aliquam
567 1015 625 1082 Dei
644 1021 737 1084 verbo
758 1040 844 1100 asper
866 1021 885 1096 i,
904 1019 951 1079 rel
971 1040 1006 1079 er
1024 1019 1121 1099 pravis
1141 1040 1196 1080 eo-
1262 1024 1265 1033 '

39 1117 98 1154 rum
119 1095 259 1176 exemplis
278 1098 370 1177 arripi
385 1099 531 1234 percandi
551 1097 707 1160 licentiam.
745 1098 844 1176 Atque
877 1117 929 1160 aec
949 1097 1104 1176 prudentia
1126 1097 1195 1156 dili·
1256 1151 1265 1175 ,

39 1184 141 1250 genter
160 1173 292 1232 notanda
313 1185 365 1234 est.
413 1175 525 1254 letique
545 1174 634 1250 enim,
654 1175 723 1234 dum
742 1175 801 1238 hoc
822 1195 910 1234 nunna
931 1184 1059 1265 captant,
1079 1175 1194 1256 utotlip
1264 1243 1271 1255 Ι

38 1261 157 1328 gravent
176 1259 210 1310 et
226 1249 346 1310 infamia
366 1252 533 1312 deforment
552 1251 704 1332 improbos
726 1260 755 1310 et
774 1251 949 1321 sceleratos,
973 1249 1194 1312 inconsiderato

36 1345 85 1384 suo
105 1325 174 1388 selo
196 1327 320 1388 miscent
340 1329 438 1388 omnia
459 1340 489 1389 et
514 1329 710 1388 confundunt.
760 1327 972 1389 Contemnitor
994 1325 1194 1386 enimomnis

37 1399 199 1482 disciplina,
220 1399 350 1464 calcatur
362 1405 479 1496 pudore
508 1405 641 1485 denique
658 1403 758 1464 nullus
776 1415 877 1464 manet
897 1401 1014 1462 honesti
1033 1415 1195 1481 respectus,

37 1475 92 1536 iano
112 1479 213 1540 multis
236 1481 341 1541 crescit
361 1483 430 1542 rade
450 1481 583 1557 audacia,
613 1481 648 1542 da
700 1500 738 1540 ue
757 1499 850 1560 opera
868 1479 1054 1540 sacerdotum
1073 1489 1195 1558 peccata

36 1555 209 1628 traducunt,
236 1567 269 1614 ut
289 1556 409 1618 liberius
428 1558 484 1638 ipsi
504 1559 625 1618 inducto
646 1578 682 1618 co
695 1577 748 1616 ore
761 1567 909 1640 ‘peccent7
943 1555 1076 1616 Christus
1095 1567 1194 1616 autem

37 1628 74 1688 sic
94 1631 244 1692 inuehitur
262 1632 292 1694 in
312 1633 437 1709 scribas,
474 1647 509 1694 ut
527 1635 639 1716 Legem
657 1634 717 1694 Dei
741 1632 821 1714 prius
840 1652 857 1693 a
876 1643 1050 1710 contemptu
1074 1643 1193 1710 asserat.

36 1704 113 1768 Haec
133 1707 227 1789 igitur
238 1709 338 1770 eadem
350 1711 449 1772 cautio
460 1709 546 1772 nohis
557 1711 686 1773 tenenda
700 1722 753 1783 est,
771 1711 796 1770 si
812 1707 1062 1789 reprehensiones
1078 1719 1193 1768 nostras

35 1785 171 1858 prodesse
192 1782 333 1874 supirans.
359 1788 468 1848 Rursus
480 1800 579 1849 umen
594 1799 699 1848 notare
720 1786 870 1860 convenit,
889 1785 997 1844 nullius
1017 1783 1195 1844 offendiculi

34 1871 109 1920 metu
129 1861 304 1922 deterritum
324 1863 411 1924 fuisse
432 1859 597 1941 Christum,
626 1863 784 1944 quominus
803 1862 909 1942 impios
929 1862 1083 1938 doctores,
1105 1860 1193 1920 sicuti

34 1936 127 1996 meriti
148 1949 251 2011 erant,
276 1941 453 2002 traduceret.
501 1941 630 2002 Tantum
655 1941 731 2002 hanc
755 1938 997 2008 moderationem,
1012 1935 1122 2014 tenuit,
1151 1955 1192 1998 ne

34 2024 156 2144 propter
176 2014 458 2098 hominomprobra
476 2017 536 2080 Dei
556 2017 692 2080 doctriua
709 2016 873 2078 silesceret.
898 2015 996 2078 Porro
1015 2015 1192 2087 nesciamus,

52 2107 67 2145 e
87 2089 163 2150 vitiis
183 2091 391 2154 concionatum
412 2115 485 2171 esse,
503 2115 566 2155 non
579 2106 613 2154 ut
632 2095 764 2174 personis
784 2091 923 2152 insidiam
943 2102 1067 2164 crearet,
1086 2091 1191 2150 sedne

34 2165 173 2248 contagio
192 2178 326 2248 serperet
345 2169 444 2244 latius,
475 2171 583 2230 diserte
607 2170 742 2249 exprimit
761 2171 876 2230 Marcus
902 2167 1056 2300 loquutuap
1077 2186 1139 2226 esse
1158 2170 1191 2226 isa

32 2235 171 2302 doarium.
200 2242 317 2316 Quibus
336 2243 434 2304 verbis
453 2245 609 2328 significat,
628 2245 741 2304 utiliter
760 2243 927 2304 admonitos
954 2241 1030 2300 uisse
1041 2242 1190 2302 auditores

32 2327 61 2374 ut
79 2318 138 2378 sibi
159 2329 306 2380 caverent.
339 2319 516 2400 Quanquam
526 2331 623 2380 summ
641 2321 680 2380 ad
700 2319 857 2399 discipulos
876 2318 993 2378 videtur
1010 2317 1190 2397 restripgere

33 2386 140 2467 Lucas,
161 2393 317 2470 probabile
336 2406 434 2454 tamen
456 2407 514 2469 est,
533 2415 699 2457 sermonem
719 2395 756 2454 ad
774 2407 868 2460 totam
886 2392 1002 2454 turbam
1021 2391 1189 2471 promiscue

32 2467 119 2528 fuisse
141 2467 283 2528 habitum.
318 2469 415 2544 -Qnod
431 2471 522 2532 etiam
542 2472 646 2533 clarius
666 2483 748 2551 patet
767 2493 801 2530 er
820 2469 988 2545 blatthaeo,
1012 2480 1043 2530 ct
1061 2490 1107 2532 res
1126 2469 1188 2549 ipsa

31 2544 190 2622 poscebat,
214 2557 248 2606 nt
265 2547 296 2605 in
338 2567 427 2608 enere
447 2567 550 2608 omnes
567 2547 728 2627 respiceret
747 2545 889 2607 Christus.

68 2627 131 2684 1⁰2.
171 2620 247 2683 Ine
329 2621 482 2684 mMou.
520 2625 589 2686 Non
609 2635 721 2684 temere
741 2623 822 2704 qnod
842 2622 901 2683 alio
922 2621 991 2684 loeo
1011 2621 1115 2683 recitat
1126 2621 1187 2682 Ln-

31 2717 75 2757 cas
96 2698 156 2756 huc
176 2696 307 2760 inserere
327 2700 418 2760 visum
438 2710 492 2760 est.
531 2700 741 2779 Praeterquam
761 2700 839 2760 euim
860 2699 939 2778 qnod
961 2700 1062 2760 eadem
1076 2708 1120 2758 est
1131 2699 1187 2776 do-,

32 2773 138 2848 ctrina,
159 2793 224 2839 aon
243 2775 347 2838 dubito
366 2778 439 2856 quin
457 2776 566 2852 Lucas,
586 2787 654 2857 post
676 2797 741 2836 uam
761 2777 884 2850 diderat,
903 2795 1005 2836 severe
1026 2787 1055 2834 et
1075 2773 1188 2836 duriter

31 2849 137 2911 scribas
156 2863 315 2932 correptos
335 2853 421 2914 fuisse
433 2853 601 2927 aDomino,
620 2799 766 2914 addiderit
785 2853 872 2913 etiam
893 2852 962 2911 alias
978 2851 1189 2942 reprehensio,

31 2943 95 2998 nes,
116 2947 188 3007 quas
209 2929 372 2990 Matthaeus
392 2930 422 2998 in
441 2950 497 3012 pro
520 2931 595 2992 rinna
614 2929 712 2992 locum
733 2929 856 2990 distulit.
890 2929 953 2990 lam
974 2947 1051 2988 emm
1070 2929 1186 3008 saepius

32 3000 150 3063 vidimus
161 3005 372 3088 Evangelistas,
391 3018 482 3086 prout
499 2951 617 3068 ferebat
625 3005 753 3082 occasio,
773 3005 902 3068 diversos
914 3003 1024 3077 Christi
1034 3025 1186 3066 sermones
1205 3041 1210 3044 -

34 3095 232 3165 coacervasse.
266 3083 363 3143 Porro
383 3084 451 3162 quia
470 3083 589 3164 plenior
602 3084 680 3163 apud
692 3083 871 3144 blatthaeum
885 3080 1031 3174 sentenjia
1050 3081 1186 3157 hahetur,

33 3171 89 3213 erus
107 3156 198 3218 verba
218 3157 316 3238 potins
342 3160 516 3239 explicanda,
536 3181 657 3221 sumam.
704 3161 850 3220 Hortatur
867 3158 1013 3219 Dominus
1032 3159 1132 3220 fideles
1152 3157 1183 3218 in

32 3227 148 3316 aprima,
167 3253 257 3314 quum
278 3235 399 3314 pessime
419 3237 519 3296 uiuant
534 3235 660 3310 scribae,
679 3257 718 3296 ne
735 3236 772 3296 ad
791 3255 944 3316 perversos
964 3255 1066 3307 eorum
1085 3256 1183 3296 mores

31 3317 113 3368 ratam
132 3331 213 3370 snam
230 3312 365 3386 «neruus,
383 3314 436 3373 sed
455 3313 552 3394 potius
568 3313 842 3394 formentachgis
861 3311 1003 3392 regulam,
1023 3333 1109 3392 quarn
1129 3334 1182 3372 au-

33 3379 112 3446 diunt
134 3405 170 3448 ex
197 3407 250 3447 ore
269 3389 438 3450 scribarum.
489 3389 614 3450 Necesse
641 3387 719 3450 enim
744 3388 872 3450 habebat
901 3395 949 3466 (nt
969 3410 1063 3468 nuper
1082 3388 1184 3470 attigi)

31 3463 245 3537 reprehendere
265 3465 370 3526 multas
390 3467 420 3526 in
442 3465 499 3524 illis
521 3486 607 3524 corru
631 3465 718 3539 telas,
742 3485 780 3524 ne
800 3477 896 3526 totum
916 3465 1057 3544 populum
1077 3464 1181 3524 inlice-

32 3546 101 3594 rent.
138 3539 222 3622 Ergo
244 3561 281 3600 ne
302 3541 430 3621 ipsorum
450 3541 568 3623 flagitiis
588 3487 782 3602 labefactetur
791 3542 936 3616 doctrina,
956 3540 1035 3600 cuius
1055 3539 1181 3606 ministri

32 3624 110 3672 erant
127 3635 162 3677 ae
180 3637 354 3698 praecones,
374 3617 474 3678 fideles
493 3618 531 3677 ad
550 3617 668 3678 illorum
686 3617 775 3686 verba
792 3630 920 3678 attentos
931 3637 993 3677 osse
1006 3615 1097 3688 iubet,
1117 3625 1190 3676 non'

31 3697 121 3750 autem
140 3694 176 3754 ad
199 3689 302 3773 opeda:
322 3696 381 3754 acsi
401 3694 528 3769 dixisset,
547 3715 608 3754 non
630 3715 691 3756 esse
711 3691 1110 3770 causam,cur1)eif1liosa
1130 3711 1179 3752 re·

32 3771 75 3820 cte
92 3766 219 3830 vivendo
238 3771 314 3832 mala
334 3770 488 3832 Pastorum
509 3770 640 3851 exempla
659 3770 829 3861 impediant
863 3769 1037 3844 ¹Scribarum
1057 3767 1179 3828 nominc

31 3835 163 3906 doctores
172 3846 221 3906 vel
232 3847 322 3930 Legis
342 3847 520 3926 interpretes
540 3847 638 3908 notari
657 3859 724 3908 sans
745 3847 894 3920 convenit,
912 3846 1001 3923 idque
1016 3843 1113 3924 phrasi
1125 3845 1181 3902 he-

31 3909 135 4006 lgraina,
153 3924 271 3982 eosdem
292 3925 368 4004 apud
378 3925 487 3984 Lucam
507 3924 607 3985 vocari
619 3923 707 4006 Legis
726 3923 838 4004 peritos
858 3934 969 3986 certum
989 3931 1041 3980 est.
1080 3919 1178 3980 Peen-

31 3985 136 4078 lrarrter
155 4011 252 4059 autern
270 4000 453 4074 Pharisaeos,
474 3999 629 4080 quierant
649 4023 683 4062 er
701 3999 860 4060 scribarum
880 4015 1014 4072 numero,
1034 3995 1178 4076 perstrin-

30 4077 71 4142 gtt
88 4069 249 4150 Dominus,
280 4078 348 4158 quia
360 4087 437 4138 tunc
456 4076 488 4136 in
507 4077 656 4138 Ecclesiae
682 4077 824 4158 regimine
845 4088 875 4136 et
894 4073 1065 4154 Scripturas
1085 4073 1178 4134 inter.

31 4147 191 4231 pretatione
212 4151 382 4214 basescoth
401 4153 557 4233 primatum
578 4152 710 4216 tenebat.
747 4154 822 4212 Nam
842 4149 913 4216 alibi
931 4151 1068 4222 diximus,
1088 4171 1178 4230 quum

32 4217 189 4290 hadducael
200 4239 230 4288 et
239 4229 343 4292 Esseni
354 4230 480 4292 litorales
493 4229 596 4290 haberi
612 4228 746 4302 mallent,
761 4228 934 4290 Pharisaeos
944 4226 1030 4288 aliam
1050 4227 1178 4290 docendi

31 4294 168 4390 ”lintrem
188 4306 269 4384 qnasi
284 4327 342 4397 per
360 4327 462 4366 manns
486 4303 543 4366 sibi
562 4326 579 4366 a
598 4304 756 4366 maioribus
781 4305 915 4384 traditam
939 4317 1078 4384 sequutos
1105 4325 1178 4374 esse,
1278 4325 1282 4332 ⁴

31 4380 61 4428 ut
77 4376 188 4442 seducet
205 4393 359 4464 mysticum
378 4382 549 4465 scripturae
567 4381 836 4470 sensumasubtiliua
854 4381 1050 4473 inquirerent·
1089 4381 1178 4444 Unde
