2814 4846
43 369 46 376 *
169 257 210 339 ῥυ
515 262 633 326 sacr.
652 263 722 324 xtr.
760 275 972 324 amasonia.
1076 214 1122 388 '⁸

156 396 302 500 'haereas
319 438 420 482 sensus
439 417 505 492 erit,
525 415 642 498 quoties
660 413 811 479 instabam
829 412 891 478 dies
904 411 983 492 lecti,
1001 411 1096 496 iprum
1116 433 1183 475 cum
1202 413 1270 477 aliis
1290 434 1337 478 sr-

171 519 238 564 cros
257 507 421 564 convenere
440 493 615 608 celebrasse.

130 707 139 748 ¹
252 729 358 814 (111.)
396 727 569 897 ΜΑΤΤῖ.
592 727 675 796 Xlll.
723 732 773 793 tt.
805 726 946 793 Rursum
980 723 1085 792 simile
1119 732 1169 790 est
1200 745 1338 810 regumn

169 831 342 924 coelorum
362 833 514 899 thesauro
561 829 703 898 bsconso
730 832 765 897 in
792 851 885 916 agro,
917 849 1013 919 quem
1046 837 1211 916 repertum
1238 829 1336 896 homo

170 929 353 1016 abscondit,
388 947 421 1002 et
451 955 530 1023 prae
559 934 693 1021 gaudio,
721 929 811 1020 quod
842 934 941 1002 habet
969 954 1151 1020 supereo,
1190 929 1274 1010 abit,
1305 943 1337 998 et

170 1059 386 1126 quaecunque
407 1035 507 1105 lr'abet
527 1038 648 1118 rendit,
670 1057 710 1102 ac
728 1047 890 1110 mercatur
910 1059 1019 1122 agrum
1039 1034 1141 1104 illurn.
1182 1037 1234 1102 45.
1254 1037 1338 1101 liur—
1399 1069 1400 1072 ¹

169 1163 240 1210 sum
266 1140 371 1207 simile
400 1153 448 1208 est
471 1163 606 1229 regnum
637 1137 804 1208 coeloram
836 1141 958 1207 homini
988 1141 1194 1224 negotiatori,
1236 1159 1338 1225 quae·

45 1305 47 1311 ,
167 1247 255 1312 renti
274 1243 402 1331 pulcras
432 1249 624 1331 margaritas
666 1246 717 1308 46.
746 1240 827 1328 Qui·
843 1245 973 1310 inventa
1001 1261 1067 1308 una
1092 1244 1251 1328 pretiosa,
1280 1241 1340 1307 ab·

168 1349 241 1414 iens
262 1345 409 1413 vendidit
430 1351 553 1426 omnia,
587 1369 671 1436 quae
692 1343 896 1435 possidebat,
931 1353 964 1412 et
983 1355 1141 1410 mercatus
1163 1356 1211 1410 est
1235 1343 1338 1412 illam.

170 1451 222 1517 47.
247 1451 388 1540 Rursum
421 1445 525 1514 simile
559 1463 608 1516 est
638 1470 771 1538 regnum
803 1447 970 1515 coelorum
996 1445 1160 1513 verriculo
1188 1433 1276 1513 ia‘cto
1303 1449 1338 1512 iu

169 1574 276 1632 mare,
308 1562 342 1619 et
371 1553 521 1619 exomni
542 1573 662 1636 genere
683 1553 900 1640 congreganti.
943 1551 993 1616 ta
1022 1550 1125 1637 Quod
1152 1573 1253 1638 quum
1283 1553 1339 1616 im·
1399 1579 1400 1614 t

115 1677 117 1683 ’
171 1655 294 1743 pletum
321 1665 419 1746 osset,
452 1654 677 1724 subduxerunt
701 1658 736 1722 in
763 1655 852 1720 litus:
891 1663 923 1718 et
954 1653 1107 1720 sedentes
1133 1653 1338 1742 collegerunt
1399 1745 1400 1748 Ἴ

170 1757 335 1825 bonosio
359 1779 454 1847 vasa,
486 1756 588 1825 malos
613 1779 694 1826 vero
720 1757 809 1826 foras
835 1761 990 1824 iecerunt
1032 1759 1082 1822 49.
1112 1755 1168 1822 Sic
1194 1755 1337 1824 futurum

172 1864 276 1926 estin
296 1862 570 1927 consummatione
591 1859 728 1928 saeculi:
755 1864 888 1928 venient
908 1859 1040 1944 Angeli,
1069 1871 1102 1926 et
1121 1859 1338 1948 segregabunt

52 2007 55 2016 ·
170 1962 275 2030 malos
301 1962 476 2032 demedio
509 1965 682 2040 iustorum,
721 1963 771 2028 50.
804 1963 846 2028 Et
871 1967 998 2030 mittent
1030 1986 1088 2030 eos
1116 1967 1151 2029 in
1178 1968 1336 2030 caminum

171 2070 268 2154 ignis:
300 2064 370 2132 illio
395 2069 456 2132 erit
480 2064 626 2153 ploratus
653 2076 686 2132 et
717 2065 836 2134 stridor
868 2066 1021 2134 dentium.
1063 2066 1114 2132 51.
1146 2067 1239 2132 Dicit
1272 2068 1337 2134 illis

147 2171 276 2252 lesus,
307 2168 514 2236 Intellexistis
534 2169 764 2244 haecomnia?
806 2169 928 2237 Dicunt
952 2168 1017 2251 illi,
1050 2169 1156 2235 Etiam
1182 2169 1337 2237 Domine.

172 2275 224 2339 52
256 2275 300 2339 At
321 2273 384 2352 xille
411 2273 492 2339 dixit
518 2277 580 2351 eis,
617 2273 793 2361 Propterea
823 2277 927 2340 omnis
948 2271 1060 2340 Scriba
1087 2271 1202 2340 doctus
1223 2274 1267 2340 ad
1288 2287 1338 2342 re-

45 2378 50 2400 ¹
175 2399 276 2465 gnum
295 2375 462 2444 coelorum
482 2376 594 2442 similis
621 2387 670 2443 est
697 2374 930 2476 patrifamilias,
961 2379 1018 2466 qui
1045 2363 1247 2464 depromite
1268 2379 1338 2446 the·

174 2503 272 2550 sauro
293 2501 354 2548 suo
376 2503 462 2548 llssVd
484 2492 516 2547 el
535 2492 655 2548 velera.
683 2519 685 2524 ¹

250 2639 289 2700 In
312 2639 391 2701 hunc
414 2625 505 2701 linem
529 2641 656 2702 tendunt
679 2638 793 2720 priores
819 2639 893 2700 duae
919 2638 1139 2715 similitudines,
1167 2650 1202 2700 ut
1225 2640 1337 2704 ducant

173 2716 277 2778 fideles
295 2737 328 2776 re
351 2738 421 2776 num
441 2717 593 2779 coelorum
612 2716 670 2778 toti
689 2717 800 2776 mundo
820 2716 989 2796 praeferre,
1018 2728 1106 2796 atque
1130 2716 1199 2778 ideo
1223 2739 1336 2778 renun-

173 2794 249 2856 tiare
269 2804 300 2852 et
317 2815 342 2854 ει
364 2793 375 2852 i
394 2804 425 2857 et
443 2794 581 2854 omnibus
601 2793 695 2855 carnis
715 2793 875 2868 desideriis,
893 2814 932 2853 ne
944 2793 1014 2872 qnid
1026 2793 1126 2853 eosim
1151 2793 1241 2868 ediat,
1262 2815 1337 2875 quo-

174 2870 271 2929 minus
290 2879 374 2929 tanto
394 2869 478 2929 bono
499 2871 659 2952 potiantur.
697 2869 794 2928 Porro
806 2869 879 2929 haec
888 2868 1051 2930 admonitio
1071 2870 1117 2931 val
1139 2889 1155 2930 e
1175 2870 1263 2932 nobis
1284 2891 1338 2930 ne-

174 2944 298 3006 cessaria
310 2957 364 3020 en,
384 2944 452 3025 quia
472 2946 615 3006 etmundi
635 2945 847 3006 illecebraesie
866 2968 921 3006 nos
933 2945 1085 3021 fascinant,
1105 2947 1339 3008 utritaaeterna

173 3020 263 3080 nobis
283 3032 449 3082 evanescat:
470 3032 501 3081 et
519 3022 587 3100 quia
605 3021 734 3082 carnales
754 3043 860 3095 sumus,
878 3021 1042 3102 spirituales
1054 3023 1113 3082 Dei
1128 3024 1241 3160 gratiae
1252 3047 1337 3084 suum

175 3097 303 3176 pretium
329 3096 449 3156 minime
475 3098 553 3178 apud
576 3119 631 3159 nos
657 3097 804 3163 obtinent.
843 3099 952 3160 Merito
981 3099 1080 3177 itaque
1101 3099 1127 3160 C
1149 3101 1235 3160 ristus
1259 3100 1340 3162 vitae

176 3182 316 3232 aeternae
335 3172 536 3234 excellentiam
556 3195 686 3265 eousque
706 3174 834 3252 extollit,
858 3187 892 3235 ut
910 3174 1064 3236 molestum
1086 3195 1148 3237 esse
1166 3176 1255 3236 nobis
1275 3198 1338 3236 non

131 3275 136 3292 ,
177 3248 301 3323 debeat,
340 3248 401 3308 eius
425 3270 509 3310 causa
536 3251 674 3330 quicquid
693 3251 854 3332 pretiosum
873 3251 986 3332 alioqui
1011 3251 1140 3312 ducimus
1159 3252 1339 3332 relinquere.

175 3323 279 3384 Primo
298 3343 423 3406 regnum
442 3327 593 3388 coelorum
612 3327 706 3388 simile
726 3347 788 3390 esse
808 3325 1029 3390 dicit‘tdesmwo
1047 3325 1221 3390 edmondito.
1262 3331 1339 3390 Nam

176 3399 386 3482 utplurimum
404 3403 504 3496 magni
523 3403 644 3464 facimus
663 3425 738 3483 quae
758 3426 793 3484 ap
818 3417 917 3480 arent,
947 3415 1035 3483 atque
1060 3405 1128 3466 ideo
1148 3404 1263 3466 vilescit
1280 3428 1340 3466 no-

84 3477 87 3499 *
160 3475 223 3551 ¹lris
244 3497 323 3538 nova
344 3489 375 3538 et
392 3477 549 3558 spiritualis
568 3481 637 3556 vita,
658 3501 733 3560 quse
752 3482 783 3540 in
830 3480 966 3564 vangelio
986 3483 1175 3562 proponitur,
1196 3484 1265 3562 quia
1283 3483 1339 3543 sub
1399 3539 1400 3560 ,

110 3631 114 3638 η
176 3573 231 3646 spe
251 3553 363 3614 inclusa
382 3554 463 3616 latet.
500 3559 584 3640 Ergo
604 3557 750 3637 aptissima
770 3569 815 3616 est
823 3556 952 3617 thesauri
965 3558 1157 3637 comparatio,
1176 3560 1257 3619 cuius
1265 3580 1340 3638 pre-

177 3641 222 3691 tro
242 3629 316 3700 nibil
336 3630 466 3706 decedit,
527 3635 635 3694 uamvls
659 3633 713 3694 sub
737 3645 817 3693 terra
836 3633 967 3695 defossus
994 3646 1024 3694 et
1043 3633 1169 3696 obrutus
1185 3636 1340 3696 hominum
1399 3691 1400 3702 ,

178 3707 283 3769 oculos
302 3707 407 3799 fugiat
446 3655 564 3784 Quidue
583 3709 680 3771 verbis
700 3712 855 3772 docemurr
876 3731 940 3770 non
959 3711 1149 3774 aestimandas
1169 3731 1232 3772 csse
1251 3712 1342 3793 spiri-

140 3818 144 3840 ·
176 3783 264 3844 tualis
283 3783 345 3845 Der
362 3785 474 3866 gratiae
495 3787 609 3847 divitias
629 3807 664 3845 ex
683 3787 777 3847 carnis
796 3799 915 3846 nostrae
934 3787 1057 3864 intuitu,
1074 3787 1122 3849 vel
1142 3799 1266 3856 externo
1285 3810 1339 3849 suo
1399 3795 1400 3864 l

178 3859 349 3940 splendore,
368 3861 421 3921 sed
440 3863 684 3943 quemadmodum
703 3857 865 3938 thesaurus,
885 3863 957 3924 licet
976 3864 1109 3942 occultus
1125 3863 1178 3939 sit,
1197 3886 1210 3924 s
1233 3865 1341 3926 colosis

179 3947 281 3996 tamen
300 3937 407 4018 opibus
427 3939 602 4019 praefertur.
640 3939 724 3999 Idem
744 3938 879 4030 erprImit
896 3939 988 4001 altera
997 3940 1168 4001 similitudo.
1249 3965 1341 4019 orgo·
1399 3961 1400 4012 t

177 4014 239 4072 aito
256 4034 333 4088 uno,
364 4015 493 4093 quamvis
513 4015 617 4097 exigua
635 4014 690 4090 sit,
708 4027 782 4080 mnu
803 4015 968 4078 aestimatur
986 4029 1020 4076 ut
1037 4017 1149 4098 peritus
1168 4020 1343 4100 negotiator
1399 4049 1400 4066 ,

171 4107 266 4170 agros
290 4100 322 4149 et
346 4089 434 4151 aedes
459 4091 496 4151 ad
521 4111 585 4152 earn
617 4091 819 4154 redimendam
842 4093 971 4154 vendere
995 4115 1058 4154 non
1082 4092 1207 4154 dubitet.
1255 4095 1340 4176 Ergo

178 4165 310 4242 quanvis
329 4165 465 4230 coelestis
483 4168 560 4230 vitae
581 4168 781 4229 excellentiam
805 4191 867 4229 non
892 4169 1095 4261 apprehendat
1114 4171 1209 4230 earnis
1227 4191 1342 4244 sensus,
1399 4195 1400 4254 1

176 4258 240 4297 non
258 4251 357 4300 tamen
374 4263 442 4311 ,eam
459 4243 527 4305 satis
573 4265 607 4305 ro
635 4245 778 4327 dignitate
798 4248 1001 4326 expendimus,
1040 4248 1096 4308 nisi
1122 4247 1217 4326 parati
1240 4248 1342 4321 simus,

177 4335 254 4404 quae
275 4316 494 4390 oculisnostris
512 4266 678 4403 relrilgent,
697 4322 847 4406 abnegare
866 4325 897 4383 in
918 4322 994 4383 illius
1014 4325 1147 4405 gratiam·
1186 4325 1273 4384 Nunc
1293 4335 1340 4383 te-

176 4409 280 4454 nemus
298 4413 438 4456 surnnram
458 4397 608 4480 utriusque
628 4397 803 4479 parabolae,
834 4419 942 4480 nempe
968 4420 1019 4462 eos
1047 4402 1164 4463 demum
1184 4400 1219 4462 ad
1240 4399 1339 4481 perci-
