2778 4838
233 289 241 316 ⁶
483 265 563 341 (isi.
602 262 709 324 moue
729 263 855 340 manu..)
970 247 976 271 ¹
1076 297 1081 308 ,
1205 275 1245 338 83
1321 242 1384 267 ,,

75 411 214 474 Domini.
256 410 389 492 Obrepit
411 413 517 476 deinde
534 415 677 496 tyrannis,
697 416 775 498 quia,
795 417 847 476 nbi
863 416 953 478 semel
963 417 1085 480 iubendi
1094 416 1241 484 licentiam

78 489 137 548 sibi
157 501 348 568 sumpserunt
367 491 516 565 homines,
541 493 635 575 rigide
661 494 781 588 exigunt
800 515 916 554 suarum
936 495 1036 576 legum
1057 495 1239 559 ohservatio-
1293 514 1300 524 '

78 586 165 636 nem,
192 585 249 624 nec
268 566 414 626 sustinent
432 567 480 628 vel
499 569 648 630 minimum
670 592 783 650 apicem
803 570 850 630 vel
870 581 1057 652 contemptu,
1079 573 1129 634 vel
1154 573 1242 634 etiam
1258 585 1270 596 ”

77 641 265 724 negligentia
286 641 392 702 omitti.
431 643 528 706 Porro
549 647 682 721 mundus,
703 668 791 738 quum
812 648 839 706 le
863 647 936 707 itimi
954 648 1070 730 iinperii
1090 651 1128 710 sit
1146 649 1241 730 impa-

78 720 177 796 tiens,
203 718 384 798 maximeque
411 721 447 780 ad
473 721 572 803 iugum
597 723 719 784 Domini
745 667 897 784 serendus
925 737 1097 800 contumax,
1121 725 1241 805 laqueos

80 807 183 856 tamen
203 816 344 854 vanarum
363 797 556 858 traditionum
576 799 663 861 facile
684 823 717 860 ac
737 800 865 861 libenter
880 801 989 862 induit:
1009 802 1068 862 iino
1081 801 1242 863 talemser-

78 873 204 930 vitutem
225 871 364 932 videntur
383 873 467 933 multi
487 887 636 1012 appetere.
676 877 793 937 Interea
813 877 931 938 vitiatur
951 877 1045 938 cultus
1064 879 1134 953 Dei,
1160 879 1240 938 cuius

81 947 263 1027 principium
282 969 317 1007 ae
337 961 425 1029 caput
446 963 490 1012 est
510 971 528 1011 o
552 952 693 1013 edientia:
721 953 782 1018 eius
805 954 932 1035 iniperio
958 955 1125 1034 praefertur
1143 954 1240 1016 hoini-

79 1045 150 1082 nnm
178 1025 345 1084 auctoritas.
389 1027 511 1087 blorose
536 1027 670 1108 adeoque
695 1031 847 1091 tradnice
874 1030 992 1113 cogitur
1017 1030 1119 1114 vulgus
1144 1042 1241 1092 totum

80 1122 165 1160 suum
186 1099 314 1160 studium
334 1101 369 1164 ad
390 1123 481 1184 nugas
502 1105 660 1184 applicare.
698 1051 800 1167 Ilocet
819 1118 915 1167 autcni
936 1107 982 1167 bie
1002 1108 1084 1169 locus
1124 1107 1241 1185 nimum,

82 1198 185 1238 omnes
198 1175 322 1237 ficticios
335 1177 428 1238 cultus
443 1179 563 1240 minime
576 1182 644 1243 Deo
678 1181 784 1254 lacere,
804 1184 871 1263 quia
891 1183 923 1246 se
942 1205 1032 1244 uuum
1052 1206 1088 1244 au
1110 1186 1147 1245 iri
1165 1184 1240 1260 vult,

80 1263 114 1313 ut
132 1274 189 1314 nos
210 1254 246 1312 ad
266 1274 363 1313 veram
383 1255 524 1336 pietatem
543 1277 599 1318 suo
618 1203 741 1319 arbitrio
762 1259 872 1319 formet
891 1281 924 1320 ac
950 1261 1096 1321 instituat:
1122 1261 1242 1336 deiude,

83 1349 207 1410 operam
227 1329 347 1406 ludere,
375 1332 425 1411 qui
445 1333 531 1392 unica
551 1333 609 1393 Dei
629 1335 710 1416 Lege
731 1355 792 1394 non
812 1337 946 1396 contenti
967 1337 996 1396 in
1017 1339 1165 1398 servandis
1184 1338 1242 1398 ho-

82 1406 196 1466 minum
218 1405 424 1468 traditionibus
445 1429 476 1469 se
496 1409 640 1502 fatigant:
660 1411 760 1485 tertio,
780 1411 915 1472 iniuriam
925 1411 993 1474 Deo
1007 1413 1081 1486 fieri,
1102 1414 1243 1493 quumita

82 1483 114 1542 in
139 1481 266 1544 sublime
292 1484 459 1544 efferuntur
484 1485 636 1546 hominum
663 1500 844 1561 commenta,
870 1500 904 1548 ut
921 1489 1010 1571 Legis
1030 1490 1090 1550 eius
1109 1489 1243 1550 maiestas

79 1561 145 1620 fere
165 1559 319 1634 concidat,
345 1561 393 1620 vel
412 1561 513 1622 saltem
534 1563 642 1644 frigeat
660 1564 721 1624 eius
746 1565 920 1625 reverentia.
958 1565 1011 1626 Ab
1028 1566 1245 1646 Hierosolyma

80 1635 212 1697 Sei-idne.
255 1635 326 1710 Quo
354 1639 479 1698 consilio
504 1639 641 1700 venerint
660 1639 783 1700 Scrihae
803 1641 905 1702 isti.ad
925 1643 1038 1716 Iesum,
1062 1663 1124 1703 non
1146 1643 1242 1722 expri-

78 1715 188 1786 mitur,
212 1713 284 1772 mihi
303 1724 400 1774 tamen
427 1714 668 1795 p‘rohahile'est‚
694 1717 770 1776 sama
791 1717 852 1786 eius
872 1725 1037 1780 commotos
1060 1719 1173 1780 venisse
1197 1719 1242 1780 di-

81 1790 184 1851 scendi
197 1789 305 1862 studio,
325 1791 469 1870 siquidem
488 1793 565 1852 visus
586 1805 662 1853 esset
680 1792 804 1854 idoneus
824 1796 975 1876 magister:
993 1816 1162 1876 quiunquam
1177 1794 1242 1856 fieri

81 1878 199 1948 potest,
224 1876 258 1924 ut
283 1867 319 1926 ad
338 1867 547 1948 speculandum
567 1869 644 1930 missi
663 1871 731 1930 sint.
769 1871 931 1952 Utcunque
954 1893 1002 1933 res
1026 1872 1148 1946 haheat,
1174 1871 1241 1951 quia

80 1965 164 2002 suuni
176 1942 366 2022 supercilium
379 1943 547 2020 attulerant,
568 1946 653 2006 facile
674 1966 724 2006 eos
743 1947 864 2022 minima
885 1948 1014 2010 offensio
1030 1970 1093 2010 eras
1117 1961 1190 2024 erat,
1210 1960 1244 2008 ut

80 2019 234 2084 Christum
252 2020 409 2079 mordeant
427 2021 479 2082 vel
494 2024 643 2084 arrodant.
681 2023 770 2083 Unde
790 2024 930 2102 videmus,
978 2047 1043 2085 nam
1063 1970 1185 2086 dillicile
1204 2024 1242 2086 sit

80 2097 117 2156 ad
137 2117 239 2156 sanam
260 2095 422 2156 doctrinam
443 2097 534 2170 flecti,
554 2120 627 2177 quos
647 2099 768 2158 ambitio
790 2097 941 2180 libidoque
958 2049 1130 2163 dominandi
1142 2122 1245 2175 oscus

80 2185 148 2252 pat:
169 2173 345 2254 praesertim
366 2173 416 2252 qui
437 2173 611 2234 ceremoniis
632 2175 739 2234 addicti
760 2188 837 2251 sunt,
860 2177 913 2238 uhi
932 2179 1084 2238 diuturnus
1104 2199 1170 2238 usus
1191 2197 1241 2237 ac-

80 2244 178 2322 cessit,
199 2247 310 2308 nullam
330 2249 490 2310 novitatem
511 2251 678 2324 admittunt,
696 2252 747 2311 sed
767 2253 931 2331 praefracte
951 2255 1090 2314 damnant
1102 2254 1244 2343 quicquid

84 2339 127 2387 est
148 2325 310 2386 insolitum.
349 2325 489 2406 Denique
505 2327 567 2394 ‚hoe
588 2327 739 2387 hominum
758 2345 871 2408 genere
890 2330 966 2390 nihil
985 2328 1032 2390 vel
1044 2349 1135 2410 magis
1147 2329 1242 2409 impe-

81 2404 210 2478 riosuni,
237 2400 282 2460 vel
308 2403 453 2463 morosius
480 2401 552 2484 fingi
580 2415 687 2482 potest.
725 2403 824 2464 Ambo
845 2405 1051 2487 Evangelistae
1071 2404 1188 2464 Scribas
1208 2426 1243 2464 ae

83 2479 257 2539 Pharisaeos
269 2477 355 2540 fuisse
368 2490 614 2538 commemorant:
635 2479 800 2540 Matthaeus
811 2491 909 2540 tamen
923 2482 1022 2559 priore
1035 2479 1114 2555 loco,
1126 2481 1243 2540 Marcus

82 2568 181 2616 autem
201 2555 332 2615 secundo
354 2556 448 2634 ponit.
487 2555 585 2614 Porro
605 2555 684 2615 idem
703 2577 803 2616 sensus
825 2568 884 2629 est,
911 2557 977 2636 quia
1002 2555 1174 2638 intelligunt
1192 2575 1243 2617 ve-

81 2634 160 2693 nisse
202 2631 302 2690 uidem
322 2631 433 2691 scribas
453 2653 488 2691 eir
508 2630 571 2692 aliis
591 2632 692 2708 sectis,
712 2633 765 2692 sed
784 2631 957 2694 Pharisaeos
979 2632 1065 2692 fuisse
1086 2632 1245 2714 primores,

82 2709 169 2770 sicuti
182 2654 306 2768 bonore
323 2707 525 2788 praestabant,
551 2719 581 2767 et
599 2719 670 2768 tuac
685 2729 784 2802 penes
805 2707 1052 2791 eosguhernatin
1074 2711 1145 2768 erat.
1182 2709 1247 2770 Eos

85 2798 184 2846 autem
205 2785 304 2877 legum
325 2784 475 2868 neglectu,
496 2805 617 2863 quarum
638 2785 693 2865 ipsi
715 2795 799 2844 erant
818 2797 964 2862 auctores,
984 2785 1068 2844 citius
1088 2784 1175 2862 fuisse
1197 2784 1245 2845 of-

84 2863 185 2924 fensos
205 2883 311 2922 mirum
331 2883 394 2922 non
415 2872 472 2922 est:
494 2883 573 2936 nam,
592 2874 626 2920 ut
645 2861 716 2922 alibi
737 2862 867 2936 diximus,
887 2883 976 2941 quum
996 2881 1028 2921 se
1041 2860 1131 2942 Legis
1151 2861 1245 2920 inter-

85 2949 187 3020 pretes
208 2959 270 2998 esse
293 2938 444 3013 lactarent,
465 2949 495 2998 ct
515 2935 584 2998 inde
605 2959 716 2998 nomen
737 2937 794 3008 illis
815 2949 890 2998 esset
909 2938 948 2996 iiii
972 2939 1089 3015 ositum,
1108 2939 1166 2998 suis
1186 2937 1244 3022 hg-

83 3016 192 3076 mentis
213 3026 408 3094 corruperant
426 3014 510 3074 verhi
529 3012 589 3074 Dei
608 3016 775 3095 puritatem.
813 3015 916 3095 Itaque
928 2959 969 3074 ad
987 3035 1089 3074 eorum
1111 3015 1242 3088 officina,

85 3092 226 3174 quicquid
242 3103 312 3150 tunc
329 3089 518 3152 traditionum
536 3102 601 3152 erat
618 3091 695 3171 apud
706 3091 842 3166 Iudaeos,
854 3090 1019 3170 prodierat:
1039 3091 1119 3152 unde
1135 3089 1244 3152 factlim

86 3177 139 3244 est',
160 3180 195 3228 ut
214 3187 245 3228 se
266 3168 358 3248 magis
378 3167 526 3227 animosos
546 3179 576 3228 et
595 3167 719 3227 acerbos
740 3187 839 3226 earum
860 3165 970 3228 zetous
991 3169 1192 3231 ostenderent.

161 3251 191 3308 2.
247 3244 346 3326 (lanne
375 3239 510 3320 discqiuls'
537 3247 580 3304 tui
610 3243 870 3320 trmugndi'untur.
910 3243 1010 3318 Quum
1043 3246 1080 3305 de
1111 3243 1244 3307 burnonis

85 3321 296 3383 traditionibus
317 3321 422 3402 agitur,
442 3321 478 3380 ad
491 3320 571 3402 leges
588 3320 724 3402 politicas
742 3320 861 3380 minime
877 3321 1007 3400 pertinet
1019 3321 1091 3382 haec
1103 3314 1246 3456 quaestio,
1304 3387 1307 3400 ι

86 3419 211 3479 quarum
237 3420 303 3458 usus
329 3409 360 3457 et
379 3394 443 3456 finis
464 3395 522 3456 alio
544 3397 640 3457 tendit
659 3417 745 3478 quain
766 3407 800 3456 ut
820 3397 1020 3477 praecipiant,
1047 3419 1104 3476 qua
1117 3408 1173 3456 iter
1192 3415 1245 3455 co-

85 3477 191 3535 lendus
210 3476 248 3534 sit
266 3476 360 3534 Deus:
379 3471 587 3550 sedquoniam
605 3473 684 3534 inter
703 3495 734 3534 se
752 3473 897 3534 differunt
908 3473 1051 3533 humanae
1063 3473 1248 3550 traditiones,

85 3552 254 3614 adhibenda
264 3561 308 3610 est
320 3549 417 3630 aliqua
429 3547 588 3609 distinctio.
628 3551 820 3626 Quamndam
834 3551 912 3610 enim
924 3549 1077 3610 manifesta
1088 3546 1245 3624 estimpie-

84 3641 141 3703 tas,
183 3625 229 3687 uia
250 3645 402 3706 perversos
423 3625 516 3686 cultus
537 3637 567 3686 et
586 3627 783 3687 exsdiametro
804 3648 869 3686 cuni
888 3625 982 3686 verbo
1002 3625 1062 3684 Dei
1081 3632 1246 3710 pugnantes

87 3649 254 3764 instidrunt.
293 3701 394 3776 Aliae,
415 3723 504 3782 quum
524 3703 656 3782 profanis
675 3703 724 3764 ine
747 3703 794 3761 tiis
813 3701 965 3762 involvant
982 3700 1041 3760 Dei
1063 3697 1182 3785 cottum,
1200 3718 1246 3755 vi*

85 3781 165 3840 siant
175 3779 235 3839 eius
248 3779 413 3860 puritatem.
452 3778 547 3854 Aliae,
568 3800 641 3859 quae
654 3778 719 3859 plus
726 3724 846 3839 phabent
856 3777 976 3850 eoloris,
996 3797 1051 3836 nee
1062 3773 1133 3835 vitio
1146 3771 1246 3851 aliquo

85 3854 214 3916 notabili
235 3855 362 3916 infectae
381 3865 459 3929 sunt,
478 3855 536 3916 hoc
556 3867 654 3916 tamen
669 3855 790 3916 nomine
809 3855 992 3927 damnantur,
1013 3849 1094 3931 qnod
1113 3867 1248 3939 necessa-

86 3933 150 3992 riae
171 3952 234 3992 esse
253 3933 404 4014 linguntur
422 3932 459 3992 ad
477 3931 537 3990 Dei
557 3933 680 3992 cultum:
701 3943 790 4012 atque
810 3930 850 3990 ita
867 3928 1027 3990 disceditur
1046 3945 1144 3988 avera
1162 3944 1249 3984 nnius
1304 3970 1306 3981 .

86 4009 147 4070 Dei
168 4008 356 4082 ohedientia,
381 4019 412 4068 et
431 4008 619 4069 conscientiis
638 4007 769 4068 inficitur
787 4007 918 4086 laqueus.
956 4003 1005 4064 De
1026 4006 1080 4062 hae
1099 4011 1249 4082 postrema

87 4085 189 4166 specie
210 4085 267 4145 hoe
287 4084 355 4145 loca
375 4084 495 4144 tractari
514 4073 703 4144 certum'est:
724 4105 792 4144 nani
806 4101 944 4144 manuum
954 4080 1050 4169 lotio,
1060 4099 1147 4170 quapi
1158 4097 1248 4213 urge-

87 4161 163 4222 hant
182 4160 342 4234 Pharisaei,
364 4179 468 4240 perse
488 4180 550 4219 non
593 4172 690 4222 oterat
709 4161 792 4242 argui
806 4177 913 4239 pravae
925 4166 1158 4247 superstitionis:
1178 4172 1249 4244 aias

87 4259 153 4299 noia
175 4257 275 4318 passus
295 4237 397 4298 fuisset
417 4235 550 4296 Christus
570 4182 685 4326 bydrias
705 4236 736 4295 in
756 4233 865 4314 nuptiis
885 4243 983 4308 statui,
1003 4231 1058 4292 nisi
1071 4231 1165 4292 libera
1177 4231 1249 4290 fuis-

87 4326 135 4374 set
155 4313 340 4386 ceremonia,
365 4313 416 4374 sed
441 4313 472 4372 in
491 4311 548 4372 boc
574 4324 661 4372 situm
688 4321 751 4372 erat
769 4309 889 4384 vitium,
916 4310 996 4399 quod
1016 4305 1251 4398 nonputabant,

88 4391 177 4452 aliter
196 4390 292 4449 Deum
302 4389 373 4451 ..rite
394 4388 462 4452 coli.
501 4387 593 4449 Initio
614 4387 685 4472 citus
706 4386 822 4452 lavandi
842 4405 904 4448 non
925 4405 990 4448 sine
1009 4402 1146 4465 specioso
1165 4401 1251 4463 prae·

100 4483 108 4510 t
993 4463 1050 4526 fi*
