2766 4840
109 229 113 244 “
178 235 236 298 stt
405 220 519 287 SECT.
539 223 619 284 XIX.
661 235 793 283 cumsrr
812 235 929 282 rsssrn
950 235 993 283 cr
1012 237 1113 286 nona.

180 394 241 456 ret,
261 381 336 440 adeo
356 379 388 438 in
407 377 541 440 co'mlbil
561 387 605 437 est
624 375 796 448 absurdum,
815 386 849 444 ut
868 374 953 434 aliter
971 375 1071 436 salutis
1090 384 1213 436 nostrae
1231 387 1341 455 myste·
1378 439 1379 450 ,

180 460 256 518 rium
279 455 395 549 impleri
420 455 594 534 neqniverit.
637 453 729 514 Recte
755 452 835 512 euim
856 451 995 532 cyrillus.
1034 451 1129 526 Qnod
1152 449 1255 512 butem
1282 475 1341 512 non

148 550 155 569 “
181 537 345 596 voluntana
365 531 582 612 quodammodo
603 529 693 590 luerit
712 529 806 589 crucis
825 527 922 608 passio
944 525 1083 602 Christo,
1100 527 1272 592 voluntaria
1290 550 1340 588 an·
1378 573 1379 582 ι

180 623 240 671 tem
260 620 385 692 propter
402 608 583 670 voluntatem
596 605 701 681 Patris,
721 618 750 666 ct
766 616 895 696 propter
913 605 1036 665 salutem
1055 616 1202 678 nostram,
1223 625 1257 664 er
1274 619 1340 685 pro-

181 689 299 748 catione
319 686 382 746 cius
400 685 487 746 facile
507 684 609 757 disces,
627 682 733 757 Pater,
751 703 775 741 ιι
794 681 860 741 fieri
901 692 996 753 otest,
1013 693 1146 742 nauseat
1164 703 1183 741 a
1202 701 1251 742 me
1271 682 1342 742 calix

182 766 246 824 iste.
284 763 396 828 Eadem
416 762 493 823 enim
514 761 645 835 ratione,
671 780 726 838 qua
745 759 867 821 verbnm
919 759 948 818 ei
964 757 1047 818 Deus
1067 771 1127 832 est,
1155 759 1270 838 etipsa
1286 780 1339 816 na-

175 839 315 900 ‘turaliter
333 840 404 912 vita,
424 859 511 899 nemo
532 835 676 928 ambiget,
695 836 775 916 quod
795 833 879 896 nullo
898 835 989 894 modo
1007 848 1135 895 mortem
1157 835 1341 894 formidarit:

183 937 251 976 caro
271 926 366 975 autem
386 915 479 975 factus
498 913 641 1006 permittit
660 909 740 971 carni
764 921 797 970 ut
819 933 871 972 sna
894 910 1037 1004 patiqtur,
1063 923 1094 970 et
1117 911 1189 971 ideo
1216 923 1251 969 ut
1274 931 1341 970 rere

184 993 272 1052 homo
293 1001 477 1072 praesentem
497 1011 553 1050 ram
574 991 604 1050 in
623 989 716 1049 ianuis
735 999 862 1048 mortem
881 989 1055 1068 expavescit,
1074 988 1206 1060 aedicit,
1224 988 1260 1046 Si
1328 1025 1340 1036 -

183 1067 269 1127 sibile
294 1078 354 1143 est,
377 1069 481 1142 Pater,
504 1076 633 1126 transeat
657 1086 674 1124 a
698 1085 746 1124 me
770 1062 844 1125 calix
869 1064 940 1138 iste,
963 1084 1066 1125 verum
1112 1065 1231 1124 uoniam
1257 1065 1343 1122 aiter

185 1143 248 1205 heri
269 1165 332 1204 nou
351 1154 464 1223 potest,
489 1143 540 1202 liat
558 1162 619 1203 non
638 1151 672 1200 ut
691 1162 749 1224 ego
769 1141 855 1213 volo,
878 1139 930 1200 sed
949 1153 983 1200 nt
1001 1153 1042 1199 tn.
1081 1085 1173 1199 llides
1198 1141 1342 1220 quemad-
1378 1151 1379 1158 ’

182 1221 303 1280 modum
326 1231 429 1281 natura
455 1218 685 1280 humanaetiam
705 1217 822 1298 inipso
843 1216 961 1277 Christo
981 1237 1032 1276 sua
1052 1217 1214 1296 patiturne
1234 1215 1342 1276 lomi-

184 1297 249 1388 dat²
267 1297 318 1358 scd
337 1317 354 1356 a
374 1297 533 1356 coniuncto
552 1294 608 1356 sibi
627 1295 731 1355 Verbo
750 1293 788 1354 ad
807 1313 968 1374 congruam
987 1293 1046 1353 Dei
1065 1293 1273 1353 fortitudinem
1295 1313 1343 1352 re-

184 1375 308 1433 ducitur.
346 1369 480 1434 Tandem
506 1369 668 1432 concludit:
694 1370 836 1452 perspicis
860 1390 922 1429 non
948 1367 1037 1429 luisse
1061 1382 1189 1450 propter
1212 1389 1344 1443 carnem,

184 1449 376 1510 voluntariam
401 1455 529 1508 mortem
550 1447 684 1522 Christo,
709 1448 765 1507 luit
789 1457 888 1507 tamen
912 1446 1094 1521 voluntaria,
1125 1445 1342 1527 quiapropter

183 1546 264 1602 cam,
287 1524 446 1587 secundum
469 1524 651 1584 voluntatem
671 1523 781 1599 Patris,
802 1524 878 1584 salus
903 1533 934 1583 et
956 1523 1017 1582 vita
1043 1523 1214 1582 bominibus
1234 1524 1342 1583 donata

109 1605 112 1616 '
179 1607 237 1662 cst.
274 1599 772 1692 HucusqueCrillns.1Scparari
797 1610 935 1660 tamena
960 1611 1061 1660 nostra
1086 1598 1196 1674 debet,
1246 1619 1341 1659 uae:
1378 1653 1379 1664 ,

122 1681 127 1689 ’
184 1677 305 1738 Christo
324 1689 458 1757 suscepta
478 1623 535 1737 dri:
554 1676 648 1738 carnis
673 1677 837 1737 rolinnitas:
863 1674 947 1736 sicuti
967 1673 1059 1758 longe
1079 1675 1176 1736 distat
1245 1697 1291 1734 am
1310 1677 1339 1733 in
1378 1679 1379 1705 ¹

184 1751 271 1814 nobis
290 1755 359 1814 ideo
378 1753 475 1814 nullus
493 1753 566 1812 vitio
586 1752 710 1812 allectam
729 1765 819 1827 caret,
840 1752 906 1832 qnia
926 1769 1027 1812 omnes
1046 1753 1170 1812 modum
1185 1765 1340 1812 acrectnm
1378 1743 1379 1769 ¹

183 1842 449 1910 temperamentum
470 1828 630 1889 excedunt:
661 1827 794 1889 Christus
813 1842 909 1889 antem
928 1829 1044 1889 tristitia
1066 1840 1097 1888 et
1116 1840 1201 1891 metu
1219 1829 1263 1889 sic
1281 1841 1341 1886 tnr-
1378 1873 1379 1878 ι

184 1906 268 1965 batus
291 1905 363 1978 luit,
386 1917 419 1962 nt
443 1915 541 1963 tamen
566 1905 702 1965 adversus
721 1903 817 1966 Deurn
844 1926 906 1965 non
925 1905 1105 1988 insurgeret:
1125 1905 1187 1965 sed
1211 1915 1340 1964 maneret
1378 1929 1379 1940 ι

183 1981 364 2062 compositus
383 1979 421 2039 ad
439 2000 538 2041 veram
557 1980 769 2060 temperantiae
788 1981 928 2074 regulam.
965 1981 1029 2042 Nec
1054 1981 1133 2042 enim
1160 1983 1266 2041 minum
1290 1993 1341 2050 est,

205 2079 274 2116 uum
293 2056 355 2115 inte
377 2076 411 2115 er
430 2067 516 2130 esset,
534 2076 623 2135 purus
664 2060 682 2116 ‘c
701 2056 737 2116 ab
760 2077 841 2118 omm
862 2057 938 2131 labe,
956 2078 1046 2138 puros
1062 2069 1094 2118 et
1110 2057 1239 2137 liquidos
1250 2057 1287 2116 ab
1299 2078 1339 2116 eo
1378 2051 1379 2108 l

183 2078 298 2196 duxisse
321 2153 337 2193 a
364 2143 460 2207 ectus,
484 2132 613 2212 quamvis
654 2155 776 2194 umanae
794 2134 966 2195 infirmitatis
985 2145 1073 2206 testes
1095 2133 1211 2194 forent:
1233 2156 1249 2194 a
1269 2155 1339 2192 cor-

182 2221 270 2291 ntpta
288 2221 385 2270 autem
405 2208 556 2270 hominum
576 2219 678 2269 natura
698 2209 771 2270 nihil
791 2231 909 2270 manare
933 2210 993 2280 uisi,
1013 2210 1185 2286 turbidum,
1207 2223 1238 2270 et
1260 2212 1338 2290 qnod
1378 2253 1379 2304 q

183 2286 297 2346 faecem
317 2284 444 2367 resipiat.
482 2283 634 2346 Tenentur
653 2307 727 2368 ergo
747 2287 805 2346 hoc
824 2287 988 2363 discrimen,
1008 2287 1163 2346 Christum
1177 2287 1207 2352 in
1221 2297 1338 2347 metuet
1378 2307 1379 2310 ¹

184 2363 299 2423 tristitia
317 2363 465 2421 infirmum
482 2362 570 2422 luisse
590 2362 700 2442 absque
720 2362 778 2422 nlla
798 2363 862 2424 vitii
881 2363 1007 2424 macula:
1026 2376 1147 2423 nostros
1164 2375 1262 2423 antem
1278 2385 1337 2422 om-

185 2459 236 2498 nes
256 2439 390 2514 allectus,
410 2439 477 2518 quia
497 2438 528 2498 iu
548 2459 694 2498 excessum
715 2438 870 2512 ebulliunt,
890 2461 952 2500 esse
967 2439 1099 2500 vitiosos.
1140 2441 1206 2500 Iam
1220 2442 1284 2522 ipsa
1299 2439 1339 2499 al-

83 2538 86 2547 ’
185 2514 315 2575 lectnum
339 2515 468 2596 species,
492 2513 597 2596 quibus
616 2525 744 2576 tentatus
765 2515 820 2575 snit
840 2515 990 2588 Christus,
1017 2517 1149 2576 notanda
1168 2529 1225 2576 est.
1265 2517 1340 2576 Dicit
1378 2581 1379 2588 ἵ

184 2591 349 2652 lllattbaeus
368 2593 484 2651 nemea
502 2605 529 2650 et
545 2587 675 2652 mochoes
692 2591 759 2728 §vel
779 2591 945 2670 anxietate)
955 2594 1058 2674 fuisse
1075 2593 1233 2677 affectem,
1254 2593 1341 2653 Lucas
1378 2603 1379 2626 ¹

182 2689 293 2744 angore
309 2671 509 2728 cmtstrictum:
533 2667 649 2728 Marcus
674 2689 689 2728 a
712 2667 786 2728 didit
808 2672 968 2745 monisse.
1007 2669 1097 2729 llnde
1121 2682 1224 2729 autem
1250 2671 1293 2730 illi
1314 2681 1342 2728 et
1378 2687 1379 2734 l

183 2765 319 2821 moeror,
345 2755 376 2805 et
395 2744 538 2820 anxietas,
558 2755 588 2804 et
607 2743 752 2819 lbrmido,
770 2745 828 2804 nisi
848 2745 914 2825 qnia
934 2745 966 2804 in
986 2755 1082 2805 morte
1101 2747 1218 2806 tristius
1238 2745 1343 2827 aliquid
1378 2763 1379 2786 ι

184 2831 214 2880 et
233 2819 324 2902 magis
344 2819 487 2882 horribile
507 2820 646 2902 concepit
665 2841 751 2901 quam
771 2821 988 2901 separationem
1008 2821 1122 2882 animae
1140 2835 1175 2882 et
1191 2823 1344 2903 corporis?

182 2897 222 2955 Et
242 2909 323 2956 certe
342 2907 466 2956 mortem
487 2895 577 2955 subiit
596 2917 656 2956 non
677 2907 800 2972 tantum,
819 2909 852 2956 ut
872 2909 985 2958 eterra
1005 2898 1036 2957 in
1056 2899 1178 2958 coelum
1194 2901 1343 2991 migraret,
1378 2919 1379 2972 3

182 2972 234 3032 scd
258 2973 358 3052 potius
382 2983 416 3032 ut
439 2971 693 3046 maledictionem,
717 2974 763 3032 cni
782 2994 896 3034 eramus
916 2974 1053 3044 obnoxii,
1076 2975 1163 3035 inse
1183 2977 1342 3056 suscipiens

184 3069 237 3108 nos
264 3047 301 3107 ab
326 3067 361 3108 ea
382 3048 529 3108 eximeret.
567 3049 636 3109 Non
656 3069 730 3131 ergo
750 3061 875 3109 mortem
896 3051 1009 3109 horruit
1028 3051 1224 3130 simpliciter,
1244 3065 1341 3132 quate·

183 3143 237 3184 nus
261 3125 398 3184 transitus
422 3136 467 3186 est
491 3144 508 3183 e
532 3124 661 3199 mundo,
685 3126 736 3185 sed
762 3126 830 3206 quia
855 3125 1041 3186 formidabile
1061 3127 1121 3187 Dei
1146 3129 1285 3188 tribunal
1304 3127 1341 3186 illi

184 3211 325 3260 cratante
334 3199 448 3275 oculos,
467 3200 553 3261 iudex
573 3202 634 3280 ipsc
654 3202 947 3338 incomprehensibili
965 3203 1094 3263 vindicta
1107 3217 1257 3264 armatus:
1280 3227 1343 3284 pec-

183 3287 246 3367 catp
267 3296 338 3336 vcro
359 3288 470 3351 nostra,
489 3297 613 3357 quorum
634 3298 709 3337 onus
728 3279 749 3338 il
791 3291 854 3338 crat
872 3279 1051 3358 impositum,
1069 3300 1122 3340 sua
1133 3281 1257 3372 ingenti
1271 3283 1345 3340 molc
1378 3323 1379 3332 ι

183 3373 249 3411 cum
281 3353 464 3433 premebant.
507 3353 611 3429 ‚Quare
642 3353 715 3414 nibil
744 3356 864 3432 mirum,
893 3356 917 3416 si
941 3355 1091 3416 horribilis
1118 3358 1201 3417 exitui
1228 3359 1352 3439 abyssus

183 3442 264 3490 metu
285 3440 315 3490 ct
333 3430 477 3490 anxietate
498 3429 611 3490 duriter
628 3451 694 3492 curn
715 3433 862 3492 cruciavit.

257 3508 305 3572 38.
346 3507 455 3567 Tristis
473 3521 514 3566 est
530 3509 630 3566 animo
647 3529 719 3568 meo.
763 3507 914 3568 Tristitiae
938 3528 1006 3568 suae
1030 3509 1171 3570 conscios
1195 3509 1283 3584 facit,
1316 3522 1350 3569 nt
1378 3515 1379 3518 ’

171 3585 218 3666 ad
230 3604 291 3663 sym
314 3583 423 3649 atbiam
441 3583 669 3674 expergefaciat:
690 3603 753 3644 non
773 3585 939 3664 quodcum
960 3583 1065 3644 lateret
1082 3585 1216 3664 ipsorum
1236 3587 1349 3646 debili·
1378 3587 1379 3630 ἶ

182 3672 236 3734 tas,
256 3605 312 3720 sed
327 3678 388 3740 quo
406 3679 499 3742 magis
519 3659 548 3718 in
569 3671 717 3740 posterum
739 3679 790 3720 eos
810 3660 962 3721 socordiae
980 3681 1049 3720 suae
1069 3664 1204 3740 puderet
1246 3661 1350 3723 Porro
1378 3661 1379 3668 ’

182 3737 254 3797 baec
274 3735 411 3815 loquutio
429 3734 517 3795 letale
536 3735 648 3794 doloris
666 3736 771 3796 vulnus
791 3737 938 3832 exprimit:
958 3737 1016 3796 acsi
1029 3737 1160 3813 dixisset,
1178 3739 1302 3798 tristitia
1320 3763 1352 3800 se
1378 3719 1379 3776 l

182 3812 345 3874 exanimem
370 3830 450 3887 csse,
478 3811 525 3870 vel
549 3812 778 3873 semimortuum.
825 3813 876 3872 bic
900 3813 989 3872 Ionas
1012 3813 1150 3873 Domino
1184 3819 1349 3897 respondet

181 3894 261 3968 (cap.
282 3897 317 3964 4,
337 3891 394 3962 1.),
418 3888 512 3948 Iratus
535 3897 598 3946 sthn
625 3909 716 3968 usque
741 3889 776 3949 ad
802 3900 936 3950 mortem.
976 3889 1068 3962 Quod
1094 3891 1167 3950 ideo
1189 3895 1349 3956 admoneo.
1378 3947 1379 3978 ,

182 3965 249 4045 quia
272 3986 306 4025 cx
332 3965 451 4026 vetustis
476 3963 668 4043 scriptoribus
715 3967 810 4025 uidam
836 3965 913 4025 hunc
939 3964 1035 4025 locum
1061 3978 1171 4047 argute
1193 3971 1350 4030 tractando
1378 3987 1379 4028 l

181 4042 283 4120 inepte
304 4041 562 4122 philosophantur,
581 4042 660 4119 qnod
673 3987 782 4103 Christi
803 4042 897 4102 anima
917 4062 978 4100 non
999 4042 1028 4099 in
1048 4055 1162 4116 morte,
1184 4049 1239 4106 sed
1260 4069 1350 4127 usquc
1378 4049 1379 4080 l

181 4117 218 4175 ad
242 4130 369 4186 mortem
393 4129 507 4177 tantum
533 4117 622 4178 tristis
651 4117 748 4180 luerit
787 4121 885 4198 Atque
912 4118 960 4179 hic
985 4139 1083 4178 rursus
1104 4123 1185 4180 tanti
1205 4125 1350 4184 moerori<
1378 4121 1379 4166 3

182 4211 268 4251 causa
287 4194 317 4250 in
337 4206 467 4271 mentem
485 4193 587 4252 venire
608 4193 695 4254 nobis
715 4193 819 4254 debet:
847 4195 1041 4274 nequeenim
1062 4196 1350 4260 sicanimanilii
1378 4205 1379 4218 ¹

180 4264 240 4323 Dei
259 4287 338 4398 prore
359 4289 463 4348 perse
483 4269 656 4347 cruciasset,
676 4271 732 4331 nisi
753 4291 816 4330 cnm
838 4271 896 4330 Dci
916 4270 1024 4349 iudicio
1045 4272 1192 4334 sensisset
1210 4277 1270 4336 sibi
1289 4297 1349 4335 esse
1378 4283 1379 4318 l

181 4360 260 4424 nego
276 4363 342 4400 rum.
