2814 4846
172 291 363 370 (ibi-idi·
390 288 615 352 Pharisaeorum
638 291 791 354 calumnia.
831 291 943 358 Christi
960 296 1145 380 responsio.)
1182 303 1262 385 291⁸

175 445 282 514 LUC.
302 443 358 512 xta
377 445 426 512 16.
461 446 527 513 Alii
548 457 652 515 autem
675 459 838 516 tentantes
862 474 934 518 eum
954 455 1078 539 signum
1100 475 1119 522 e
1141 451 1238 527 coeto

84 543 252 634 petebant
276 544 318 612 ab
347 571 397 614 eo.
443 551 494 615 17.
524 549 598 636 lpse
625 562 747 630 autem,
779 575 877 641 quum
905 558 1002 621 sciret
1023 557 1237 640 cogitationes

84 647 240 726 illorum,
271 647 434 730 diritate,
462 649 570 716 Omne
592 673 726 738 regnum
750 651 905 720 adversus
925 677 961 721 se
983 655 1118 722 divisum
1141 656 1237 726 desn-

83 749 194 828 latur,
226 759 260 815 et
288 749 403 818 domus
429 773 528 838 super
554 750 684 818 domum
712 753 807 821 eadit.
868 757 919 822 18.
950 756 1080 843 Quodsi
1102 756 1235 825 Satanas
1332 823 1335 830 .

84 873 225 940 quoque
250 851 404 918 adversus
425 873 461 918 se
475 857 577 940 ipsum
590 851 717 920 divisus
730 866 788 934 eet,
809 853 976 944 quomodo
992 855 1089 923 stabit
1101 879 1234 944 regnum

84 956 181 1019 eius?
214 956 293 1040 quie
321 953 426 1020 dicitis
453 975 512 1041 per
533 953 723 1022 Beelzebub
744 977 796 1022 me
818 957 937 1025 elidere
959 956 1142 1029 daemonia.
1184 963 1235 1029 te.

84 1053 223 1140 Quodsi
248 1075 313 1139 ego
341 1075 401 1140 per
420 1053 613 1121 Beelzebub
636 1059 732 1124 elicio
754 1057 943 1138 daemonia,
974 1059 1035 1126 filii
1054 1067 1152 1128 vestri
1174 1083 1235 1150 per
1258 1070 1262 1082 '

84 1177 185 1242 quem
221 1157 373 1220 eiiciunt?
415 1155 493 1222 ideo
521 1151 583 1242 ipii
612 1157 736 1223 iudices
763 1163 860 1223 vestri
890 1173 991 1226 erunt.
1045 1165 1096 1228 2⁰.
1128 1165 1232 1231 Porro

82 1258 112 1320 si
148 1255 253 1339 digito
283 1255 347 1320 Dei
382 1258 478 1322 elicio
511 1253 699 1337 daemonia,
740 1260 889 1344 prolecto
922 1267 1070 1347 pervenit
1104 1264 1146 1332 ad
1173 1287 1232 1333 ves

81 1375 223 1442 regnum
245 1354 321 1420 Dei.
357 1357 407 1420 2l.
431 1356 540 1442 Quum
563 1357 655 1424 lestis
675 1369 814 1425 armatus
834 1363 974 1428 custodit
995 1367 1108 1430 atrium
1130 1388 1233 1448 suun,

83 1459 122 1522 in
150 1477 235 1541 pace
264 1465 338 1522 sunt
359 1478 443 1544 quae
465 1457 623 1546 possidet:
663 1461 713 1526 22.
735 1459 801 1548 Ubi
822 1483 903 1526 vero
922 1462 1038 1530 lortior
1059 1485 1100 1531 eo
1121 1484 1234 1553 super-

82 1559 225 1622 veniens
251 1561 367 1622 vicerit
393 1579 481 1637 eum,
516 1564 664 1626 universa
696 1563 879 1633 eius,arma
902 1564 1020 1642 aufert,
1056 1564 1231 1652 inquibus

82 1657 290 1736 confidebat,
323 1669 355 1724 et
385 1659 492 1745 spolia
521 1661 591 1726 eius
619 1660 791 1728 distribuit.
832 1663 884 1731 23.
916 1663 984 1750 Qui
1007 1688 1074 1732 non
1098 1676 1147 1732 est
1165 1688 1232 1734 me-

83 1781 173 1842 eum,
205 1769 318 1826 contra
346 1781 397 1824 me
423 1770 484 1826 est:
521 1768 553 1826 et
579 1763 635 1848 qui
661 1747 729 1829 non
752 1761 874 1850 colligit
895 1785 1034 1845 mecum,
1064 1765 1229 1856 dispergit.

83 1861 154 1925 Xll.
199 1861 252 1927 ld.
283 1861 325 1926 Et
359 1863 502 1948 quisquis
535 1857 680 1948 loquitur
714 1861 834 1932 dictum
868 1867 904 1930 in
936 1863 1055 1932 Filium
1082 1867 1229 1946 bominis,

82 1963 267 2026 remittetur
294 1965 324 2026 ei
333 1989 344 2047 :¹
365 1960 431 2048 'qui
452 1983 532 2028 vern
553 1967 587 2028 in
609 1963 763 2050 Spiritum
784 1977 926 2032 sanctum
947 1965 1229 2054 blasphemaverit,

81 2083 152 2129 nnn
171 2067 355 2128 remittetur
375 2065 416 2128 ei.

163 2193 271 2254 Matth.
290 2199 338 2259 25.
367 2191 452 2255 Iesus
469 2207 564 2256 mum
578 2198 1090 2275 qmsctmeogtsmtomtttmm.
1122 2203 1227 2278 Quan-

85 2291 173 2350 quam
193 2271 263 2331 satis
282 2269 396 2332 sciebat
415 2269 566 2347 Christus,
591 2284 621 2332 et
641 2294 730 2353 saepe
751 2285 885 2353 expertus
905 2275 1017 2350 suerat,
1041 2278 1151 2339 scribas
1170 2298 1228 2358 pro

84 2369 135 2408 sua
156 2346 383 2423 malevolentia,
403 2348 543 2430 quicquid
563 2359 681 2430 ageret,
700 2351 731 2410 in
752 2350 898 2410 sinistram
917 2363 1032 2430 partem
1051 2373 1157 2434 rapere
1176 2375 1228 2418 so-

83 2423 170 2498 litos,
209 2445 273 2486 nnn
303 2437 402 2486 tamen
428 2425 548 2500 dubito,
587 2425 657 2504 quin
682 2425 847 2486 blattbaeus
874 2439 904 2487 et
927 2428 1021 2488 Lucas
1047 2429 1227 2520 significent,

85 2499 239 2562 Christum
265 2500 353 2561 luisse
378 2501 510 2582 cordium
537 2502 734 2583 cognitorem.
776 2503 822 2562 Ac
846 2501 1005 2582 probabile
1031 2505 1227 2583 quidemst,

83 2578 269 2658 obloqnutos
288 2579 383 2658 palam
405 2577 491 2638 luisse
504 2575 634 2652 Christo,
654 2589 686 2637 ut
706 2577 742 2638 ad
763 2597 829 2639 eum
849 2579 1040 2658 pervenerint
1051 2580 1226 2656 calumniae,
1293 2598 1302 2626 s

83 2656 135 2715 sed
155 2655 258 2714 divino
278 2675 333 2714 suo
352 2655 374 2714 S
398 2655 465 2714 iritn
486 2655 631 2735 cognovit
651 2654 800 2728 Christus,
825 2676 885 2734 quo
906 2654 1005 2715 animo
1025 2655 1225 2718 detraherent.

84 2731 183 2812 Saepe
204 2730 285 2791 enim
305 2677 425 2806 accidit,
459 2742 492 2790 ut
511 2743 703 2811 praepostere
724 2730 855 2790 iudicent
873 2714 1025 2806 llomines,
1055 2731 1105 2811 qui
1124 2743 1225 2796 umen

84 2811 150 2869 data
172 2828 266 2888 opera
286 2828 348 2866 non
368 2809 543 2890 impugnant
563 2809 642 2887 quod
662 2819 774 2888 rectum
796 2819 854 2882 est,
872 2809 924 2868 sed
944 2827 999 2888 per
1017 2807 1160 2869 inscitiam
1182 2809 1225 2870 la-

83 2885 208 2946 buntur:
242 2883 289 2945 vel
310 2885 457 2945 oecultum
477 2895 508 2944 et
526 2885 712 2946 reconditum
731 2885 807 2945 virus
826 2893 888 2944 nttn
910 2884 1028 2961 invent,
1058 2886 1109 2946 sed
1128 2898 1224 2948 teme-

82 2963 171 3022 ritate
191 2962 330 3023 ieruntur
369 2961 532 3042 raecipites.
570 2961 680 3022 Sensus
701 2983 774 3044 ergo
795 2973 849 3035 est,
867 2961 936 3021 ideo
954 2962 1156 3024 vehementius
1176 2965 1224 3026 in-

82 3051 199 3101 vectum
226 3059 289 3098 esse
315 2983 465 3098 Christum
489 3049 594 3098 contra
618 3059 686 3113 eos,
716 3038 784 3119 quia
811 3049 974 3118 conceptae
998 3036 1076 3100 intus
1095 3039 1236 3102 malitiae

81 3117 166 3176 testis
191 3135 226 3176 ac
248 3115 335 3175 iudex
359 3124 431 3174 erat.
493 3113 732 3191 (iurue‘rsgsuses.
792 3114 977 3177 calumniam
996 3115 1052 3175 sibi
1073 3117 1222 3180 obiectant

81 3193 212 3273 primum
231 3193 341 3252 refutat
360 3189 539 3272 proverbiali
557 3193 719 3252 sententis:
751 3192 868 3253 videtur
886 3203 985 3253 nmen
1005 3212 1108 3272 parum
1128 3194 1222 3256 solida

82 3287 145 3330 esse
171 3267 323 3329 refutatio.
367 3267 482 3329 Scimus
507 3269 601 3342 enim,
631 3268 738 3348 quibus
764 3269 911 3330 interdum
936 3269 1100 3352 praestigiis
1118 3271 1223 3332 illudat

82 3347 176 3406 Satan
196 3346 325 3426 speeiem
346 3345 456 3406 dissidii
475 3355 642 3416 ostentans,
671 3356 705 3404 ut
723 3343 980 3426 superstitionibus
1000 3345 1146 3426 illaqueet
1164 3347 1222 3408 ho·
1274 3347 1277 3354 '

82 3423 195 3482 minum
219 3434 343 3483 mentes.
387 3423 432 3482 Ita
457 3421 608 3482 exorcismi
633 3421 665 3480 in
689 3421 802 3502 Papatu
825 3421 899 3482 nibil
919 3421 998 3483 aliud
1017 3434 1104 3499 sunt,
1133 3445 1221 3503 quam

82 3499 255 3560 umbratiles
279 3512 310 3559 et
333 3497 432 3560 ficticii
459 3499 584 3558 Satanae
610 3509 713 3558 eontra
737 3498 884 3579 seipsum
905 3499 1068 3578 conflictus.
1108 3499 1221 3560 Verum

81 3575 165 3636 nulla
189 3577 221 3636 in
247 3576 397 3638 Christum
418 3574 525 3636 cecidit
543 3575 608 3634 talis
627 3574 773 3655 suspicio,
804 3576 871 3655 quia
891 3574 932 3634 sic
953 3574 1112 3636 daemones
1133 3575 1222 3636 eiecit

82 3673 116 3713 er
141 3652 329 3728 hominibus,
359 3664 392 3712 ut
410 3672 497 3714 sanos
518 3663 548 3712 et
567 3651 698 3733 integros
718 3649 787 3712 Deo
806 3651 984 3712 restitueret.
1025 3651 1155 3726 Quoties
1173 3671 1222 3711 se-

82 3751 148 3791 eum
170 3729 306 3792 diabolus
326 3727 461 3802 colludit,
479 3749 510 3789 se
531 3729 571 3788 ita
590 3729 669 3788 vinci
687 3727 820 3804 simulat,
837 3728 898 3787 uti
920 3749 952 3788 se
971 3727 1049 3787 idem
1068 3727 1221 3787 nihilomi-

81 3829 135 3868 nus
159 3806 337 3886 triumphet:
376 3805 457 3886 atqui
484 3804 618 3868 Christro
643 3816 748 3886 aperto
773 3817 867 3865 marte
894 3747 1043 3864 basolum
1066 3823 1221 3895 aggressus

81 3897 140 3960 est,
165 3894 200 3944 ut
218 3883 303 3942 illum
322 3904 441 3964 prorsus
462 3882 616 3955 deiiceret,
636 3903 692 3943 uec
712 3880 867 3972 quiequam
888 3880 916 3942 ei
935 3881 1048 3940 laceret
1064 3881 1221 3940 residuum.

79 3961 150 4022 Non
174 3961 338 4042 prostravit
361 3981 428 4021 eum
452 3980 511 4020 una
536 3957 568 4018 in
593 3971 693 4040 parte,
722 3970 756 4019 ut
781 3979 812 4018 ιιι
838 3957 930 4020 altera
950 3955 1043 4038 magis
1066 3954 1222 4033 stabiliret,

78 4059 179 4100 verum
201 4036 334 4116 undique
355 4057 456 4098 omnes
478 4037 539 4097 eius
559 4036 705 4096 machinas
725 4035 823 4097 diruit.
867 4035 948 4114 Apte
968 4051 1041 4124 ergo
1060 4032 1222 4094 ratiocine-

78 4125 127 4174 tur
152 4113 306 4187 Cbristus,
335 4113 392 4175 sibi
416 4113 489 4174 nihil
514 4133 576 4173 esse
603 4133 667 4173 cum
693 4131 730 4172 eo
756 4131 931 4184 commune,
961 4129 1029 4188 quta
1053 4108 1111 4171 boc
1130 4131 1222 4170 uuum

99 4191 269 4273 repositum
297 4191 387 4252 habet
412 4191 462 4252 ille
488 4188 610 4251 astutiae
630 4200 730 4269 pater,
755 4199 789 4248 ut
807 4205 932 4270 regnum
951 4205 1034 4246 suum
1055 4197 1221 4248 conservet.

77 4211 111 4329 bt
132 4268 199 4361 quis
220 4265 352 4341 obiiciat,
371 4267 505 4329 diabolos
524 4285 613 4346 saepe
632 4264 780 4348 vertigine
800 4275 831 4324 et
851 4283 941 4324 coeca
960 4265 1086 4324 amentia
1098 4264 1221 4345 raptari,

75 4358 109 4406 ut
128 4368 160 4408 se
181 4365 263 4483 ipsos
283 4345 451 4420 conficiant,
470 4345 501 4404 ἰιι
521 4353 661 4424 promptu
682 4354 725 4404 est
744 4340 911 4435 responsio,
931 4359 994 4400 non
1014 4341 1093 4402 aliud
1112 4361 1221 4402 sonare

221 4422 318 4500 bristi,
337 4442 424 4502 quam
443 4420 600 4484 absurdum
621 4437 684 4482 esse
704 4419 786 4500 qnod
804 4417 1096 4560 iaetabsnp9acpihae,
1114 4417 1221 4480 diabo-

75 4423 168 4487 verba
