2778 4838
154 225 193 288 tt
234 269 245 276 .
387 215 505 280 sect.
525 217 608 280 ΧΠ.
646 231 824 280 ursaonae
844 229 887 278 rr
907 229 1092 278 semones.

156 383 271 434 terrere
291 373 389 452 potuit
407 392 487 434 mors
507 372 639 447 loannis,
657 371 724 454 quia
744 370 835 432 tristia
854 367 905 430 ille
923 366 1212 448 summi'Propbetae
1233 389 1326 432 even-

22 453 37 483 '
156 461 203 510 tus
223 448 280 508 iam
299 449 450 524 monebat,
470 447 564 530 qualis
583 470 634 512 cos
655 469 757 509 omnes
777 457 909 508 maneret
928 445 1072 506 conditio.
1112 444 1207 507 Certe
1242 467 1324 508 nem-

156 524 315 587 admodnm
347 525 427 606 prins
452 539 599 588 narratum
626 535 686 601 est,
717 535 805 584 cato
833 521 948 584 Ioanne
975 521 1126 584 Christum
1150 542 1186 582 ex
1210 467 1326 585 «latione

156 601 287 664 Herodis
307 602 346 661 mi
370 623 463 679 rasse,
487 615 521 664 ut
539 623 557 664 a
575 600 724 684 praesenti
743 546 845 662 liuore
865 599 1053 673 deflecteret,
1076 598 1117 660 ita
1137 620 1218 661 nnnc
1239 599 1324 662 colli-

156 699 229 763 gere
248 677 329 753 lieet,
348 622 510 756 insistam,
528 690 563 740 ut
580 679 700 760 pavidos
720 677 815 738 adbuc
834 675 992 756 discipulos
1009 675 1046 736 ab
1062 675 1203 737 incendio
1214 676 1326 738 subdu-

157 766 254 830 ceret,
281 755 314 816 in
339 755 486 816 desertum
511 757 609 818 locum
634 755 749 816 abiisse.
792 749 890 814 Porro
915 764 1058 846 quantum
1081 752 1227 834 temporis
1251 774 1324 816 con-

156 831 334 912 sumpserint
348 832 487 912 Apostoli
504 833 536 892 in
556 833 650 892 nrima
669 852 720 892 sna
739 829 899 912 legatione,
919 841 1063 891 tncerlttm
1085 839 1143 890 est:
1163 851 1232 889 narn
1248 843 1324 892 tem-

156 927 264 989 porum
282 907 372 970 series
391 911 441 988 (nt
460 907 530 969 alibi
550 887 687 984 diximus)
705 907 752 970 vel
772 907 908 988 neglecta
928 906 985 972 luit
1002 905 1038 966 ab
1048 905 1260 989 Evangelistis,
1277 906 1325 968 rel

155 984 252 1048 minus
271 985 388 1046 curiose
409 984 573 1049 observata.
614 986 696 1062 Quin
717 984 816 1065 potius
836 983 907 1044 mibi
927 982 1085 1064 probabile
1106 994 1168 1058 cst,
1192 1003 1257 1043 non
1278 1005 1325 1046 se-

156 1061 216 1124 mel
235 1072 350 1121 tantum
370 1061 459 1124 luisse
479 1061 630 1136 dimissos,
659 1073 692 1121 ut
710 1061 900 1142 praeconium
921 1082 952 1120 re
976 1059 1006 1119 ni
1028 1059 1139 1120 Christi
1159 1059 1326 1142 vulgarent,

155 1137 208 1199 sed
228 1149 261 1197 nt
280 1137 398 1198 ferebat
418 1138 546 1213 occasio,
565 1139 611 1202 vel
632 1137 703 1198 illud
724 1137 844 1197 iterasse
861 1135 892 1196 in
911 1159 960 1217 qur
984 1135 1177 1211 usdamlocis,
1195 1135 1242 1196 vel
1255 1148 1328 1217 post

156 1213 338 1294 aliquantum
362 1215 506 1296 temporis
529 1215 559 1276 in
586 1216 699 1277 diversa
724 1214 791 1274 loca
816 1211 968 1305 proiectos
996 1233 1067 1274 esse.
1113 1213 1216 1292 ltaque
1240 1233 1326 1273 nunc

156 1303 356 1373 congregatos
376 1311 439 1354 esse
459 1292 658 1374 interpretor,
671 1303 705 1352 ut
723 1289 829 1352 assidui
848 1289 879 1350 in
899 1301 1050 1372 posterum
1070 1288 1114 1348 illi
1135 1289 1254 1350 comites
1273 1310 1324 1349 es-

114 1423 121 1430 .
155 1379 238 1428 sent:
258 1367 317 1428 acsi
336 1365 446 1429 dictum
466 1381 552 1446 esset,
573 1390 634 1431 non
653 1370 695 1430 ita
714 1367 861 1450 digressos
882 1387 943 1428 esse
962 1389 980 1428 a
996 1364 1150 1448 magistro,
1168 1365 1325 1450 utsinguli

155 1444 339 1504 ordinarium
358 1443 487 1506 docendi
506 1467 611 1506 munus
631 1465 748 1525 semper
768 1444 896 1521 obirent,
915 1443 967 1505 sed
984 1454 1043 1504 tem
1067 1441 1141 1502 orali
1160 1443 1324 1523 praeconio

157 1520 313 1583 defunctos
334 1521 433 1582 denuo
452 1523 490 1583 ad
509 1523 641 1583 scholam
661 1522 780 1596 redisse,
800 1531 834 1584 ut
851 1519 955 1582 melius
975 1541 1030 1602 pro
1054 1530 1166 1582 terent.

232 1595 379 1690 &wana
395 1613 463 1658 snat
480 1599 571 1659 ι’Πιιιι.
610 1597 740 1660 'Tametsi
761 1596 927 1672 Christum,
952 1597 1001 1677 qni
1022 1595 1154 1658 omnium
1176 1596 1323 1676 praescius

156 1675 373 1749 erat,m1nime
393 1675 496 1748 latuit,
515 1675 585 1756 quid
604 1676 733 1741 futurum
754 1685 847 1750 esset,
870 1673 965 1735 voluit
983 1685 1083 1746 tamen
1103 1673 1255 1754 discipulis
1273 1695 1322 1733 se-

157 1751 286 1810 cundum
306 1749 455 1819 bominem
476 1751 658 1833 prospicere,
678 1763 711 1812 nt
730 1771 762 1812 re
782 1751 845 1832 ipsa
864 1761 1001 1812 testatum
1021 1750 1142 1824 iaceret,
1161 1771 1193 1811 se
1212 1749 1323 1810 babere

155 1825 395 1886 illornmcnram.
434 1828 477 1886 lix
495 1840 580 1903 tanto
601 1849 673 1888 vero
694 1849 839 1888 concursu
880 1838 950 1902 atet,
971 1847 1057 1908 qnam
1072 1825 1198 1889 celebris
1211 1825 1323 1908 ubique

155 1901 247 1964 inerit
272 1901 334 1962 eins
353 1901 445 1980 sarna,
471 1914 504 1963 nt
523 1903 732 1966 inexcusabiles
753 1847 989 1980 enentiuaaei,
1013 1925 1087 1984 quos
1113 1924 1164 1964 sua
1183 1903 1322 1964 socordia

156 1976 261 2040 oblato
281 1977 383 2040 salutis
402 1978 549 2042 beneficio
589 1981 702 2044 rivavit.
731 1981 843 2042 Name
877 2001 911 2042 ex
932 1981 985 2042 bac
1004 2001 1109 2064 magna
1129 1980 1228 2055 turba,
1246 2001 1323 2061 quae

156 2053 255 2144 subito
282 2053 394 2136 impetn
420 2057 525 2118 exarsit
549 2004 588 2118 ad
609 1993 983 2150 sequendumsslrristum,
1009 2079 1071 2118 non
1097 2055 1158 2147 nisi·
1177 2077 1322 2150 perquam

155 2151 276 2268 exiguos
296 2151 434 2194 numerus
454 2154 523 2197 vere
542 2145 574 2195 et
592 2146 765 2196 constanter
784 2155 845 2195 erus
866 2133 1020 2197 doctrmae
1038 2155 1070 2197 se
1090 2134 1322 2210 addixit,s1cntr

156 2228 192 2270 ex
228 2227 325 2269 oanne
366 2221 436 2271 atet.

232 2293 279 2352 tt.
350 2299 431 2348 cmm
449 2301 490 2350 est
506 2288 627 2369 affeetu
644 2284 867 2352 macnomdine.
917 2287 1033 2350 Clarius
1060 2287 1226 2370 exprimunt
1250 2286 1322 2348 reli-

146 2361 208 2445 'qui
227 2359 287 2424 duo
307 2383 340 2424 ac
360 2365 532 2444 praesertim
552 2367 687 2442 Morcus,
711 2367 791 2427 unde
812 2364 932 2427 Christo
953 2364 1027 2427 baec
1046 2363 1227 2456 συμπάθεια
1252 2363 1320 2444 qnia

154 2439 270 2501 scilicet
294 2439 441 2502 famelicas
460 2441 570 2503 animas
589 2443 709 2504 videbat
728 2441 865 2503 desiderii
885 2441 991 2504 ardore
1012 2463 1028 2503 ε
1048 2464 1107 2502 suis
1126 2439 1245 2500 sedibus
1266 2439 1320 2500 ab·

155 2529 255 2597 reptas
275 2515 345 2578 lerri
362 2517 393 2577 in
409 2518 507 2580 locum
519 2520 676 2580 desertum.
714 2519 769 2580 Illa
812 2539 881 2580 orto
902 2519 1054 2580 doctrinae
1074 2517 1177 2598 inopia
1196 2517 1321 2578 miserae

156 2593 352 2674 dissipationis
371 2595 489 2678 signum
506 2608 583 2658 erate
603 2597 672 2658 ideo
693 2597 764 2658 dicit
778 2541 906 2672 blesens,
924 2595 1074 2659 misertim
1085 2614 1146 2656 esse
1160 2593 1322 2670 Cbristum,

91 2693 95 2713 =
177 2670 224 2731 uia
256 2683 354 2734 essent
377 2685 516 2752 tanquam
538 2695 603 2736 oues
628 2685 761 2735 carentes
788 2685 923 2756 pastore,
954 2694 1015 2732 non
1045 2670 1126 2752 qnod
1159 2671 1321 2732 secundum

155 2691 281 2808 beitatis
299 2745 441 2828 Spiritum
463 2771 565 2810 omnes
587 2772 643 2830 pro
664 2750 768 2811 ovibus
786 2761 973 2842 agnosceret,
993 2749 1044 2810 sed
1065 2760 1209 2829 quatenns
1228 2747 1321 2808 bomo

158 2835 232 2899 erat,
257 2823 394 2884 iudicium
415 2825 488 2886 iecit
513 2847 547 2886 ex
572 2827 721 2907 praesenti
746 2825 791 2886 rei
813 2827 931 2886 intuitu.
970 2827 1043 2886 Erat
1066 2826 1145 2886 enim
1173 2825 1232 2884 boc
1258 2845 1321 2886 non

156 2897 223 2960 leve
265 2900 360 2962 ietatis
380 2899 537 2977 indicium,
560 2901 730 2982 relinquere
754 2902 1034 2984 proprias‘domos,
1058 2913 1088 2964 et
1112 2901 1263 2962 turmatim
1284 2901 1321 2962 ad

155 2973 215 3038 Dei
234 2922 415 3058 impletam
440 2979 607 3054 confluere,
632 2979 763 3060 quamvis
790 2981 856 3040 data
882 2999 972 3061 opera
998 2989 1189 3060 conspectum
1216 2999 1322 3038 eorum

156 3049 282 3134 ingeret.
327 3051 446 3113 Deinde
472 3065 578 3116 notare
602 3055 758 3132 convenit,
783 3054 932 3117 christum
957 3055 1018 3117 eius
1043 3077 1129 3147 quarn
1154 3055 1321 3116 sustinebat

178 3147 302 3189 emonae
320 3149 482 3190 memorem
503 3129 603 3194 luisse:
623 3131 787 3194 iniunctum
805 3131 848 3192 illi
868 3143 932 3194 crat
951 3133 1081 3194 doctoris
1101 3131 1246 3207 officinm,
1266 3133 1319 3194 de-

156 3147 222 3266 luit
240 3225 315 3296 ergo
334 3207 371 3268 ad
391 3217 505 3288 tempto
525 3227 646 3270 censere
660 3231 693 3270 ex
705 3229 798 3300 grege
810 3209 870 3270 Dei
881 3223 911 3270 et
922 3209 1053 3270 Ecclesia
1065 3209 1193 3270 Iudaeos
1206 3228 1321 3284 omnes,

156 3281 253 3344 donec
263 3302 294 3342 se
305 3281 542 3361 ipsialienarent.
574 3285 732 3348 Caeterum
747 3287 797 3346 bad
812 3286 1030 3348 misericordiae
1046 3283 1170 3345 allectus
1182 3286 1215 3344 in
1230 3285 1319 3347 Clari-

155 3369 202 3420 sto
227 3358 401 3439 pracvalnit,
428 3371 462 3420 ut
486 3359 577 3424 sessus
602 3385 667 3422 cum
693 3361 841 3444 discipulis
865 3363 939 3438 suis,
965 3362 1164 3441 continuaque
1183 3361 1321 3424 molestia

155 3434 220 3496 iere
240 3455 407 3516 oppressus,
425 3435 483 3498 sibi
502 3450 599 3500 tannen
620 3461 683 3501 non
703 3452 847 3520 parceret
884 3439 1007 3520 Aliquid
1025 3436 1216 3500 relaxationis
1227 3460 1320 3518 qnae·

154 3511 259 3588 siccat,
284 3533 381 3594 neque
405 3514 436 3577 id
462 3526 520 3578 tam
541 3517 598 3578 sibi
620 3537 706 3598 quarn
726 3515 888 3608 discipulis:
914 3516 981 3597 quis
1006 3528 1105 3576 tamen
1131 3535 1199 3575 eum
1223 3515 1319 3578 officii

154 3589 311 3651 necessitas
330 3590 368 3651 ad
387 3611 497 3652 nomam
517 3591 651 3656 laborem
670 3605 767 3668 vocat,
786 3593 916 3654 lubenter
929 3591 1105 3684 posthabito
1126 3590 1239 3672 privato
1261 3591 1317 3651 illo

154 3678 309 3746 respectu,
337 3688 368 3728 se
392 3668 538 3750 impendit
563 3669 704 3731 docendis
728 3669 831 3732 turbis.
873 3671 937 3731 Em
963 3681 1060 3730 autem
1086 3689 1166 3728 nunc
1189 3666 1319 3728 alteruis

153 3741 222 3806 illos
249 3745 341 3821 eruit,
367 3745 418 3825 qni
443 3746 474 3804 in
500 3745 826 3808 bomincm'mortalem
847 3745 1045 3827 quadrabant,
1070 3745 1191 3805 dubium
1219 3756 1320 3804 tamen

153 3841 217 3885 uon
237 3831 291 3897 est,
332 3821 381 3882 uin
402 3822 520 3884 miseras
538 3843 609 3884 oves
624 3835 744 3916 pastore
760 3823 922 3897 destitutas,
941 3822 1031 3884 modo
1043 3833 1188 3900 quaerant
1197 3822 1319 3902 inopiae

152 3845 405 3973 assemdim,
425 3898 540 3959 ecoelo
553 3900 698 3982 respiciat.
717 3899 801 3960 Dicit
810 3901 935 3973 Marcus,
955 3899 1049 3980 ipsum
1065 3899 1200 3958 docuisse
1217 3897 1320 3971 nubes,

153 3974 213 4040 hoc
232 3987 277 4036 est
296 3976 345 4036 diu
366 3975 574 4036 concionatum
595 3997 668 4053 esse,
687 3990 721 4038 nt
739 3977 864 4037 solidum
885 3976 1012 4056 aliquem
1032 3975 1201 4056 proiectum
1222 3976 1319 4036 reler-

152 4061 229 4112 rent.
268 4051 362 4116 Lucas
382 4051 419 4112 de
439 4073 531 4128 regno
550 4053 611 4112 oss
629 4051 659 4113 lo
682 4066 783 4113 nutum
804 4074 867 4114 esse
885 4051 992 4126 tradit,
1017 4051 1096 4142 quod
1121 4049 1206 4112 idem
1230 4051 1317 4112 valet.

153 4125 319 4193 Matthaeus
338 4148 400 4188 non
420 4129 476 4190 nisi
495 4130 533 4192 de
552 4075 698 4192 miraculis
718 4131 862 4206 meminit,
882 4129 949 4209 qnia
968 4129 1083 4190 scilicet
1099 4128 1135 4189 ad
1152 4127 1317 4192 concilian-

153 4202 222 4266 dun
243 4203 362 4267 Christo
387 4223 497 4266 nomen
525 4207 589 4286 plus
615 4205 672 4268 illis
697 4207 818 4267 suberat
842 4205 994 4266 momenti.
1038 4205 1101 4266 Sed
1120 4203 1210 4266 facile
1230 4205 1317 4266 colli-

150 4276 246 4448 tgiiulq’
266 4301 328 4343 non
348 4280 483 4348 omissam
504 4282 593 4346 tuisse
611 4284 650 4346 ,ab
672 4305 709 4347 eo
729 4283 911 4360 doctrinam,
935 4303 1011 4364 quac
1031 4282 1200 4364 principem
1218 4281 1319 4346 locum

203 4375 219 4420 e
242 4366 289 4418 dlv
