2766 4840
676 1 687 72 ,‘

377 217 457 292 (m
496 213 577 274 lesus
597 213 630 276 in
651 213 876 302 Gctbsemaue.)
1151 223 1211 286 325

123 371 172 431 :n-
209 365 386 442 erasmus
462 365 551 426 'Ram
588 363 670 428 Alibi
694 363 817 428 vidiinus
836 363 1018 438 Dnmlnum,
1041 386 1101 445 qno
1120 388 1151 430 se
1170 372 1207 432 ad

48 443 189 504 maiorem
209 442 348 522 precandi
367 463 403 502 ve
426 443 584 504 ementiaua
603 444 795 516 accenderet,
819 443 883 502 sine
909 441 1034 503 testibus
1058 455 1206 523 precatum

49 539 120 580 esse.
159 519 234 592 Nam
254 519 292 580 ab
313 519 464 580 hominum
483 531 647 599 conspectu
664 518 815 593 subducti,
841 519 944 580 melius
969 539 1069 580 sensus
1089 531 1206 582 nostros

47 595 229 677 colligimus,
254 606 287 656 ut
310 595 401 674 magis
420 595 508 656 adid
527 595 608 676 quod
628 596 740 677 agimus
760 595 866 656 intenti
886 596 952 656 sint.
990 587 1119 656 Necesse‘
1140 597 1205 676 qui-

46 672 114 732 dem
137 691 201 732 non
226 684 286 744 est,
309 671 426 752 quoties
450 691 537 732 orare
562 671 712 747 volumus,
742 672 775 734 in
798 685 930 734 remotos
952 671 1077 754 angulos
1102 672 1206 765 lugere

45 748 122 826 (imo
141 767 210 808 nou.
222 768 340 828 semper
357 747 511 828 expedit),
535 748 587 810 sed
612 747 664 810 ubi
687 749 781 811 maior
807 746 903 830 aliqua
927 760 1014 830 urget
1038 761 1207 824 necessitas,

46 823 121 904 quin⁴
133 822 254 886 liberius
274 825 305 884 in
324 825 482 886 solitudine
501 845 533 886 se
553 825 682 888 ell'undit
699 825 804 886 orandi
823 825 938 901 servor,
962 824 1049 885 nobis
1068 826 1140 886 utile
1161 838 1205 888 est
1248 838 1251 854 '

44 921 176 962 seorsum
195 921 292 962 orare.
332 901 449 977 Quodsi
467 900 558 963 Filius
578 901 637 964 Dei
663 902 725 964 hoe
744 901 953 965 adminiculum
979 921 1039 962 non
1066 903 1205 984 neglexit,
1230 927 1234 942 ·
1307 915 1310 922 ’

66 978 110 1038 lus
131 997 218 1057 quam
237 976 337 1038 insana
355 977 494 1058 superbia
513 977 603 1053 loret,
624 998 685 1039 non
704 977 781 1038 idem
802 977 833 1038 in
853 999 937 1040 usum
955 987 1088 1040 nostrum
1108 991 1204 1042 nans·

44 998 134 1114 lene.
170 1053 256 1115 Adde
281 1055 362 1144 quod
387 1053 439 1114 ubi
463 1053 543 1116 solus
561 1053 645 1116 Deus
670 1066 714 1116 est
739 1054 866 1130 arbiter,
891 1055 958 1135 quia
981 1065 1052 1118 tunc
1076 1055 1204 1116 timenda

45 1151 108 1190 non
133 1141 178 1190 est
202 1128 342 1205 ambitio,
364 1129 457 1214 magis
483 1129 665 1192 familiariter
687 1151 752 1192 sese
776 1131 907 1195 denudat
925 1128 1018 1191 fidelis
1037 1131 1149 1205 anima,
1174 1143 1205 1192 et

44 1204 203 1286 simplicius
221 1227 272 1266 sua
292 1218 362 1270 vota
397 1208 538 1290 gemitus,
558 1227 658 1282 curas,
676 1229 817 1288 pavores,
835 1228 902 1288 spes
922 1219 953 1267 et
971 1206 1076 1290 gaudia
1094 1207 1125 1266 iu
1145 1207 1205 1268 Dei

44 1282 141 1343 sinum
165 1295 314 1344 exonerat.
360 1249 443 1345 bens
468 1295 565 1344 autem
589 1284 696 1346 multas
720 1284 847 1364 ineptias
872 1283 930 1344 suis
949 1283 1109 1374 permittit,
1134 1283 1203 1344 drun
1253 1326 1260 1347 ι

44 1377 177 1420 seorsum
201 1371 307 1432 orant,
333 1380 408 1440 quae
434 1361 465 1420 in
491 1361 619 1422 humano
639 1371 800 1439 conspectu
820 1370 1020 1422 otentatrone
1039 1379 1101 1420 nou
1120 1379 1203 1422 care-

43 1446 120 1496 rent.
158 1435 230 1515 Ipso
255 1436 342 1498 etiam
369 1447 471 1519 gestu,
516 1457 585 1496 uum
610 1437 641 1519 ip
666 1447 775 1496 terram
798 1381 945 1516 prdcidit,
966 1437 1071 1498 seriam
1099 1435 1204 1496 orandi

44 1511 258 1572 vehementiam
276 1524 398 1574 testatam
418 1524 469 1572 εει
495 1458 536 1574 ll

43 1589 229 1650 reverentiae
247 1588 425 1682 simbolum,
444 1589 643 1650 communiter
660 1589 797 1669 precibus
816 1587 950 1651 adhiberi
963 1588 1050 1664 solet,
1070 1587 1204 1650 Christus

41 1677 142 1726 tamen
166 1664 340 1744 suppliciter
359 1664 390 1724 in
410 1677 489 1726 terra
507 1664 649 1740 iacendo,
695 1685 731 1725 ro
749 1663 953 1762 magnitudine
973 1664 1084 1726 doloris
1102 1665 1148 1724 sui
1167 1665 1204 1726 ad

41 1740 240 1802 miserabilem
265 1741 397 1802 habitum
415 1762 447 1802 se
467 1741 616 1803 formavit.
681 1755 745 1802 aster
766 1763 823 1817 aas,
845 1745 872 1802 si
884 1739 1023 1818 possibile
1040 1755 1089 1802 ast.
1126 1742 1151 1800 F
1153 1763 1203 1802 ru-

39 1830 103 1880 stra
128 1817 266 1879 laborant
289 1817 406 1898 quidam
431 1830 464 1878 ut
487 1819 660 1893 ostendant,
684 1838 747 1878 nou
773 1817 821 1878 hic
845 1818 1047 1898 precationem
1066 1817 1205 1894 describi,

38 1895 95 1956 sed
136 1894 329 1956 uerimouiam
348 1894 494 1956 duntaxat.
532 1897 602 1977 Ego
627 1915 698 1957 vero
723 1893 839 1956 tametsi
864 1893 1021 1974 abruptum
1041 1895 1130 1955 luisse
1148 1914 1203 1954 vo-

39 1985 105 2032 tum
115 1915 236 2046 lateor,
261 1991 323 2032 non
344 1982 442 2032 tamen
462 1971 567 2032 dubito
587 1971 658 2051 quin
679 1970 880 2064 precationem
901 1970 1036 2034 Christus
1054 1989 1203 2051 concepe-

38 2047 91 2108 rit
130 2047 194 2108 Nec
217 2047 317 2108 obstat
342 2048 422 2129 quod
445 2069 508 2108 rem
533 2048 747 2128 impossibilem
771 2047 827 2108 sibi
852 2047 979 2108 concedi
998 2049 1110 2127 poscit,
1135 2047 1204 2126 quia

39 2145 105 2184 non
124 2144 242 2202 semper
261 2124 389 2184 fidelium
409 2145 511 2204 preces
532 2123 676 2186 continuo
696 2136 802 2184 tenore
821 2123 859 2182 ad
878 2123 967 2182 linem
984 2145 1077 2202 usque
1093 2123 1202 2182 llnunt:

38 2220 105 2262 non
129 2219 246 2279 semper
272 2199 426 2278 aequabile
452 2211 718 2277 temperamentum
736 2210 871 2272 servant,
896 2218 959 2255 non
978 2218 1096 2277 semper
1115 2198 1203 2258 etiam

37 2275 183 2338 distincto
196 2273 301 2334 ordine
316 2286 385 2334 sunt
402 2274 596 2353 compositae,
615 2275 686 2352 quin
699 2273 799 2352 potius
817 2273 977 2352 implicitae
996 2285 1026 2334 et
1045 2273 1203 2354 perplexae

36 2353 89 2416 vel
117 2351 284 2441 confligunt
306 2369 421 2422 secum,
449 2350 495 2410 vel
521 2349 552 2410 iu
580 2350 678 2410 medio
703 2370 790 2408 cursu
812 2345 986 2410 subsistunt:
1010 2349 1095 2410 sicuti
1119 2351 1202 2410 navis

538 1535 583 1574 am
604 1513 659 1574 etsi
678 1513 857 1592 genuflexio,
876 1524 1014 1602 tanquam
1035 1511 1203 1576 bonorisae
1304 1553 1306 1561 ·

35 2426 183 2510 procellis
207 2436 312 2486 iactata
337 2425 467 2504 quamvis
486 2425 524 2484 ad
543 2436 662 2504 portum
681 2425 798 2498 tendat,
822 2446 884 2484 nou
909 2435 1008 2485 tamen
1033 2437 1146 2486 rectum
1172 2437 1203 2488 et
1256 2461 1260 2470 ·
1311 2471 1320 2496 ,

35 2501 229 2582 aequabilem
238 2522 354 2560 cursum
375 2513 477 2560 tenere
497 2511 596 2582 potest
615 2513 648 2560 ut
666 2501 697 2560 iu
717 2501 790 2561 mari
809 2500 920 2634 quieto.
948 2501 1202 2580 Tenendquui-

37 2583 112 2642 dem
136 2579 286 2658 estquod
311 2597 408 2658 nuper
432 2577 505 2651 dixi,
530 2598 592 2638 non
617 2577 706 2639 luisse
732 2575 820 2636 turbu
833 2586 918 2636 entos
938 2575 1049 2637 Christi
1068 2577 1202 2650 allectus,

38 2657 95 2738 qui
121 2675 205 2722 more
229 2665 333 2712 nostro
359 2655 422 2714 eius
447 2654 545 2714 auimo
566 2673 668 2732 puram
688 2652 922 2714 moderationem
941 2665 1123 2714 excuterent:
1150 2657 1201 2713 sed

37 2743 184 2813 quantum
205 2729 283 2791 serre
302 2729 400 2810 potuit
419 2750 488 2790 sana
508 2741 539 2790 et
558 2729 673 2813 integra
693 2729 819 2790 bominis
838 2741 959 2804 natura,
983 2741 1064 2789 metu
1084 2729 1201 2808 percul-

36 2831 89 2870 sus
116 2819 148 2870 et
170 2807 316 2868 anxietate
342 2807 516 2867 constrictus
542 2805 614 2883 luit,
645 2818 678 2868 ut
701 2825 822 2866 neeesse
847 2806 929 2868 foret
950 2807 1029 2866 inter
1053 2805 1202 2866 violentos

38 2885 240 2947 tentationum
259 2885 365 2944 llsrctus
385 2881 505 2944 alternis
523 2882 600 2944 votis
619 2883 702 2962 quasi
720 2880 866 2943 vatillare.
896 2883 978 2943 llaec
989 2883 1064 2962 ratio
1076 2893 1131 2957 est,
1149 2904 1201 2943 eur
1260 2929 1263 2936 ι

38 2972 169 3028 mortem
190 2961 363 3041 deprecatus
382 2979 449 3019 mox
466 2960 524 3021 sibi
544 2959 660 3022 lrenum
685 2959 814 3035 iniiciat,
837 2957 990 3041 Patrisque
1016 2958 1143 3038 imperio
1169 2979 1200 3020 se

37 3037 200 3102 subiiciens
230 3049 330 3100 votum
360 3035 432 3096 illud
461 3035 560 3096 subito
590 3036 721 3116 elapsum
750 3037 873 3118 castiget
902 3055 936 3097 ac
965 3049 1097 3096 revocet.
1140 3035 1200 3096 Sed

39 3114 204 3196 quaeritur,
223 3113 376 3194 quomodo
392 3125 545 3173 aeternum
557 3113 651 3174 Patris
671 3115 821 3176 decretum
841 3113 967 3174 rescindi
981 3112 1127 3203 postulet,
1148 3135 1199 3172 cu·
1246 3151 1250 3161 ·

38 3193 87 3252 ius
106 3191 227 3250 minime
246 3189 365 3270 ignarus
390 3201 462 3250 erat
499 3193 574 3251 Nam
595 3189 648 3250 etsi
667 3188 747 3249 inter
769 3188 868 3248 onitur
887 3187 1036 3266 condius,
1059 3190 1200 3265 si'possi-

38 3267 99 3328 bile
121 3281 178 3340 est,
204 3268 261 3328 hoc
285 3279 384 3330 tamen
410 3265 566 3327 absurdum
591 3265 720 3340 uidetur,
744 3211 873 3325 dexibile
892 3262 951 3326 Dei
975 3265 1129 3328 consilium
1156 3265 1201 3326 la-

39 3365 122 3406 cere.
160 3343 211 3404 Sic
231 3341 309 3404 enim
330 3341 447 3424 penitus
465 3353 593 3404 statuere
612 3342 780 3423 epnvenit,
793 3341 858 3401 fieri
881 3363 944 3402 non
963 3362 1049 3434 posse
1070 3353 1101 3401 ut
1119 3342 1201 3401 Deus

40 3418 201 3482 consilium
226 3431 375 3480 retractet.
412 3419 501 3499 Apud
521 3419 652 3479 lllarcurb
676 3439 748 3478 vero
773 3417 888 3480 videtur
908 3418 1042 3481 Christus
1060 3416 1119 3477 Dei
1144 3437 1200 3496 po-

39 3497 168 3558 tentiam
192 3497 314 3556 decreto
339 3481 650 3630 oplponeresoausio,
668 3495 781 3585 inquit,
798 3491 850 3554 tibi
862 3493 1014 3570 possibilia
1030 3507 1106 3556 sunt.
1144 3493 1199 3552 ltr-

40 3573 95 3654 qui
116 3593 171 3654 per
193 3592 272 3633 eram
295 3571 350 3632 hue
401 3571 428 3631 ei
448 3570 581 3650 potentia
601 3570 782 3644 extendatur,
800 3571 962 3632 olearium
981 3581 1012 3631 et
1031 3567 1200 3630 mutabilem
1253 3604 1263 3614 ·

39 3649 156 3710 redden
178 3671 197 3710 ο
217 3647 371 3722 veritatem
391 3645 453 3708 eius
472 3647 609 3707 infirmet
648 3647 844 3725 llespondeo,
865 3647 943 3707 nihil
956 3667 1018 3708 esse
1038 3644 1156 3706 absurdi
1175 3645 1201 3706 si

41 3727 195 3800 Christus,
220 3745 255 3786 ex
273 3721 423 3785 communi
441 3723 558 3803 piorum
576 3742 675 3797 more,
701 3723 809 3784 omisso
832 3722 924 3786 divini
949 3721 1063 3784 consilii
1082 3721 1202 3793 intuitu,

40 3801 222 3864 desiderium
246 3821 330 3862 suum
352 3821 412 3878 quo
432 3798 582 3860 aestuabat
600 3799 632 3859 in
650 3799 747 3872 Patris
765 3799 859 3862 sinum
880 3799 917 3860 de
939 3797 1059 3862 osuerit
1094 3797 1201 3875 Neque

40 3877 125 3940 enim
143 3879 244 3952 fideles
263 3877 295 3938 in
315 3865 471 3936 lundendis
491 3871 627 3955 precibus
645 3895 763 3955 semper
782 3876 819 3938 ad
833 3820 1010 3956 speculanda
1020 3873 1079 3934 Dei
1096 3891 1202 3961 arcana

39 3955 265 4030 conscendunt,
290 3952 337 4015 vel
362 3963 501 4031 tanquam
520 3951 551 4012 iu
570 3951 634 4012 otio
655 3953 840 4032 expendunt,
864 3949 934 4031 quid
953 3951 1031 4011 lactu
1051 3950 1089 4010 sit
1129 3969 1202 4008 ossr-

39 4031 123 4106 bile,
145 4031 197 4092 sed
220 4041 358 4092 votorum
382 4029 501 4088 fervore
526 4027 671 4088 interdson
699 4027 810 4090 celeres
834 4028 977 4088 seruntur.
1026 4025 1077 4086 Sic
1137 4043 1202 4086 oses

40 4108 121 4188 petit
140 4106 233 4168 deleri
252 4107 289 4170 de
310 4106 388 4166 libro
408 4104 500 4164 vitac:
519 4105 560 4164 sic
579 4103 687 4166 Paulus
707 4103 821 4183 optavit
838 4104 991 4164 anathema
1010 4101 1074 4162 fieri
1093 4101 1202 4182 (Exod.

39 4191 92 4258 32,
102 4189 151 4250 32.
162 4184 247 4245 Rom.
257 4191 287 4258 9,
296 4185 349 4262 lh).
370 4185 440 4243 Non
452 4181 508 4240 luit
519 4181 610 4272 igitur
620 4179 691 4242 haec
702 4181 840 4240 meditata
850 4179 961 4240 Christi
977 4178 1074 4239 oratio
1100 4178 1151 4239 sed
1164 4177 1204 4238 vis
1271 4223 1278 4242 1

43 4273 76 4322 et
95 4259 222 4340 impetus
243 4261 355 4321 doloris
374 4259 498 4321 subitam
519 4281 546 4317 er
566 4278 669 4318 vocem
690 4255 826 4330 extorsit,
851 4256 896 4316 cui
915 4257 1011 4318 statim
1032 4221 1129 4316 addita
1148 4253 1207 4314 luit

44 4337 208 4398 correctio.
247 4337 356 4400 Eadem
383 4335 568 4408 vehementia
594 4345 777 4414 praesentem
804 4333 937 4396 coelestis
962 4334 1072 4394 decreti
1092 4350 1204 4394 memo-

1095 4441 1109 4476 b
