2768 4834
441 241 574 304 onemo
595 253 630 304 nt
651 255 796 308 mortm-
879 235 882 244 '
1114 245 1174 310 ιω

56 397 102 476 peti
122 393 198 473 qnod
225 413 294 454 non
318 392 375 455 nisi
402 393 434 454 iu
460 393 537 454 diem
562 395 722 456 curandum
741 395 787 454 sit
827 393 932 485 Neque
952 392 1032 454 enim
1051 392 1172 456 dubium
1198 417 1203 424 ·

55 483 99 544 est,
124 471 193 549 quin
220 470 338 532 terreni
358 465 455 532 victui
472 470 680 550 cupiditatem,
711 472 855 552 adquam
875 468 1032 530 immodice
1051 467 1172 532 ferinum
1257 487 1262 494 ¹

56 569 152 620 onnes,
189 547 380 628 restringere
413 568 447 606 ac
471 547 618 609 moderari
641 548 777 610 voluerit
820 547 920 607 Porro
943 545 1011 607 satis
1035 545 1103 604 trita
1128 557 1173 606 est

54 624 217 683 unecdocbe
239 624 274 682 in
295 622 417 682 nomine
432 627 539 698 posis.-
558 644 625 684 nam
644 625 698 686 sub
719 645 755 684 eo
767 622 897 684 Hebraei
916 620 1173 702 comprehendunt

54 693 120 758 dune
144 720 242 780 genus
270 700 413 760 alimenti.
463 700 519 759 Hic
544 719 615 760 vero
642 701 725 776 latius
750 700 838 760 etiam
865 699 1042 760 extenditur:
1074 717 1173 777 neque

53 778 111 835 enim
129 788 245 835 tantum
270 797 366 836 escam
385 775 472 836 nobis
492 776 605 858 perrigi
617 777 676 837 Dei
688 799 785 851 manu,
805 777 856 836 sed
867 775 1005 868 quicquid
1017 776 1053 834 ad
1066 773 1195 856 transi·s
1282 840 1286 850 „
1335 813 1361 856 ,ἵ

53 855 154 930 gendum
174 853 270 912 vitam
292 852 488 914 necessarium
509 864 570 926 est,
601 853 687 914 nobis
708 853 744 913 ab
766 873 802 914 eo
824 853 886 913 dart
906 853 1046 933 cupimus.
1083 849 1173 912 Nunc
1360 867 1361 882 ¹

53 949 129 988 :ensus
148 927 246 988 clarus
271 942 331 988 est:
356 929 483 1008 primum
503 927 638 990 iubemur
657 951 758 1004 orare,
776 941 810 989 ut
828 931 909 990 Deus
929 949 1015 1020 quam
1035 927 1122 987 nobis
1140 928 1172 987 in
1202 942 1207 956 ·
1262 965 1266 976 =

52 1006 138 1064 nundn
164 1005 224 1066 boc
253 1005 345 1065 vitam
372 1006 453 1065 dedit
472 1016 588 1066 tueatur
607 1025 640 1066 ac
658 1005 779 1078 foveat„
804 1019 835 1065 et
854 1005 921 1085 quia
940 1004 1056 1085 indiget
1073 1002 1172 1078 multis

51 1081 172 1155 subsidiis,
191 1093 226 1141 ut
248 1082 316 1172 ipse
336 1081 424 1142 nobis
443 1081 643 1142 subministret
663 1081 802 1162 quicquid
820 1081 1016 1142 necessarium
1037 1101 1098 1142 esse
1113 1099 1171 1140 no-

52 1157 86 1213 rit
122 1159 182 1217 lam
209 1178 284 1238 qma
310 1158 370 1218 Dei
395 1157 561 1239 benignitas
587 1158 730 1218 continuo
752 1170 857 1218 tenore
877 1157 914 1217 ad
933 1177 989 1217 nos
1007 1157 1172 1238 pascendos

51 1231 112 1306 lnit,
138 1237 224 1314 panis
253 1255 344 1314 quem
369 1234 514 1294 ministrat
537 1246 659 1294 vocatur
678 1241 831 1310 ιιιῐοὺσιος,
862 1233 920 1293 boc
944 1244 1004 1306 est,
1032 1253 1172 1313 superve-

51 1308 128 1369 niens:
145 1310 186 1370 sic
208 1311 295 1372 enim
314 1309 504 1390 interpretari
524 1308 602 1370 licet.
640 1307 829 1369 Tantundem
849 1328 922 1388 ergo
941 1307 1020 1368 valet
1038 1310 1095 1368 boc
1116 1329 1173 1368 no·
1215 1335 1220 1343 ¹

51 1405 99 1444 nen
122 1387 177 1446 acsi
203 1387 322 1448 dietum
349 1399 438 1448 esset:
466 1385 614 1458 Domine,
645 1405 735 1464 quum
762 1383 894 1463 quotidie
921 1383 1005 1443 novis
1025 1383 1172 1444 alimentis

50 1479 105 1538 opus
123 1463 231 1524 babeat
251 1463 314 1522 vita
334 1475 446 1537 nostra,
467 1483 504 1522 ne
525 1461 638 1522 assidue
659 1482 693 1521 ea
711 1461 868 1542 largiendo
889 1467 1017 1550 unquam
1030 1459 1170 1550 fatigeris.

52 1535 207 1598 ldrerbium
233 1537 325 1600 bodie
350 1551 383 1599 ut
410 1539 498 1619 paulo
525 1549 594 1600 ante
622 1537 697 1611 dixi,
726 1535 887 1596 frenandae
912 1535 1019 1594 nimiae
1043 1535 1173 1596 aviditati

50 1613 155 1674 additum
185 1627 248 1692 est,
293 1628 325 1675 ut
358 1616 499 1678 discamus
524 1614 645 1696 singuiis
669 1613 826 1674 momentis
850 1633 866 1672 a
890 1611 950 1672 Dei
976 1610 1172 1672 beneficentia

52 1689 173 1819 pendere,
202 1705 235 1753 et
256 1713 298 1753 eo
319 1693 460 1753 demenso
480 1691 614 1752 contenti
634 1711 712 1764 esse,
743 1689 822 1772 quod
843 1690 879 1750 de
900 1688 947 1750 die
966 1688 998 1748 in
1018 1687 1096 1748 diem
1116 1689 1173 1766 (ut

60 1770 210 1847 oqnuntnr)
239 1768 334 1830 nobis
361 1767 537 1848 suppeditat.
586 1767 746 1848 ⁸Obiicitnr
769 1777 867 1826 tamen
894 1763 1044 1846 quaestio,
1082 1785 1172 1844 quum

51 1853 139 1928 ttrtum
158 1845 207 1920 sit,
229 1845 390 1907 Christum
407 1844 538 1926 regulam
559 1843 663 1908 orandi
683 1843 738 1936 piis
758 1843 895 1904 omnihus
914 1861 1099 1904 communem
1118 1841 1172 1902 de·
1195 1889 1205 1896 .

53 1914 122 1990 lust,
149 1941 182 1980 ea
208 1942 318 1982 eorum
339 1932 436 1981 autem
457 1942 582 1986 numero
602 1919 692 2000 aliqui
711 1919 771 1981 siut
790 1918 909 1995 diuites,
962 1917 992 1978 ui
1011 1917 1171 1998 repositam

52 2011 175 2056 annonam
202 1998 336 2072 babent,
366 1998 517 2077 quomodo
542 2008 643 2078 petere
668 2017 720 2057 eos
744 1983 949 2076 iubeat,‘quo
995 1995 1075 2054 domi
1099 2013 1170 2055 suae
1197 1993 1214 2004 “

52 2066 148 2146 babent,
166 2086 197 2134 et
216 2086 326 2155 petere
347 2073 377 2133 in
398 2074 485 2148 diem,
505 2075 584 2152 quod
604 2072 722 2148 abunde
739 2071 797 2132 illis
816 2072 845 2131 in
867 2093 976 2133 annom
994 2091 1087 2150 usque
1099 2093 1131 2131 su
1156 2107 1170 2120 -

53 2147 115 2218 petit
151 2149 277 2210 solutio
297 2149 390 2212 facilis
411 2162 469 2210 est:
494 2169 650 2212 monemur
668 2149 747 2208 enim
767 2147 811 2209 bis
830 2148 944 2222 verbis,
963 2145 1019 2206 nisi
1039 2145 1122 2226 quoti
1155 2165 1173 2206 e

53 2239 92 2278 nos
108 2239 201 2302 pascat
215 2227 316 2300 Deus,
335 2225 409 2286 nibil
428 2226 494 2286 fore
515 2225 675 2306 quamlibet
693 2237 829 2285 annonae
842 2243 898 2284 con
922 2223 1027 2284 etiem:
1048 2222 1173 2282 affluant

52 2293 105 2383 licet
120 2303 262 2378 triticum,
281 2305 382 2364 vinnm
403 2315 434 2364 et
451 2301 564 2382 reliqua
581 2302 689 2375 omnia,
709 2301 765 2360 nisi
776 2320 880 2361 arcana
921 2298 1172 2360 eibencdictionc

53 2375 205 2464 erigentur,
237 2381 405 2459 derepente
430 2390 621 2452 evanescent,
650 2377 698 2438 vel
717 2375 868 2440 auferetur
887 2396 990 2436 eorum
1010 2395 1094 2447 usus,
1124 2373 1173 2436 vel

55 2455 144 2513 nutet
167 2477 242 2536 quae
271 2457 330 2517 illis
356 2456 486 2538 ingenita
512 2465 557 2514 est
579 2454 622 2514 vis
643 2455 680 2514 ad
700 2473 755 2512 nos
775 2450 913 2524 alendos,
941 2459 976 2510 ut
994 2449 1120 2510 famelici
1139 2449 1172 2508 in

56 2539 134 2588 nostra
153 2535 238 2612 eopia
258 2534 360 2594 simus.
400 2532 502 2607 Quare
522 2551 585 2591 non
604 2529 710 2588 mirum
731 2537 793 2600 est,
822 2526 846 2586 si
867 2525 1001 2588 Christus
1021 2525 1122 2585 divites
1142 2535 1173 2584 et

55 2599 136 2686 {nopes
155 2611 327 2688 promiscue
347 2610 382 2670 ad
403 2609 561 2668 coelestem
581 2601 871 2677 nutriciumlinvitet.
903 2600 1061 2662 Caeterum
1082 2617 1171 2662 nemo

56 2687 84 2735 tlt
103 2701 133 2740 ex
156 2686 257 2748 animo
288 2678 472 2767 precabitdr,
504 2682 560 2743 nisi
580 2681 629 2762 qui
649 2678 784 2741 didicerit
802 2675 886 2738 Pauli
907 2675 1040 2766 exemplo
1061 2675 1173 2736 esurire

56 2763 77 2809 et
91 2757 241 2840 abundare,
261 2775 298 2823 ut
317 2783 396 2822 suam
417 2759 547 2840 inopiam
567 2758 615 2820 vel
633 2755 807 2818 tenuitatem
828 2773 923 2834 aequo
944 2771 1042 2812 animo
1052 2751 1173 2826 toleret,

56 2848 97 2890 uec
117 2855 144 2894 se
168 2837 268 2900 fallaci
290 2838 488 2898 abundantiae
507 2855 577 2898 suae
596 2833 702 2895 fiducia
722 2830 858 2892 inebriet.
897 2828 931 2889 Si
950 2838 1073 2908 quaerat
1091 2827 1172 2908 quis-

72 2905 129 2994 l²¹¹¹²
146 2917 301 3004 quomodo
343 2935 442 2987 anem,
463 2933 551 2993 quem
570 2909 784 2972 iam'vocamus
802 2921 942 2984 mnam,
961 2916 1095 2988 petamus
1114 2925 1172 2964 no-

73 2989 171 3048 odan:
192 3013 307 3074 respon
330 3011 378 3064 eo,
395 2990 497 3052 vocari
517 3009 577 3050 non
599 2987 680 3069 quod
699 2986 762 3046 iure
783 2985 940 3060 debeatur,
959 2982 1011 3043 sed
1031 2981 1099 3062 quia
1118 3001 1172 3061 pa-

56 3068 121 3122 tems
140 3066 197 3127 Ilei
223 3067 436 3129 benevolentia
462 3065 493 3125 in
518 3087 602 3125 usum
627 3075 760 3124 nostrum
786 3061 946 3122 destinatus
970 3070 1023 3120 est.
1067 3059 1171 3138 Itaque

57 3153 84 3194 tt>
100 3137 157 3219 ipso
176 3155 282 3206 noster
302 3144 439 3217 eflicitur,
459 3143 625 3234 quodcum
645 3137 782 3199 coelestis
791 3137 891 3210 Pater,
908 3157 948 3198 ne
968 3137 1173 3197 desitnostrae

57 3219 216 3295 necessitati,
247 3219 379 3303 gratuito
399 3219 486 3280 nobas
506 3220 606 3280 donat.
643 3215 775 3277 Colendi
795 3214 913 3294 quidem
932 3221 1001 3275 sunt
1019 3212 1098 3296 egri,
1122 3233 1173 3275 su-

58 3285 162 3354 landum
187 3297 218 3358 in
245 3297 422 3379 colligendis
446 3307 543 3355 terrae
569 3292 729 3365 fructibus,
761 3291 929 3352 subeundus
955 3301 999 3349 est
1018 3289 1065 3350 cui
1087 3309 1124 3348 ue
1144 3299 1175 3348 et

58 3359 172 3432 ferendus
195 3372 364 3438 vocationis
389 3393 458 3432 suae
482 3371 583 3444 labor,
616 3382 651 3429 ut
668 3368 725 3428 sibi
744 3367 853 3430 virtum
873 3377 1012 3447 quaerat,
1042 3385 1073 3426 se
1112 3366 1174 3425 boe

59 3457 106 3500 nnn
128 3447 237 3524 obstat,
277 3449 349 3529 quin
373 3450 499 3530 gratuita
522 3448 580 3507 Dei
606 3444 803 3506 beneficentia
822 3463 995 3580 pascamur,
1026 3441 1089 3501 sine
1116 3461 1174 3520 qua

59 3511 145 3581 frustra
177 3547 208 3586 se
235 3525 371 3586 homines
395 3525 546 3586 laboribus
574 3521 764 3584 conficerent.
838 3531 925 3598 taque
952 3516 995 3578 illi
1020 3529 1173 3608 acceptum
1238 3577 1244 3601 ,

59 3587 300 3680 lfrrosdocemur,
330 3601 469 3683 quicquid
493 3600 609 3660 videtur
631 3595 775 3658 industria
799 3605 901 3655 nostra
920 3614 982 3655 csse
1002 3605 1174 3674 quaesitum.
1243 3606 1247 3615 ’

61 3666 135 3732 δὶιιιιιΙ
152 3687 249 3740 tamen
271 3699 307 3738 ex
325 3680 382 3739 boc
401 3677 494 3738 verbo
515 3675 657 3758 colligere
678 3673 763 3744 licet,
789 3672 813 3732 si
835 3671 972 3762 dipinitus
990 3670 1071 3750 pasci
1091 3666 1174 3746 cupi-

58 3761 117 3820 mus,
133 3751 227 3816 alieno
249 3775 313 3816 esse
333 3754 552 3814 abstinendum:
572 3773 603 3812 se
624 3749 702 3810 enim
722 3749 796 3808 nibil
815 3747 960 3826 nisiquod
973 3747 1055 3805 suum
1067 3761 1175 3806 vocare

59 3825 153 3915 l⁰ttlpt
175 3843 334 3914 appetere,
365 3841 511 3890 testantur
536 3847 639 3888 omnes
658 3825 718 3886 Dei
737 3825 863 3900 alumni,
896 3823 1011 3904 quoties
1031 3821 1085 3879 bac
1104 3839 1174 3898 pre-

62 3901 131 3958 ttndr
149 3903 240 3966 forrna
262 3917 393 3966 utuntur.
541 3957 549 3976 ,
1153 3969 1161 3986 .

121 3984 162 4043 tt
209 3983 334 4044 Remitte
361 3981 442 4041 nobis
470 3979 572 4042 debito.
623 3981 679 4040 ttic
708 3975 849 4038 memoria
874 3984 1010 4054 repetere
1036 3981 1175 4032 convenit

63 4051 126 4122 l¹¹⁰d
151 4077 243 4138 nuper
270 4059 342 4134 dixi,
372 4058 522 4118 Cbrlstum
535 4057 577 4115 in
603 4055 772 4140 digerendis
791 4073 911 4114 suorum
930 4048 1006 4108 votis
1026 4067 1088 4137 pon
1106 4067 1175 4128 spe-

62 4131 145 4203 ctasse,
166 4136 234 4212 quid
252 4135 331 4216 prius
342 4148 392 4195 aut
404 4134 549 4216 posterius
561 4133 666 4192 ordine
679 4143 762 4192 esset.
792 4131 868 4189 Nam
880 4147 969 4262 pppum
980 4134 1119 4204 seriptum
1129 4123 1176 4200 sit,

62 4215 164 4326 peccata
183 4224 282 4272 nostra
301 4211 392 4272 instar
412 4210 556 4270 maceriae
577 4229 653 4282 csse,
685 4228 760 4288 quae
780 4227 835 4266 nos
855 4225 871 4264 a
922 4223 949 4262 et
968 4221 1083 4262 accessu
1104 4222 1175 4282 pro-

80 4273 160 4355 beat,
189 4297 219 4345 et
243 4287 332 4348 instar
352 4287 454 4359 nubis,
484 4308 541 4365 qua
562 4285 760 4365 impediuntur
779 4282 840 4353 sius
861 4277 939 4340 oculi
960 4299 997 4338 ne
1017 4277 1178 4358 respiciant

64 4348 175 4438 lle-59,
194 4370 222 4428 ‘b
242 4376 272 4426 et
290 4371 337 4442 ld,
353 4371 400 4435 τι
421 4365 657 4443 Tbren.³,lt.),
677 4381 780 4444 preces
799 4365 915 4420 nocuas
934 4374 1086 4437 sempera
1106 4373 1176 4436 pec·
1213 4455 1215 4460 Ι

1053 4615 1063 4650 Ι
