2766 4840
126 1695 135 1718 ”
162 1696 308 1776 discipulis
338 1709 452 1777 partem
478 1695 746 1788 aliquaruseutire.
785 1696 914 1756 Mortem
935 1694 1035 1773 (sieut
1054 1692 1178 1830 alibigln

1060 1791 1093 1830 us
1158 1794 1179 1830 n

151 253 209 314 290
604 237 719 302 seor.
741 237 855 298 xvur.

155 383 307 460 violenter*
324 415 422 457 rerum
449 395 552 456 sacient
577 403 678 454 mutat.
719 391 819 466 Quum
843 389 944 469 itaque
971 389 1045 450 salso
1070 399 1212 468 putarent
1233 389 1317 449 disci·
1373 433 1374 444 .

155 475 235 567 puli,
260 474 365 564 quietis
386 484 417 532 et
436 471 649 532 dormientibus
673 480 828 529 venturum
854 488 917 526 esse
936 467 996 526 Dei
1016 486 1159 550 reguum,
1187 466 1321 527 terribile

155 551 324 614 incendium
355 551 484 630 opponit
510 549 659 620 Christus,
692 565 752 625 quo
780 545 862 634 prius
895 543 998 604 orbem
1030 543 1166 624 flagrare
1192 553 1321 622 oportet

157 629 237 704 Quia
257 639 353 686 autem
374 629 433 686 iam
450 637 521 686 tuuc
541 623 723 705 apparebant
742 619 922 702 primordia,
941 621 1011 680 binc
1031 619 1195 699 discipulos
1215 620 1323 680 animat

157 703 306 778 Christus,
334 703 400 781 quia
424 703 554 762 sentiant
572 711 757 781 praesentem
776 697 933 776 Evangelii
952 698 1101 758 virtutem.
1142 697 1248 771 Quum
1268 698 1320 756 iam

156 780 285 860 (inquit)
304 781 418 840 seruere
438 779 581 858 incipient
600 776 699 856 magni
719 787 832 848 motus,
858 774 934 833 adeo
958 795 1012 835 vos
1038 793 1239 852 expavescere
1262 795 1320 834 uon

158 859 259 932 decet,
283 868 316 916 ut
335 855 373 916 sit
393 857 466 916 baec
486 855 591 934 potius
604 853 701 914 bonae
721 851 847 912 fiduciae
864 851 999 910 materia:
1020 870 1077 931 ego
1101 850 1227 928 quidem
1249 851 1321 910 bunc

159 951 269 1013 operae
288 953 369 992 meae
390 932 520 992 fructum
536 942 645 990 exstare
667 929 791 1010 gaudeo.
831 925 898 986 Hoc
918 927 996 987 idem
1016 947 1096 986 uune
1118 927 1155 986 ad
1177 947 1210 986 se
1231 938 1322 986 trans

158 1010 256 1070 lerant
276 1029 378 1070 omues
397 1007 552 1090 Evangelii
572 1006 695 1066 ministri
717 1013 854 1084 oportet,
873 1015 907 1062 ut
925 1003 1044 1064 turbato
1065 1003 1181 1065 mundo
1201 1002 1322 1062 alacrius

159 1087 196 1146 ad
216 1085 346 1146 officium
365 1107 447 1144 suurn
467 1083 648 1144 incumbant.
685 1082 855 1142 Notandum
871 1101 963 1159 porro
975 1092 1029 1152 est,
1048 1081 1157 1140 eodem
1170 1079 1323 1139 doetrinae

161 1161 224 1244 igni
243 1163 326 1239 (dum
347 1163 512 1252 promiscue
532 1162 629 1238 ardet)
650 1157 783 1220 consumi
802 1157 901 1237 paleas
921 1169 951 1218 et
969 1156 1118 1236 stipulam,
1138 1177 1238 1216 aurum
1251 1177 1323 1216 vero

79 1325 80 1328 Ἰ
161 1250 191 1298 et
210 1251 364 1320 argeutum
383 1259 513 1320 purgari.

235 1322 286 1380 so.
322 1313 384 1375 sea
403 1313 543 1390 uasa..
564 1311 656 1386 aaa
679 1310 831 1387 emaus.
876 1310 930 1370 nis
954 1309 1052 1370 verus
1079 1269 1242 1370 ereremum
1267 1309 1323 1370 su

160 1405 256 1454 aetum
277 1404 387 1452 restare
405 1393 507 1452 asserit
525 1391 686 1462 Dominus,
710 1401 743 1448 ut
767 1409 818 1448 sua
844 1399 941 1448 morte
969 1387 1197 1448 renovationem
1222 1387 1323 1446 muudi

84 1475 89 1490 '
159 1479 323 1529 consecret.
364 1467 444 1542 Quia
463 1469 541 1528 enim
562 1463 754 1529 formidabilis
775 1473 838 1525 erat
857 1463 906 1524 illa
918 1465 998 1525 cuius
1010 1463 1147 1528 meminit
1158 1465 1325 1536 concussio,

158 1545 282 1606 terroris
311 1545 399 1605 etiam
432 1545 552 1626 plenum
583 1544 655 1609 illud
681 1542 799 1603 humaui
820 1541 940 1679 pauens
965 1539 1152 1615 incendium,
1183 1541 1324 1620 primitias

161 1642 230 1683 rnox
254 1621 284 1680 in
310 1643 361 1681 sua
386 1643 511 1702 persona
538 1619 706 1688 offerendas
731 1638 795 1678 csse
841 1630 924 1693 oeet,
953 1635 992 1678 ue
1025 1616 1134 1678 deiude
1166 1638 1260 1755 qpave
1288 1618 1323 1676 sit

1200 1693 1322 1830 alptismo

1239 1793 1266 1830 er
1294 1791 1322 1828 ru

162 1785 327 1852 comparat,
358 1775 426 1854 quia
457 1795 551 1834 carms
582 1773 703 1832 interitu
735 1771 879 1832 submersi
910 1771 947 1831 ad
977 1781 1058 1906 temp
1094 1845 1118 1905 ‘t

1079 1869 1104 1909 st
1152 1869 1244 1927 quam
1275 1867 1324 1927 per

161 1849 250 1908 vitam
280 1849 368 1927 paulo
394 1862 463 1932 post
487 1861 658 1986 resurqqut,
690 1861 835 1910 ut·mors
865 1847 938 1908 nibil
971 1847 1029 1906 aliu

108 1929 111 1940 ’
161 1926 270 1984 medias
289 1945 377 2004 aquas
397 1927 543 1986 transitus.
575 1944 576 1950 ¹
613 1927 664 1984 icit
682 1938 780 1986 autem
800 1947 831 1984 se
851 1925 991 2007 angustiis
1017 1924 1204 2006 constringi,
1231 1924 1322 1986 donee

116 2554 129 2598 Ι

161 2000 307 2080 baptismo
328 1999 383 2060 isto
403 2001 557 2064 defunctus
577 2003 629 2078 sit,
650 2023 709 2082 quo
728 2001 862 2085 singulos
881 2013 1012 2062 nostrum
1032 2021 1087 2060 suo
1108 2001 1249 2082 exemplo
1268 2013 1322 2062 un

162 2077 204 2136 ῑιΙ)Χ
224 2076 404 2138 subeundam
429 2101 545 2140 erucem
573 2100 659 2160 quarn
684 2080 721 2139 ad
745 2090 871 2139 mortem
897 2077 1096 2158 oppetendam
1119 2077 1231 2159 erigat:
1260 2097 1319 2136 uon

141 2213 148 2242 x
163 2155 247 2244 quod
262 2154 433 2216 naturaliter
451 2169 576 2218 mortem
596 2169 739 2236 oppetere
752 2157 902 2236 quisquam
915 2155 1017 2245 possit,
1035 2151 1083 2213 vel
1096 2152 1188 2214 ullam
1203 2153 1320 2214 inclina-

161 2242 273 2290 uonem
294 2233 458 2309 praesentis
478 2245 584 2308 status,
613 2235 665 2294 sed
692 2233 760 2312 quia
785 2234 853 2294 dum
879 2253 1023 2294 cernamus
1044 2230 1075 2288 in
1095 2231 1245 2291 ulteriore
1263 2231 1320 2319 ripa

161 2307 321 2367 coelestem
342 2308 478 2389 gloriam,
498 2310 614 2371 beatam
635 2324 665 2371 et
684 2308 880 2371 immortalem
901 2309 1039 2388 quietem,
1060 2328 1166 2370 earum
1179 2309 1319 2368 desiderio

162 2404 224 2442 nou
251 2385 346 2472 sulum
371 2387 520 2464 patienter
543 2399 669 2448 mortem
687 2387 835 2462 subimus,
861 2385 911 2446 sed
937 2385 1042 2464 cupide
1068 2385 1160 2444 ctiam
1185 2385 1319 2466 rapimur,

162 2480 222 2538 quo
242 2461 312 2520 tues
333 2472 364 2520 et
382 2483 449 2543 spes
469 2485 524 2524 nos
544 2464 672 2525 trahunt
695 2512 701 2522 ,
987 2483 991 2492 ·

226 2711 348 2789 ἱ(192)
369 2712 538 2777 ΜΑΤΤΗ.
559 2715 658 2778 XXV.
707 2715 735 2778 l.
765 2715 860 2779 Tunc
878 2712 981 2779 similo
1008 2714 1068 2776 erit
1091 2731 1233 2798 regnum
1256 2733 1321 2777 coe-

159 2811 264 2880 lorum
288 2812 400 2878 decem
420 2815 612 2898 virginibus,
643 2839 726 2904 quae
754 2821 887 2903 sumptis
914 2813 1117 2901 lampadibus
1133 2817 1216 2880 ‘suis
1246 2819 1321 2880 exie·
1373 2815 1374 2892 }

160 2927 235 2980 nun
263 2917 295 2980 iu
325 2939 492 2982 occursum
520 2941 651 3004 sponso.
703 2923 733 2986 2.
768 2922 924 3006 Quinque
952 2932 1058 2984 autem
1087 2939 1129 2982 ex
1158 2921 1209 2984 eis
1240 2927 1320 2983 eraut

161 3015 281 3095 fatuae,
314 3021 456 3104 quinque
490 3021 674 3109 prudentes.
722 3027 752 3090 3.
783 3023 878 3110 Quae
908 3034 997 3088 erant
1025 3023 1146 3098 fatuae,
1183 3025 1320 3106 acceptis

136 3117 362 3206 ‘lampadibus
389 3125 454 3231 pm's
482 3146 549 3190 nou
575 3139 779 3210 sumpserunt
808 3127 917 3194 oleum
945 3132 1070 3190 secum:
1119 3129 1150 3189 4.
1179 3125 1320 3190 Pruden-

155 3233 209 3304 ,tes
236 3243 314 3288 vero
341 3239 544 3320 sumpserunt
572 3227 679 3294 oleum
707 3230 741 3294 iu
770 3233 854 3295 vasis
882 3222 948 3296 suis
975 3250 1040 3294 uua
1067 3249 1140 3292 cum
1170 3225 1322 3316 lampadi-

161 3322 231 3390 bus.
288 3329 316 3392 5.
350 3330 514 3395 ‘l'ardante
547 3351 626 3398 vero
665 3354 800 3419 sponso,
840 3333 1093 3400 dormitaverunt
1132 3351 1251 3396 omues
1289 3349 1321 3392 ac
1373 3391 1374 3402 ,

159 3425 368 3498 dormierunt.
407 3435 438 3496 ti.
467 3433 569 3504 Porro
597 3435 706 3501 medio
734 3437 839 3500 noctis
866 3434 988 3510 clamor
1009 3433 1111 3500 lactus
1134 3445 1198 3510 est,
1231 3433 1323 3504 Eece.

160 3553 297 3617 sponsus
323 3539 425 3600 veuit:
455 3537 537 3600 exite
565 3536 692 3602 obviam
721 3541 760 3602 oi.
812 3539 839 3604 t.
863 3538 958 3602 Tunc
979 3547 1189 3606 surrexerunt
1210 3555 1321 3600 omnes

159 3638 299 3721 virginea
330 3637 422 3716 illae,
464 3649 496 3705 et
528 3651 765 3726 apparaverunt
796 3639 962 3728 lampades
993 3663 1075 3707 suas.
1133 3642 1165 3706 Θ.
1198 3639 1319 3703 Fatuae
1373 3701 1374 3716 ,

159 3751 263 3806 autem
299 3737 513 3826 prudentibus
547 3742 711 3822 dixerunt,
749 3744 834 3811 Date
876 3741 973 3810 nobis
1010 3743 1052 3810 de
1085 3742 1164 3809 oleo
1198 3753 1322 3811 vestro:
1373 3787 1374 3794 .

58 3933 61 3940 1
159 3846 233 3928 quia
268 3841 433 3928 lampades
466 3843 596 3912 nostrae
634 3850 898 3932 exstinguuntur?
941 3849 971 3912 9.
1007 3849 1049 3912 At
1082 3845 1323 3933 responderunt

158 3947 348 4030 prudentes,
381 3945 540 4030 dicentes,
570 3951 795 4038 Nequaquam,
832 3973 874 4016 nc
906 3971 975 4017 nou
1001 3949 1143 4015 sufficiat
1168 3947 1265 4015 vobis
1293 3959 1323 4012 et

158 4049 269 4115 nobis:
299 4048 357 4114 sed
389 4052 433 4114 ite
462 4055 568 4136 potius
594 4053 636 4120 ad
663 4075 733 4132 eos,
766 4057 821 4140 qni
851 4053 1011 4133 vendunt,
1045 4065 1078 4120 et
1105 4058 1203 4120 emite
1230 4049 1324 4118 robis
1373 4099 1374 4108 .

158 4151 244 4238 ipsis.
286 4154 334 4216 10.
363 4153 466 4221 Porro
495 4155 572 4239 dnm
591 4157 675 4222 irent
697 4169 852 4242 emptum,
879 4164 1151 4244 venittsponsus,
1175 4153 1212 4222 let
1241 4177 1322 4244 qnae
1373 4159 1374 4164 ’

101 4353 104 4360 ¹
158 4261 291 4335 paratae
319 4245 426 4333 crartt',
451 4262 651 4324 intraverunt
676 4281 747 4324 eum
776 4283 817 4329 eo
841 4261 881 4328 od
904 4262 1048 4346 nuptias,
1075 4259 1255 4349 clausaque
1278 4273 1322 4324 est

132 4353 263 4416 ‚ianua
308 4356 355 4421 n.
388 4360 503 4426 Postea
528 4355 606 4428 v'ero
634 4364 767 4431 veniunt
795 4375 826 4430 et
854 4363 999 4450 reliquae
1026 4365 1183 4448 virgines,
1213 4363 1322 4430 dicen-
1373 4383 1374 4446 t
