2766 4834
361 239 522 318 (tt-ts
545 235 703 300 boioariae
722 236 911 320 prophetia.)
1161 243 1200 310 41

53 409 111 480 asp
131 387 419 478 est-participium:
439 409 508 480 uem
524 409 631 472 graece
648 401 693 452 est
712 392 840 480 dmotp',
859 389 919 454 boe
930 401 985 466 est,
1003 409 1037 452 re
1059 363 1202 454 'sorien-

54 468 124 542 talu,
145 488 199 526 ens
222 465 364 528 Occasus
383 477 558 546 opponitur.
597 467 633 526 ln
653 466 711 527 hoc
730 463 845 526 extolbt
864 466 1019 528 Zacharias
1065 467 1093 527 ei
1112 469 1202 532 mise·

53 543 235 616 rie'ordiam‚
264 543 350 622 qnod
371 541 507 618 discussis
524 543 628 604 mortis
646 539 777 603 tenebris
797 541 844 602 lux
862 544 940 604 ritae
960 543 1050 605 luerit
1067 544 1202 608 restituta

52 619 163 700 populo
185 618 265 678 Dei.
306 619 344 678 ln
369 617 450 678 hune
474 619 612 695 modum,
644 617 761 714 quoties
785 620 823 679 de
846 619 941 682 salute
967 633 1069 683 nostra
1094 619 1203 703 agitur,
1321 620 1334 664 ’κ

51 710 164 786 neuter
197 695 241 756 ad
268 694 332 756 Dei
362 695 593 756 misericordium
623 713 740 788 erigere
764 695 914 788 convenit
952 697 1080 758 Videtur
1104 708 1202 788 autem

51 773 151 833 allusio
177 791 252 832 esee
280 773 319 830 ad
341 791 406 851 esp.
423 779 451 834 d.
470 793 498 830 v.
512 779 541 836 ⁶2.
560 770 737 846 Malachiae,
769 771 820 832 uhi
841 769 975 834 Christus
995 773 1050 834 Sol
1074 773 1203 834 iustitiae

52 861 187 923 roratur,
209 849 378 910 sanitatem
396 847 429 907 in
451 847 514 920 slis,
533 847 591 908 hoc
612 861 670 922 est,
688 847 776 908 radiis
795 849 853 910 suis
873 861 1006 930 portans.
1047 849 1202 926 Quantum

55 1001 94 1062 Po
115 1001 200 1077 ulus,
225 1002 281 1084 qui
303 999 476 1061 ambulabat
495 999 525 1060 io
545 997 692 1076 leuchi-is,
711 999 784 1061 vidit
802 1001 898 1064 lucem
917 1023 1069 1086 magnam,
1095 1001 1201 1066 incolas

57 1023 169 1139 umbrae
191 1076 311 1138 mortis
332 1077 382 1146 lux
403 1089 469 1136 ortu
489 1089 546 1137 est:
567 1087 598 1138 et
615 1075 750 1170 pluribus
770 1076 835 1139 aliis
854 1079 936 1140 locis.
976 1081 1135 1144 Caeterum
1155 1078 1202 1154 his

57 1156 144 1216 serbis
165 1156 343 1230 docemur,
380 1153 455 1213 nihil
483 1173 544 1214 esse
567 1153 701 1216 vivificae
727 1153 799 1214 lucis
822 1153 855 1216 in
872 1156 984 1220 mundo
1012 1168 1090 1216 extra
1111 1154 1202 1216 Chri-

56 1247 138 1306 stum,
157 1233 218 1296 sed
242 1231 350 1291 omnia
370 1229 508 1290 horribili
526 1230 632 1306 mortis¹
650 1229 777 1312 caligine
797 1233 950 1312 occupari:
971 1231 1040 1295 ideo
1059 1231 1130 1294 stibi
1150 1231 1201 1300 le-

55 1307 117 1368 saias
137 1306 335 1370 beneficium
355 1307 415 1368 hoc
435 1305 491 1366 soli
510 1305 663 1369 Ecclesiae
684 1327 740 1388 pro
764 1305 839 1366 rium
860 1328 922 1368 esse
941 1320 1079 1385 testatus,
1111 1310 1202 1385 Ecce,

55 1385 152 1464 meent,
171 1383 334 1446 tenebrae
355 1382 496 1473 operient
514 1394 691 1474 terremuet
711 1327 808 1472 caiigo
828 1404 869 1474 po
892 1384 971 1474 ulos:
990 1395 1128 1464 superte
1148 1406 1201 1444 au-

55 1475 106 1521 tem
125 1463 254 1522 orietur
275 1461 443 1535 Dominus,
465 1469 495 1518 et
533 1459 608 1520 lons
628 1477 690 1526 erus
710 1469 742 1518 sn
762 1471 793 1519 te
812 1405 961 1522 videbitur
979 1461 1029 1556 (ca
1051 1505 1059 1520 .
1078 1453 1118 1526 hb
1148 1463 1201 1536 1.)
1262 1531 1277 1542 ³

56 1539 221 1613 Quaeritur
246 1549 371 1612 tamen,
400 1479 552 1616 quomoio
575 1533 701 1596 metm
724 1539 756 1594 iss
780 1535 885 1596 umbro
911 1549 1013 1596 morus
1069 1503 1210 1617 tacitus,

56 1636 176 1705 quorum
198 1611 353 1680 cordibus
378 1632 497 1703 semper
515 1611 662 1677 Dominus
688 1611 849 1694 perfidem
868 1610 971 1674 illuxit
1008 1611 1201 1694 Respondes,

55 927 87 984 ad
103 926 201 986 hun
221 939 254 986 et
271 921 425 1000 ιωώηυ,
445 923 553 985 similes
568 909 640 984 hunt
659 924 849 1004 loquutioues
868 928 947 1006 apud
965 925 1089 988 Iessism
1107 933 1144 1000 9,
1162 927 1214 1018 ιε,ἲ
1309 965 1328 979 ,

57 1713 130 1771 pros,
165 1691 223 1772 qui
245 1689 305 1752 suh
327 1689 412 1770 Lege
432 1699 581 1764 vixemnt,
613 1709 703 1768 quum
723 1689 853 1770 undique
873 1689 962 1751 cincti
981 1701 1081 1758 essent
1097 1687 1202 1750 mortis
1250 1753 1253 1760 ,
1345 1751 1349 1758 .

56 1768 202 1846 tenebris,
236 1767 340 1828 lucem
361 1766 392 1824 in
414 1763 523 1836 Christi
547 1765 676 1826 adventu
695 1766 801 1846 procul
827 1766 971 1842 intuitos,
1004 1786 1060 1848 qua
1080 1760 1203 1826 luerunt

55 1847 196 1920 recreati,
218 1863 264 1906 ne
284 1841 438 1924 praesenti
456 1846 553 1902 inorte
572 1840 779 1904 obruerentur.
815 1841 897 1904 Fieri
916 1843 1004 1904 etiam
1023 1853 1140 1925 potest,
1167 1853 1202 1902 ut

58 1923 211 1982 Zacharias
239 1921 280 1982 ad
307 1919 448 1980 miserum
471 1917 614 1998 temporis
638 1918 683 1978 sni
707 1930 813 1978 statum
837 1920 1010 2002 respexerit.
1055 1917 1117 1980 Sed
1141 1918 1201 1979 hoc

57 1999 242 2078 generaliter
261 2017 367 2056 verum
388 2007 450 2068 est,
481 1992 592 2055 Christi
617 1995 746 2058 adventu
770 1995 865 2058 lucem
891 1996 948 2078 piis
968 1996 1122 2072 omnihus,
1150 1993 1202 2074 qui

90 2077 131 2135 'm
150 2075 283 2136 fuerant
304 2085 335 2134 et
354 2071 462 2134 deiude
482 2071 572 2131 sutori
593 2082 692 2146 erant,
711 2091 775 2137 esse
795 2085 936 2150 exortam,
957 2094 1032 2154 quse
1053 2093 1104 2133 eos
1124 2071 1201 2132 uivi-
1229 2133 1242 2154 x

109 2165 135 2212 t:
170 2151 249 2232 quie
268 2149 359 2210 vitam
379 2147 412 2208 in
430 2159 564 2209 mortuos
588 2167 708 2229 quoque
728 2145 857 2213 diffudit.
894 2147 1003 2210 Sedere
1026 2146 1200 2213 tantundem

58 2229 131 2290 salet
140 2228 306 2290 sciscere.
324 2222 682 2288 IdeolesuissEcclesism
692 2245 814 2309 surgere
826 2224 919 2302 iubet,
928 2225 980 2288 uhi
991 2225 1118 2308 allulget
1128 2224 1200 2292 dies.

127 2313 183 2372 79.
223 2301 286 2364 Ad
314 2297 483 2379 dirigendos
505 2299 602 2392 pedes.
649 2301 713 2362 Hac
745 2300 887 2384 particule
919 2303 1010 2364 docet
1037 2301 1202 2376 Zacharias,
1311 2343 1324 2366 a

58 2381 285 2464 perlectionem
314 2379 411 2442 omnis
441 2377 514 2438 bom
540 2390 571 2438 et
595 2375 745 2440 felicitatis
768 2399 910 2440 summam
934 2377 1056 2452 insolo
1078 2375 1200 2441 Christo

59 2480 127 2520 esse.
170 2459 285 2518 Posset
307 2455 428 2537 quidem
454 2453 485 2514 in
510 2453 636 2545 proprio
661 2473 748 2514 sensu
761 2453 863 2535 eccipi
876 2475 1001 2526 ,nomen
1013 2451 1114 2528 Pacis,
1143 2473 1202 2519 nee

58 2536 131 2596 mle
159 2531 357 2596 conveniret:
411 2529 465 2606 uis⁴
480 2525 657 2594 illummatio
679 2528 791 2594 Christi
817 2532 853 2591 ad
878 2531 1023 2610 pacandas
1047 2527 1200 2604 hominum

57 2623 174 2672 mentes
206 2609 297 2670 valet
348 2552 410 2670 Se]
436 2607 504 2688 quia
529 2605 674 2696 Hebraeis
693 2627 769 2696 pn
792 2605 911 2666 beatum
942 2603 1073 2696 omnium
1102 2625 1201 2694 perum
1271 2613 1282 2670 ζ

60 2709 230 2752 merosum
247 2685 414 2768 siguificat,
441 2704 503 2744 non
524 2683 630 2744 dubito
652 2703 722 2763 qum
736 2682 897 2750 ‘Zacharias
916 2679 1067 2744 Christum
1087 2676 1136 2740 luc
1155 2679 1201 2740 la-

61 2787 126 2826 cere
147 2763 226 2826 velit
244 2762 397 2844 perlectae
417 2759 606 2824 beatitudinis
627 2769 795 2834 auctorem,
827 2779 865 2820 ne
907 2778 974 2818 uam
990 2746 1073 2834 honi,
1086 2766 1201 2837 partem

62 2841 130 2901 alibi
151 2861 345 2924 quaeamus,
376 2835 430 2898 sed
454 2837 539 2914 omui
556 2857 591 2896 ex
609 2847 694 2917 parte
719 2857 753 2897 ae
772 2833 867 2898 solide
886 2777 991 2900 Sestos
1011 2855 1074 2896 esse
1094 2853 1149 2895 nos
1169 2831 1201 2894 in

63 2917 185 2980 Christo
229 2914 339 2980 emuesi
364 2913 396 2974 in
423 2933 460 2974 eo
479 2913 545 2984 solo
566 2911 791 2994 acquiescemus.
831 2913 903 2990 Quo
922 2922 1058 2994 spectant
1081 2903 1202 2989 illale-

63 2996 139 3056 saiae
158 2937 265 3067 veria,
282 2993 354 3056 Non
376 2990 490 3064 lucebit
504 2969 559 3051 tihi
574 2988 697 3069 amplius
712 2989 758 3062 sol
779 2989 919 3064 interdiu,
938 3009 977 3052 oe
999 3008 1036 3049 ue
1056 2987 1126 3048 luna
1145 3007 1202 3068 per

63 3085 198 3133 noctem:
218 3070 273 3134 sed
294 3068 353 3129 erit
371 3065 427 3130 tihi
444 3067 592 3134 Dominus
606 3065 642 3131 ,iu
662 3065 757 3128 lucem
777 3078 951 3158 perpetuam
970 3010 1042 3146 (ies.
1060 3071 1109 3139 6⁰,
1128 3068 1201 3140 su).

66 3147 183 3223 Quodsi
194 3145 352 3208 Zacharias
363 3143 429 3204 solo
450 3137 502 3204 lilii
517 3143 562 3204 sui
573 3141 669 3204 adhuc
680 3143 799 3204 insanus
812 3153 976 3224 conspectu
988 3141 1122 3204 inductus
1134 3139 1202 3216 luit,
1302 3191 1312 3202 .

65 3237 97 3284 ut
115 3227 153 3286 de
165 3221 388 3306 christigratia
407 3231 438 3280 et
447 3219 566 3295 virtute,
586 3219 754 3300 priusquam
773 3233 953 3294 nasceretur,
972 3231 1031 3282 tam
1043 3216 1202 3300 magnifice

66 3303 233 3375 dissereret,
247 3317 291 3362 un
311 3317 376 3360 nou
395 3307 492 3358 teret
511 3307 614 3376 quater
634 3296 743 3378 ingrati
764 3308 842 3372 suut,
862 3297 912 3377 qui
932 3298 969 3358 de
983 3295 1104 3357 Christo
1117 3306 1201 3376 post-

68 3399 151 3458 quam
171 3389 308 3438 mortuus
329 3385 384 3450 est,
402 3373 571 3447 resurrexit,
590 3384 622 3432 et
640 3373 773 3434 ascendit
791 3374 822 3434 in
843 3373 970 3449 coelum,
989 3384 1023 3433 ut
1041 3372 1078 3431 ad
1097 3371 1202 3432 dexte-

68 3478 127 3516 ram
150 3453 250 3516 Patris
280 3449 384 3512 sedeat
428 3449 522 3510 minus
550 3449 715 3510 honorilice
743 3450 877 3510 sentiunt
904 3471 939 3510 se
971 3447 1034 3510 eius
1061 3447 1201 3510 virtutem

69 3541 243 3606 extenuant,
267 3527 350 3589 cuius
371 3493 471 3608 elogio
492 3537 612 3587 ornatus
632 3525 689 3585 luit
708 3547 724 3586 a
745 3523 859 3606 Spiritu
879 3525 975 3587 adhue
994 3537 1080 3586 utero
1100 3524 1201 3610 metris

68 3607 213 3672 inclusus?
252 3603 432 3664 Tenendum
453 3603 531 3662 enim
549 3602 692 3663 memoris
713 3603 857 3684 estquod
876 3603 956 3684 prius
975 3601 1077 3683 attigi,
1101 3619 1201 3664 noue

68 3707 98 3746 se
107 3685 181 3822 bipso
206 3683 366 3764 loquutum
391 3699 453 3740 esse
478 3679 665 3754 zachariam,
692 3679 745 3742 sed
763 3679 877 3762 Spiritu
895 3679 956 3740 Dei
982 3678 1113 3761 linguam
1139 3674 1202 3754 eius

128 3771 263 3822 ernaute.

69 3783 106 3843 gu
141 3845 190 3906 8⁰·
229 3835 312 3896 Puer
329 3845 424 3893 maen
441 3827 590 3892 nesoehm.
628 3831 697 3893 Hoc
723 3831 759 3892 sd
778 3832 936 3895 texendum
960 3829 1100 3891 historiae
1120 3827 1203 3908 filum

73 3914 179 3976 addidit
196 3913 303 3974 Lucas.
341 3909 444 3970 Primo
469 3919 569 3968 narrat
592 3907 766 3969 roboratum
791 3907 879 3970 luisse
904 3911 1050 3980 loannem
1075 3902 1203 3988 Spiritu,

74 4011 128 4079 qno
146 3989 306 4074 significat,
326 4007 420 4046 raram
442 3997 473 4046 et
491 3984 638 4060 insolitam
652 3986 792 4070 restitisse
804 3986 835 4046 in
848 4005 943 4065 puero
963 3981 1105 4060 indolem,
1147 4005 1202 4044 nee

73 4087 181 4148 signum
202 4075 281 4126 esset
302 4061 459 4122 habitantis
480 4061 510 4120 in
531 4081 568 4122 eo
588 4061 876 4142 coelestisSpiritus:
896 4057 981 4124 simul
1000 4069 1106 4134 ttuuen¹
1120 4005 1202 4135 hicio,

73 4141 182 4204 latuisse
204 4139 309 4222 quasii
333 4136 464 4207 nobilem
485 4137 660 4200 in'desertis
679 4139 820 4222 usquead
840 4137 917 4198 diem
935 4137 1203 4216 ostensionissuae,
1318 4171 1326 4184 ι

75 4218 127 4280 hoc
146 4232 200 4295 est,
213 4237 282 4302 ³quo
328 4213 444 4298 ominus
465 4236 533 4295 enm
549 4211 876 4296 producere'stetueret
914 4211 1005 4274 Unde
1025 4213 1203 4298 colligimus,

75 4289 316 4378 loannem„etsi
342 4289 505 4374 secretionis
529 4311 598 4354 suae
625 4293 720 4371 probe
741 4291 875 4369 conscius
901 4303 979 4364 eret,
1008 4291 1083 4361 nihil
1103 4301 1202 4380 arpen

75 4368 274 4456 autet'empus
293 4387 556 4454 aggressumesse,
574 4369 633 4442 sed,
646 4367 842 4464 obsequentum
864 4388 926 4449 esse
945 4367 1164 4445 Deopocentr.
1238 4429 1250 4458 x
