2764 4854
72 245 80 260 ·
175 231 236 298 396
313 223 431 288 81101.
451 217 517 284 XX.
557 201 691 284 cuniam
710 233 939 282 assunaacrro
959 233 1002 280 nr
1022 233 1198 282 escassro.

176 379 377 455 mendarirma,
395 397 458 438 noo
477 388 577 440 tamen
597 375 728 450 obstitit,
747 374 820 456 quin
839 373 935 436 libere
954 372 1095 434 volitaret
1110 373 1175 432 Eva
1221 371 1272 432 elii
1293 395 1340 434 re-

178 458 248 520 ritas
267 476 361 537 usque
381 455 418 516 ad
438 452 557 515 ultimos
576 463 673 526 terrae
692 452 781 529 lines,
818 450 904 513 sicuti
919 461 1036 513 -cootra
1060 449 1165 510 mundi
1192 470 1213 510 o
1234 452 1343 512 starola

176 533 278 598 victrix
296 552 413 614 semper
432 530 565 614 emergit.

262 853 369 936 (213)
394 851 640 946 1111101111.
682 850 732 916 12.
753 851 830 916 Post
850 848 932 914 haec
951 857 1058 912 autem
1081 843 1218 912 duobus
1240 869 1279 912 ex
1301 851 1342 935 ip-

177 961 221 1026 sis
242 953 481 1038 ambulantibus
501 956 649 1041 apparuit
669 953 703 1020 in
727 951 790 1018 alia
811 951 929 1032 forma,
950 947 1102 1017 euntibus
1125 973 1192 1016 rus.

261 1152 364 1221 Luc.
384 1153 500 1218 xth.
543 1149 592 1216 13.
619 1149 661 1216 Et
683 1171 775 1228 ecee,
796 1149 863 1216 duo
887 1145 1010 1214 axillis
1032 1145 1125 1212 ibant
1147 1147 1270 1213 eodem
1293 1148 1344 1213 die

179 1261 212 1326 in
236 1256 416 1338 castellum,
444 1251 534 1343 q'uod
556 1251 668 1318 aberat
688 1239 793 1339 spaltio
815 1251 990 1318 stadiorum
1012 1255 1185 1338 sexaginta
1208 1249 1343 1316 1111118·

178 1361 369 1449 rosolymis,
400 1359 532 1425 nomine
553 1357 695 1424 Emaurr'
730 1356 780 1422 14.
805 1355 847 1422 Et
873 1357 935 1442 ipsi
962 1351 1246 1440 colloquebantur
1267 1359 1345 1420 inter

178 1485 215 1544 se
237 1462 279 1529 de
300 1466 340 1530 iis
362 1459 528 1542 omnibus,
560 1481 644 1548 quae
667 1447 859 1524 acciderant
902 1459 952 1524 15.
973 1458 1014 1522 Et
1036 1457 1155 1523 lactum
1181 1470 1247 1534 est,
1274 1457 1343 1524 dun

179 1563 467 1640 confabularentur
494 1585 534 1630 ac
561 1541 785 1650 disputarent:
809 1571 843 1627 et
869 1563 939 1646 ipse
961 1562 1050 1626 lesus
1076 1565 1343 1650 appropinquans

178 1659 248 1736 ibat
269 1691 340 1736 cum
362 1665 436 1734 illis.
499 1667 550 1731 111.
578 1665 754 1733 Caeterum
781 1663 870 1730 oculi
891 1663 1020 1731 illorum
1047 1664 1266 1744 tenebantur,
1304 1687 1341 1730 ne

166 1793 252 1838 reum
275 1775 495 1857 agnoscerent.
537 1769 587 1835 17.
613 1769 655 1834 Et
676 1772 721 1834 ait
741 1767 783 1833 ad
804 1767 894 1849 illos,
926 1769 994 1854 Qui
1015 1780 1092 1834 sunt
1113 1768 1147 1834 hi
1171 1789 1341 1842 sermones

178 1895 261 1962 quos
283 1870 438 1938 conier'tis
457 1875 550 1938 inter
575 1891 636 1937 vos
657 1868 874 1952 ambulantes,
905 1882 937 1938 et
958 1873 1034 1937 estis
1055 1874 1187 1940 tristes?
1229 1873 1280 1938 18.
1300 1873 1340 1936 aa

177 1973 381 2063 respondens
408 1979 505 2053 unus,
547 1975 600 2038 cui
624 1995 746 2040 nomen
774 1972 935 2063 Cleopas,
976 1973 1058 2040 dixit
1086 1978 1134 2054 ei,
1176 1977 1229 2042 Ta
1256 1973 1339 2041 seim

177 2083 368 2170 peregrinus
400 2097 435 2142 es
466 2075 721 2164 Hierosolymis,
762 2098 872 2166 neque
903 2081 1099 2165 cognovisti,
1143 2101 1227 2168 qaae
1256 2079 1337 2142 laeta

167 2194 251 2252 <sunt
278 2182 347 2250 illic
374 2178 585 2248 hisdiebus?
628 2181 677 2246 19.
703 2179 834 2266 Quibus
858 2180 915 2246 ille
942 2179 1037 2262 dixit,
1071 2180 1190 2268 Quae?
1227 2181 1269 2246 Et
1290 2181 1338 2246 di-

176 2295 291 2398 xprunt
312 2288 364 2364 ei,
390 2283 444 2349 De
466 2283 541 2348 lesu
559 2282 747 2362 Nenenene,
780 2285 837 2372 qui
859 2286 917 2351 luit
938 2289 988 2353 vir
1008 2285 1193 2372 Propheta,
1221 2297 1336 2374 potens

178 2409 280 2477 opere
307 2397 340 2454 et
365 2405 513 2483 sermone
541 2409 649 2454 coram
670 2385 745 2454 Deo
775 2398 808 2453 81
832 2399 903 2455 toto
930 2386 1072 2477 populo:
1115 2389 1338 2474 2111118118

177 2493 278 2561 modo
306 2487 508 2558 tradiderunt
536 2513 609 2556 eum
635 2492 749 2558 summi
776 2491 963 2559 sacerdotes
991 2503 1024 2558 81
1051 2495 1221 2581 principes
1242 2492 1339 2556 nostri

177 2599 212 2664 in
245 2592 546 2662 condemnationem
579 2598 705 2675 mortis,
749 2603 782 2661 et
808 2595 1034 2661 crucifixerunt
1067 2618 1152 2664 eum.
1195 2597 1250 2662 21.
1276 2595 1338 2660 Nos

178 2707 285 2768 antem
312 2695 535 2786 sperabamus,
577 2720 650 2765 eum
678 2719 749 2765 8888
774 2696 880 2776 illum,
922 2703 977 2786 qui
1007 2699 1243 2786 redempturus
1265 2707 1338 2764 esset

177 2799 294 2870 lsrael:
333 2801 545 2888 atquiqsupar
565 2799 776 2868 haecomnia
797 2804 910 2868 tertius
932 2801 1002 2870 dies
1023 2809 1072 2870 est
1094 2803 1215 2884 hodie,
1259 2799 1338 2890 quod

177 2906 261 2974 haec
280 2903 365 2970 lacta
385 2912 467 2969 sunt.
510 2905 560 2968 22
591 2904 660 2982 Sed
689 2913 722 2970 et
748 2903 901 2971 mulieres
928 2907 1086 2994 quaedam
1118 2929 1160 2972 ex
1182 2906 1283 2974 nobis
1302 2915 1338 2968 at·

177 3011 299 3076 touitos
319 3004 495 3072 reddidere
516 3027 591 3084 nos,
625 3027 709 3094 quae
737 3005 883 3076 diluculo
912 3009 1133 3096 pervenerunt
1162 3009 1207 3075 ad
1236 3031 1339 3074 monn-

176 3123 332 3180 mentum:
373 3109 424 3175 23.
449 3107 493 3174 Et
516 3128 584 3176 non
604 3109 737 3174 invento
760 3131 899 3197 corpore
922 3113 1005 3192 eius,
1046 3125 1218 3180 venerunt
1240 3113 1339 3180 dicru-

176 3227 241 3295 tes,
281 3234 318 3280 se
340 3214 434 3278 etiam
455 3215 613 3278 visionem
636 3211 822 3298 angelorum
843 3215 976 3295 vidisse,
1006 3194 1076 3302 'qui
1098 3215 1257 3283 dicerent
1276 3237 1339 3281 ean

176 3323 296 3386 vivere.
337 3315 389 3382 24.
418 3317 460 3381 Et
486 3312 636 3382 abierunt
657 3314 788 3402 quidam
811 3337 936 3397 eorum,
977 3323 1033 3407 qui
1057 3331 1152 3385 erant
1175 3320 1341 3387 nobiscum

33 3446 38 3456 ‘
176 3423 219 3492 ad
244 3429 501 3500 monumentum,
541 3428 574 3485 et
603 3419 646 3484 ita
672 3431 864 3506 repererunt
888 3423 969 3488 sicut
995 3423 1154 3490 mulieres
1183 3424 1343 3491 dixerant:

175 3530 279 3617 ipsum
300 3543 381 3590 veru
402 3541 469 3587 nou
490 3520 650 3587 viderunt.
691 3521 742 3587 25.
769 3521 812 3588 Et
823 3524 907 3608 ipse,
924 3525 1002 3593 dixit
1023 3527 1065 3593 ad
1088 3549 1167 3607 eos,
1201 3529 1238 3594 Ο
1260 3528 1343 3595 stnlti

176 3643 210 3698 et
230 3629 316 3699 tardi
337 3624 437 3696 corde
459 3623 501 3691 ad
524 3624 722 3691 credendum
747 3627 782 3692 in
804 3625 970 3708 omnibus,
1010 3651 1095 3718 quae
1117 3631 1253 3720 loquuti
1273 3643 1344 3698 sont

176 3735 374 3824 Prophetae!
426 3731 478 3796 26.
506 3729 626 3795 Nonne
652 3727 735 3793 haec
765 3734 909 3814 oportuit
929 3735 995 3818 pati
1018 3733 1208 3818 Christum,
1249 3749 1283 3803 et
1304 3729 1370 3802 in·l

175 3847 262 3904 trare
288 3837 322 3904 in
349 3833 490 3922 gloriam,
506 3831 619 3898 suamt
660 3832 712 3896 27.
740 3833 782 3898 Et
809 3855 941 3900 exorsus
969 3835 1106 3901 alilose
1136 3851 1174 3904 et
1195 3839 1369 3912 omnihus,

174 3941 359 4029 Prophetis,
393 3934 666 4023 interpretabatur
694 3933 759 4002 illis
788 3939 821 4002 in
849 3934 999 4004 omnihus
1025 3935 1224 4024 scripturis,
1268 3965 1369 4037 quaeq

176 4043 218 4112 de
239 4049 312 4133 ipso
334 4052 435 4109 erant.
475 4041 527 4108 28.
548 4041 590 4106 Et
611 4043 954 4128 appropinquaverunt
975 4037 1126 4120 castello,
1151 4067 1224 4130 quo
1247 4045 1343 4111 ibant:

144 4212 146 4216 .
175 4155 209 4210 et
234 4147 304 4232 ipse
332 4166 410 4230 prae
438 4166 474 4212 se
501 4141 641 4222 larebat,
682 4163 718 4207 se
751 4141 879 4230 longius
906 4147 962 4209 ire.
1023 4144 1075 4206 29.
1100 4141 1144 4211 Et
1168 4159 1342 4234 coegerunt

172 4245 279 4326 illum,
321 4245 480 4330 dicentes,
522 4249 622 4316 Mane
643 4245 828 4326 nobiscum,
866 4249 1016 4334 quoniam
1039 4251 1148 4334 vergit
1171 4251 1217 4316 ad
1238 4257 1368 4338 vespe-i

172 4369 255 4432 ram,
295 4361 328 4418 et
357 4351 530 4422 inclinatas
562 4362 610 4420 est
642 4349 720 4418 dies.
784 4351 825 4416 Et
846 4351 988 4428 intravit,
1025 4361 1062 4416 ut
1093 4369 1250 4424 maneret
1278 4375 1340 4421 cun
