2766 4840
169 189 228 290 :ltu
295 169 301 196 l
396 219 613 283 SECT.X1X.
653 235 785 282 cusrsrr
805 234 921 285 nsssro
941 167 1104 314 sinuas.

172 373 317 458 designat,
336 375 387 436 sed
405 386 502 436 totum
516 359 680 436 humanum
700 395 806 468 genus:
825 376 931 438 multos
949 377 1028 439 euim
1043 381 1096 438 essi
1114 379 1257 458 opponit,
1277 381 1334 440 acsi

172 451 302 528 diceret,
335 473 368 512 se
392 453 568 512 non'unius
591 453 721 533 'hominus
753 453 820 512 lore
849 455 1084 535 redemptorem,
1123 457 1176 516 sed
1206 469 1334 517 mortem
1374 499 1375 528 ,

137 533 145 558 ¹
172 529 270 603 obire,
288 539 321 590 ιιι
334 527 441 588 multos
461 541 572 589 areatu
583 529 797 590 rnsledictIonis
807 528 921 590 liberet.
959 533 1024 592 Nec
1044 531 1168 598 duhiusn
1187 536 1246 605 est,
1265 536 1335 613 quin

173 605 308 673 Christus
319 625 429 686 paucos
440 605 604 685 alloquens,
622 626 807 666 communem
819 607 951 688 pluribus
967 609 1132 669 doctrinam
1139 610 1242 670 lacere
1252 610 1334 669 rolu-

172 681 239 742 erit.
281 683 452 743 Notandum
477 695 577 743 tamen
602 683 688 744 simul
712 695 773 756 est,
798 685 880 762 quod
901 705 920 742 a
945 684 983 744 ud
1008 685 1119 746 Lucam
1147 691 1220 764 (pro
1243 686 1336 764 estse)

171 758 346 818 nominatim
366 757 525 852 discipulos
545 759 726 840 compellans
741 759 906 842 singolosh
930 762 989 820 eles
1002 763 1149 838 hortatur,
1170 775 1203 822 ut
1217 765 1333 846 saugui-

171 835 217 896 nis
238 834 416 896 effusionem
441 859 472 896 m
491 856 575 898 suum
594 857 678 896 usum
698 836 931 896 accommodent
969 839 1052 920 Ergo
1073 841 1144 898 dum
1167 841 1205 900 ad
1224 861 1335 901 sacram

77 953 83 974 .
171 931 301 972 mensam
322 913 502 988 accedimus,
526 933 589 972 non
613 913 707 974 solum
728 913 800 973 haee
820 914 966 994 generalis
987 915 1132 999 cogitatio
1151 914 1185 976 in
1205 928 1336 976 mentem

172 987 284 1064 veniat,
302 979 486 1070 redemptum
509 987 619 1050 Christi
638 989 780 1072 sanguiue
801 991 1033 1067 essemundum,
1050 993 1105 1052 sed
1125 1013 1182 1073 pro
1201 1013 1235 1052 se
1256 994 1335 1074 quis-

8 1053 9 1058 *
54 1099 56 1104 ι
171 1084 231 1200 pue
250 1076 369 1145 reputet
393 1073 514 1146 peccata
538 1087 590 1126 sua
616 1065 730 1147 expiata
757 1086 828 1134 esse.
866 1065 946 1126 Noni
965 1069 1151 1132 recenseat
1189 1069 1286 1131 Lucas
1307 1084 1337 1131 et

198 1139 280 1202 aulus
299 1140 394 1216 aliter,
419 1144 534 1203 Νονιιπι
555 1144 768 1203 Testamentum
786 1145 818 1202 s'ss
836 1147 993 1220 srmguine:
1018 1146 1126 1206 eodem
1144 1157 1243 1206 tamen
1263 1168 1337 1206 seu-

172 1239 222 1293 su,
246 1217 313 1297 quia
338 1219 443 1280 foedus
468 1220 525 1279 hoc
549 1241 612 1282 non
632 1219 688 1280 nisi
705 1219 851 1300 spirituali
876 1221 1024 1304 sanguinis
1049 1223 1175 1302 potIone
1192 1225 1338 1298 sancitur,
1374 1227 1375 1232 ’

170 1306 205 1354 ιιι
228 1294 344 1354 firmum
367 1295 405 1354 sit
429 1306 460 1356 et
484 1297 595 1356 efficax.
634 1289 793 1376 Caeterum
819 1296 888 1357 hinc
913 1297 1058 1434 colligere
1081 1307 1255 1380 promptum
1282 1313 1338 1374 est,

172 1391 260 1450 quam
273 1371 363 1432 stulte
374 1373 569 1452 superstitiosi
579 1373 638 1433 sint
649 1373 785 1454 Papistae
804 1385 834 1432 et
851 1374 969 1449 similes,
1010 1397 1057 1434 nm
1073 1376 1167 1436 verba
1185 1377 1338 1437 mordicus

170 1448 324 1528 arripiunt.
366 1448 507 1524 Quamvis
521 1450 598 1510 enim
613 1462 746 1531 crepent,
766 1449 841 1512 haec
852 1450 978 1530 Spiritus
989 1452 1082 1512 sancti
1094 1453 1245 1533 expositio
1256 1455 1337 1514 reiici

168 1543 234 1603 nou
255 1534 370 1605 potest,
396 1526 476 1605 quod
501 1527 574 1588 calix
598 1539 723 1589 vocetur
747 1526 880 1619 sanguis,
905 1527 973 1607 quia
998 1535 1212 1588 testamentum
1238 1542 1284 1590 est
1306 1533 1335 1590 iu

120 1609 128 1622 “
169 1601 324 1683 sanguine.
362 1603 454 1682 Atqui
475 1603 576 1663 eadem
596 1615 641 1664 est
659 1602 743 1694 panis
762 1614 851 1664 ratio:
877 1605 956 1664 uude
979 1618 1121 1684 sequetur
1143 1607 1251 1667 vocari
1271 1629 1336 1668 cor-

169 1699 241 1756 pus,
274 1679 342 1770 quia
366 1689 572 1740 testamentum
598 1692 642 1740 est
667 1701 698 1739 ιιι
723 1700 862 1760 corpore.
899 1681 970 1742 Non
997 1693 1041 1742 est
1068 1683 1145 1758 iam,
1176 1705 1231 1744 cur
1250 1685 1333 1750 tte·

169 1753 349 1834 simplicibus
370 1755 479 1816 Christi
499 1755 596 1818 uerbis
612 1777 679 1818 esee
699 1755 862 1816 hahendam
883 1757 1077 1833 contendant,
1097 1761 1249 1821 extraneis
1266 1783 1334 1820 sero

171 1831 347 1890 commentis
372 1831 547 1897 claudendas
572 1854 635 1896 esse
659 1853 758 1894 aures:
798 1833 932 1894 Christus
956 1846 1001 1895 est
1024 1837 1090 1916 ipse
1116 1837 1170 1916 qui
1197 1837 1334 1918 loquitur,

170 1926 258 1986 quem
279 1906 418 1967 idoneum
443 1909 487 1968 sui
511 1908 656 1970 sermonis
679 1909 875 1990 interpretem
894 1930 956 1971 esse
976 1931 1037 1972 non
1058 1912 1234 1995 negabunt:
1258 1915 1334 1993 atqui

168 1981 266 2062 palem
287 1985 432 2057 ostendit,
457 2005 518 2044 non
545 1987 600 2046 alia
624 1986 740 2046 ratione
768 2007 799 2046 se
825 2007 931 2068 panem
956 2009 1078 2049 vocasse
1105 2010 1221 2070 corpus
1244 2013 1333 2062 suum,

101 2070 108 2083 ·
168 2057 226 2118 nisi
246 2059 313 2140 quia
333 2060 487 2122 nobiscnm
507 2061 610 2123 foedus
623 2075 774 2124 aeterrnsm
789 2063 914 2146 pepigit,
934 2075 976 2137 ut,
995 2065 1144 2126 sacrificio
1167 2069 1254 2128 semel
1273 2067 1328 2125 oh-

169 2135 242 2210 lato,
261 2136 453 2216 spiritualiter
473 2159 551 2200 nunc
571 2137 733 2220 epulemur.
772 2141 870 2202 Porro
887 2141 933 2200 hio
950 2142 1008 2200 duo
1024 2154 1132 2203 notatu
1152 2143 1330 2224 diguasunt:

77 2255 80 2262 ,
168 2233 237 2272 nem
258 2234 292 2273 es
310 2234 385 2274 voce
406 2213 589 2288 Testamenti
608 2215 813 2278 autFoederis
834 2216 1008 2300 colligimus,
1026 2219 1176 2280 inclusam
1191 2241 1251 2281 esse
1264 2241 1331 2300 pro-

168 2289 339 2351 missionem
358 2291 388 2351 in
408 2313 490 2352 sacre
511 2291 624 2353 Coena.
653 2292 736 2368 'Quo
756 2293 903 2356 refellitur
921 2313 1023 2355 eorum
1044 2315 1150 2370 error,
1178 2299 1232 2376 spui
1252 2297 1331 2356 hden

169 2366 368 2428 sacramentis
386 2367 489 2444 iuvari,
508 2369 615 2444 foveri,
639 2367 737 2431 fulciri
758 2383 788 2430 et
807 2371 909 2452 augeri
928 2381 1052 2454 negant:
1078 2393 1151 2432 narn
1175 2374 1256 2434 inter
1275 2376 1331 2434 loe-

170 2444 223 2504 dus
242 2444 302 2504 Dei
322 2457 352 2505 et
371 2445 521 2505 hominum
542 2447 629 2507 fldem
649 2467 766 2528 semper
784 2457 885 2508 mutua
908 2447 1010 2508 subest
1031 2448 1155 2510 r'elatio.
1198 2452 1333 2532 Epitheto

168 2519 248 2580 Nori
268 2521 506 2598 docerevoluit,
529 2524 587 2583 iam
612 2523 748 2585 desinere
772 2535 889 2585 veteres
913 2523 1035 2606 figuras,
1060 2537 1095 2585 ιιι
1113 2526 1222 2587 stabili
1243 2541 1274 2589 et
1291 2547 1333 2586 ae-

168 2601 257 2657 herno
276 2609 364 2678 pacto
386 2597 482 2658 locum
504 2601 618 2660 cedant
657 2601 712 2662 Est
734 2600 827 2684 igitur
846 2599 966 2680 obliqua
985 2602 1065 2662 iuter
1083 2601 1147 2663 hoc
1168 2606 1333 2696 mysterium

68 2689 74 2700 ‘
168 2684 201 2734 et
219 2673 330 2757 legales
350 2675 467 2736 umbras
487 2677 654 2756 oppositio:
675 2679 754 2739 uude
772 2689 907 2758 apparet,
927 2689 1038 2758 quanto
1052 2678 1171 2740 melior
1188 2695 1231 2741 ιιι
1243 2693 1334 2741 nostra

168 2769 257 2828 qnam
276 2751 398 2812 Petrum
417 2753 563 2830 conditio,
583 2755 633 2834 qui
651 2767 720 2834 post
733 2753 886 2836 penneltun
900 2754 930 2815 in
947 2774 1032 2816 cruce
1044 2755 1233 2818 sacrificium
1249 2757 1335 2820 solida

166 2827 292 2888 veritate
311 2826 444 2888 fruimur.
1056 2857 1060 2862 ·

246 2903 338 2965 Maro.
367 2910 414 2970 26.
460 2903 556 2988 Quum
582 2905 718 2986 hymnum
747 2911 920 2970 mmsissmt.
969 2909 1123 2969 Omittunt
1151 2923 1220 2972 tres
1252 2908 1335 2972 nostri

165 2979 373 3062 Evangelistae
399 2980 514 3042 divinos
540 2982 608 3044 illos
632 3005 800 3060 sermones,
825 3007 899 3068 quos
919 2985 1047 3046 Ioannes
1072 3007 1089 3045 a
1110 2987 1260 3049 Domino
1283 3001 1333 3046 ιιι

168 3056 248 3116 dorni
268 3077 354 3136 quam
374 3056 405 3117 in
425 3057 532 3120 itinere
552 3059 668 3123 habitos
689 3063 777 3123 luisse
798 3075 906 3123 narrat
943 3063 1019 3122 Nam
1040 3065 1090 3143 (ut
1109 3063 1185 3124 alibi
1200 3066 1333 3138 diximus)

166 3133 320 3192 historiam
345 3155 443 3194 remur
491 3148 615 3196 estarurn
640 3141 750 3230 magis,
765 3161 868 3220 ,quam
898 3139 1062 3199 doctrinam
1087 3141 1262 3221 complecti
1285 3141 1333 3199 illis

161 3207 353 3290 propositum
372 3211 438 3270 fuit.
468 3153 544 3274 idue
563 3225 676 3276 tautum
697 3227 861 3298 attingunt,
880 3217 959 3277 ultro
980 3215 1151 3295 profectum
1174 3239 1261 3292 esse,
1280 3237 1333 3296 quo

168 3298 308 3346 venturus
328 3299 391 3347 eret
410 3287 512 3350 Iudas:
532 3301 566 3350 ut
584 3291 717 3367 sciamus,
743 3293 784 3354 sic
805 3294 985 3374 dispensasse
1004 3291 1082 3356 illius
1101 3296 1257 3378 temporis
1275 3315 1335 3356 uso-

99 3438 102 3449 ,
166 3375 277 3441 menta,
296 3375 329 3424 ut
346 3365 494 3445 proditori
514 3387 568 3428 suo
588 3359 770 3434 voluntarius
790 3381 968 3434 occurreret.

250 3613 356 3698 (198.)
415 3615 587 3686 ΜΑΤΤΗ.
618 3619 735 3686 xxvt.
798 3621 851 3688 31.
891 3621 987 3688 'l’uno
1019 3617 1100 3686 dicit
1133 3619 1201 3686 illis
1232 3619 1337 3696 lesus,

167 3719 293 3786 Omnes
310 3741 370 3786 vos
391 3719 626 3788 offendiculum
652 3725 686 3790 iu
713 3744 766 3788 me
786 3726 951 3811 patiemini
972 3727 1007 3790 in
1027 3731 1127 3788 nocte
1150 3722 1226 3790 hae:
1255 3725 1340 3788 seri-

70 3903 78 3918 ,
165 3838 255 3912 ptum
283 3835 331 3890 est
357 3825 458 3901 enirn,
492 3823 671 3890 Percutium
706 3819 900 3912 pastorem‚l
919 3837 952 3894 et
986 3826 1220 3912 dispergentur
1256 3850 1338 3894 oves

164 3927 277 4012 gregis.
318 3925 369 3992 32
404 3925 576 4012 Postquam
605 3937 711 3994 autern
738 3950 963 4009 resurrexero,
989 3925 1186 4016 praecedam
1212 3953 1276 4000 vos
1306 3934 1339 3996 in

165 4027 359 4095 Galilaearn.
400 4027 453 4096 83.
485 4029 703 4115 Respondens
731 4044 836 4098 sutem
863 4033 979 4100 Petnrs
1006 4032 1049 4096 ait
1074 4029 1140 4112 illi,
1167 4036 1244 4104 Etsi
1272 4059 1340 4103 orn·

164 4153 224 4198 nes
250 4133 284 4197 in
312 4143 344 4198 te
373 4129 610 4199 ollendiuulun'r
637 4138 723 4221 passi
750 4135 896 4216 lueriute
927 4155 990 4220 ego
1022 4145 1131 4202 temen
1164 4160 1338 4226 nunquam

165 4231 400 4302 offendiculum
424 4238 537 4322 patiar.
577 4237 628 4306 34.
655 4239 711 4304 hit
731 4235 780 4304 illi
800 4235 900 4319 lesus,
919 4240 1022 4306 Amen
1045 4239 1122 4306 dico
1146 4241 1219 4322 tibi,
1242 4241 1335 4332 quod

44 4427 50 4433 .
163 4341 199 4408 in
219 4337 281 4405 tae
300 4350 414 4419 nocte,
430 4351 615 4430 outequsns
642 4339 746 4428 guttus
775 4351 899 4424 coutet,
931 4352 980 4414 ter
1004 4365 1059 4414 ure
1085 4345 1242 4433 negabis.
1282 4347 1337 4412 35.
