2778 4838
153 216 212 280 tut
357 171 364 203 i
435 203 551 270 SECT.
571 203 637 268 xv.
675 204 767 266 lesus
786 216 829 264 er
843 165 1028 264 'nuscmunu

154 362 311 444 praetextu
323 359 457 455 ignaviae
473 381 507 421 se
524 359 634 420 dedens
647 352 951 494 Christrunrguae'rere
963 354 1148 438 neglexisset,
1167 355 1254 415 nulla
1274 356 1318 416 illi

154 439 202 502 vel
226 437 313 500 nobis
337 437 481 499 rudicibus
507 447 584 497 esset
607 434 762 496 excusatio.
835 433 897 494 ulto
924 434 1024 516 itaque
1044 431 1139 492 minus
1157 432 1219 493 Dei
1239 431 1318 493 iudi-

155 517 232 578 cium
253 515 393 606 effugiet,
417 513 442 574 si
468 515 532 594 quis
580 523 682 590 ropter
707 523 798 570 sectas
824 531 840 570 a
866 509 987 572 Christo
1014 509 1188 584 abhorreat,
1211 508 1318 570 velex

128 592 233 672 ‚falsis
255 592 404 657 hommum
426 535 616 670 opinionibus
643 586 764 669 arripiat
788 586 898 647 fastidii
922 607 1052 662 causam,
1079 598 1114 646 ut
1138 607 1169 646 se
1190 584 1316 646 Christo

154 669 303 750 applicare
323 689 386 728 non
407 667 553 749 dignetur.

231 753 278 812 15.
316 747 362 804 Aa
380 766 438 818 uos,
456 765 539 824 quem
562 763 607 802 me
629 763 689 802 esse
707 739 820 802 desse
859 741 916 801 llic
941 759 1009 801 suos
1034 739 1195 820 discipulos
1223 760 1242 799 a
1267 759 1316 800 re·

154 822 234 902 liqna
260 820 345 882 turba
371 820 511 882 discernit
537 818 687 893 Christus,
720 840 778 898 quo
803 817 907 878 melius
933 828 1032 898 pateat
1056 815 1216 877 absurdum
1242 837 1314 891 esse,

155 898 338 978 quantumvis
350 897 523 957 dissentiant
541 895 600 970 alii,
619 915 673 955 nos
694 907 791 954 tamen
812 892 931 957 distrahi
951 915 967 953 a
988 893 1057 954 fidei
1076 892 1198 952 unitate.
1238 893 1313 952 Nam

154 976 263 1054 quicun
285 995 322 1034 ue
341 995 372 1034 se
394 973 513 1034 Christo
534 971 588 1032 sim
610 971 706 1031 liciter
725 972 871 1045 addicent,
896 970 1128 1050 necquicquam
1150 991 1166 1030 e
1187 989 1243 1030 suo
1265 991 1311 1029 ea-

175 1055 215 1112 ite
236 1073 251 1110 a
287 1071 379 1142 agere
398 1048 558 1111 teumbnnt
604 1047 752 1129 vangelio,
772 1069 922 1128 nunquam
942 1067 994 1108 eos
1015 1059 1096 1107 certa
1115 1045 1163 1104 lux
1183 1046 1311 1108 deliciet

152 1073 215 1189 hed
237 1128 283 1190 hic
301 1137 415 1187 intenta
436 1124 587 1207 vigilantia
606 1145 681 1204 opus
701 1136 759 1200 cst,
784 1137 831 1202 ut,
854 1125 926 1196 dum
945 1125 1051 1184 adsue
1071 1122 1211 1214 figmenta
1231 1133 1313 1184 totus

152 1205 277 1264 mundns
302 1202 465 1277 delabitur,
492 1199 640 1263 Christum
661 1212 831 1262 constanter
850 1201 1007 1261 detineant
1047 1198 1127 1273 Qura
1148 1199 1239 1258 Satan
1258 1199 1311 1258 Iu-

83 1295 85 1306 “
153 1283 235 1343 daeis‘
252 1281 378 1341 eximere
398 1299 460 1339 non
480 1289 608 1358 poterat,
628 1278 707 1358 quod
732 1277 769 1339 de
788 1290 913 1338 venturo
928 1277 1047 1339 Christo
1068 1273 1237 1355 persuasum
1257 1275 1311 1334 ha-

152 1353 407 1439 bebant'exLege
419 1365 449 1415 et
459 1355 628 1435 Prophetis,
647 1354 741 1434 ipsum
760 1353 838 1416 varie
858 1353 1067 1435 transfigurans
1088 1351 1170 1433 quasi
1189 1351 1220 1410 in
1241 1372 1311 1430 par·

152 1447 207 1510 tes„
217 1433 368 1496 dissecuit:
394 1432 500 1494 deinde
526 1429 649 1492 liuticios
674 1431 730 1490 illis
757 1430 884 1491 obtrusit
910 1430 1076 1510 complures
1102 1428 1256 1502 Christos,
1279 1439 1313 1486 ut

152 1533 238 1573 verus
254 1511 364 1572 nedem
389 1521 438 1568 tor
457 1509 613 1572 excideret.
652 1508 759 1568 lisdem
780 1519 882 1587 postea
902 1507 1032 1568 artificiis
1051 1525 1112 1565 non
1134 1503 1248 1568 destitit
1266 1504 1312 1564 vel

154 1587 319 1669 discerpere
340 1531 499 1659 Christum,
518 1585 565 1644 rel
584 1585 679 1644 aliena
700 1604 827 1664 persona
847 1585 978 1644 induere.
1019 1581 1121 1657 Quare
1143 1583 1224 1640 inter
1238 1601 1310 1641 con-

88 1689 91 1702 ¹
152 1665 229 1726 fusas
250 1676 280 1724 et
300 1663 429 1724 dissonas
447 1661 549 1722 mundi
570 1681 674 1734 voces,
699 1681 815 1740 semper
841 1672 940 1721 tamen
966 1661 1037 1720 baec
1061 1680 1118 1720 vox
1140 1657 1255 1720 Christi
1279 1659 1309 1716 in

153 1741 271 1802 auribus
291 1739 397 1800 nostris
418 1749 568 1817 personet,
609 1757 662 1797 nae
683 1757 736 1797 nos
757 1757 773 1796 a
794 1737 874 1817 vagis
893 1748 923 1796 et
940 1736 1069 1798 erraticis
1084 1735 1309 1796 horninibusse-

99 1885 110 1910 x
151 1813 248 1954 paral,
267 1836 305 1908 ne
322 1817 410 1876 simus
426 1833 460 1874 ex
469 1757 665 1888 multitudine,
685 1832 741 1874 nec
761 1811 832 1874 fides
852 1813 930 1874 inter
949 1813 1114 1875 contrarios
1135 1810 1311 1892 opinionum

176 1905 259 1955 nctus
277 1903 410 1952 ractetur.
447 1953 450 1964 ¹

229 1975 276 2034 16.
317 1969 417 2051 Tunes
439 1963 573 2030 Christus.
611 1967 714 2028 Brevis
734 1967 899 2043 consessio,
923 1968 975 2029 sed
1020 1987 1075 2027 uae
1098 1976 1194 2028 totam
1214 1962 1313 2025 salutis

153 2057 272 2109 nostrae
292 2063 431 2104 summam
451 2045 482 2104 in
502 2065 532 2104 se
554 2044 700 2105 continet:
720 2065 786 2104 nam
807 2046 860 2106 suh
874 2045 985 2107 Christi
997 1990 1044 2105 do
1068 2045 1097 2104 io
1110 2055 1264 2103 aeternum
1282 2053 1312 2100 et

111 2176 116 2185 .
152 2123 288 2206 Regnum
306 2134 336 2181 et
348 2121 552 2182 Sacerdotium
566 2121 835 2201 comprehenditur,
856 2133 889 2181 ut
899 2122 997 2182 Deum
1018 2137 1058 2180 no
1081 2121 1104 2180 is
1124 2118 1312 2192 reconciliet,

153 2221 187 2260 ac
208 2199 327 2281 expiatis
347 2219 400 2257 suo
419 2197 562 2258 sacrificio
582 2197 709 2278 peccatis
719 2198 881 2279 perlectam
893 2198 1030 2260 iustitiam
1042 2197 1184 2277 acquirat,
1204 2194 1312 2255 deinde

152 2287 186 2336 ut
204 2297 259 2336 nos
279 2275 309 2334 in
330 2275 418 2335 fidem
457 2274 670 2354 raesidiurnque
682 2295 765 2334 snum
777 2295 845 2336 rece
869 2288 914 2338 tos
928 2287 1093 2350 conservet,
1114 2285 1263 2352 ornetque
1278 2293 1312 2330 ac

117 2400 123 2416 .
151 2351 220 2414 locu
243 2352 315 2413 letet
335 2351 417 2412 omni
435 2296 676 2412 benedictionum
696 2371 815 2450 genere.
888 2373 970 2413 arcus
995 2363 1107 2412 tanturn
1128 2349 1235 2424 hahet,
1261 2349 1313 2408 Tu

151 2451 182 2490 ea
208 2373 354 2491 Christus:
383 2429 476 2488 Lucas
500 2439 612 2502 antem,
640 2426 769 2488 Chunus
795 2429 869 2506 Dei,
902 2429 954 2490 sed
980 2428 1084 2489 eodem
1109 2447 1211 2486 sensu:
1243 2445 1311 2484 narn

152 2519 184 2567 et
204 2504 338 2567 Christos
364 2505 422 2566 Dei
449 2504 519 2566 olim
544 2526 629 2589 reges
653 2505 815 2582 vocabant,
847 2506 897 2585 qui
922 2505 1060 2566 divinitus
1090 2503 1172 2564 uncti
1203 2514 1311 2562 essent.

150 2585 192 2644 Et
210 2584 265 2643 hac
285 2581 460 2663 loquutione
479 2605 514 2642 su
535 2605 566 2642 ra
586 2603 653 2642 usus
667 2594 711 2642 est
720 2581 824 2658 Lucas,
844 2583 894 2643 uhi
915 2581 1042 2655 dicebat,
1061 2580 1198 2640 Simeoni
1211 2579 1311 2640 datum

152 2665 215 2720 esse
234 2680 407 2740 responsum
430 2679 446 2718 e
467 2603 564 2734 coeio,
584 2661 663 2738 qnod
683 2658 842 2720 moriturus
862 2679 924 2719 non
945 2671 1021 2719 esset
1040 2657 1095 2718 nisi
1110 2657 1177 2717 viso
1189 2655 1311 2718 Christo

149 2736 288 2797 Domini:
314 2756 380 2794 narn
402 2734 499 2795 divina
541 2736 607 2796 lane
628 2746 692 2796 erat
709 2736 891 2816 redemptio,
918 2756 1004 2816 quam
1024 2755 1078 2814 per
1096 2733 1164 2793 Filii
1184 2732 1229 2792 sui
1248 2753 1311 2790 ma-

150 2835 221 2874 nurn
241 2813 322 2872 Deus
343 2811 482 2870 exhibuit.
539 2812 595 2871 deo
617 2812 667 2891 qui
687 2811 800 2871 iuturtts
822 2825 885 2872 erat
902 2813 1014 2874 Redem
1039 2824 1102 2884 tor,
1128 2832 1195 2872 eum
1218 2830 1312 2890 opor--

149 2889 208 2950 tuit
226 2889 284 2949 Dei
304 2889 444 2948 unctione
464 2887 609 2970 insignem
628 2907 645 2948 e
665 2887 752 2949 coelo
773 2889 901 2970 prodire.
939 2833 1036 2968 Apud
1048 2887 1231 2946 hlatthaeum
1251 2885 1311 2945 cla-

149 2967 213 3025 rior
237 2979 281 3026 est
306 2963 468 3042 expressio,
496 2965 576 3043 quod
601 2963 638 3024 sit
664 2963 761 3023 Filius
785 2964 846 3024 Dei
868 2969 991 3026 ummo.
1044 2967 1118 3024 Nam
1145 2964 1200 3023 etsi
1231 2963 1309 3022 lorte

150 3041 283 3100 nondum
302 3052 360 3100 tam
378 3038 515 3100 distincte
527 3041 631 3100 Petrus
648 3041 780 3117 tenebat,
821 3043 952 3103 uomodo
970 3041 1079 3102 exDeo
1098 3040 1216 3124 genitus
1235 3050 1312 3100 esset

151 3117 296 3192 Christus,
315 3117 338 3175 s'
376 3129 475 3176 tamen
496 3116 638 3178 excellere
659 3139 724 3177 eum
745 3063 901 3194 credebat,
927 3131 960 3178 ut
980 3119 1124 3201 originem
1144 3117 1273 3176 haberet
1294 3135 1310 3174 a

150 3192 235 3265 Deo,
260 3137 381 3253 nonius
404 3191 513 3272 reliqui
536 3194 688 3267 homines,
711 3195 764 3256 sed
784 3207 816 3254 ut
836 3195 866 3254 in
888 3196 948 3256 eius
969 3215 1056 3256 carne
1076 3193 1225 3253 habitaret
1244 3192 1310 3252 risa

149 3289 278 3350 veraque
297 3269 408 3330 Deitas.
450 3267 552 3349 Quum
568 3270 636 3332 Deo
655 3270 795 3333 tribuitur
815 3272 969 3352 epitheton
988 3274 1113 3348 υὶυαιιίε,
1135 3269 1310 3330 discriminis

148 3356 222 3406 nota
242 3359 286 3406 est
304 3346 382 3411 inter
401 3345 496 3424 ipsum
518 3358 548 3406 et
567 3359 682 3409 mortua
702 3347 792 3422 idola,
813 3369 887 3428 quae
907 3349 980 3408 nihil
999 3359 1075 3408 sunt

226 3429 273 3489 17.
311 3421 422 3482 Beatus
440 3444 485 3496 es,
510 3423 621 3485 Sbuon.
661 3423 761 3499 Quum
788 3427 860 3486 haec
884 3425 921 3486 sit
945 3425 1004 3485 vita
1030 3436 1166 3496 aeterna,
1192 3443 1229 3484 co
1275 3443 1309 3483 o-

149 3517 230 3560 scere
251 3521 340 3558 unum
360 3499 469 3574 Deum,
490 3512 520 3560 et
539 3523 626 3582 quem
646 3501 725 3560 misit
742 3501 838 3566 Iesum
850 3501 1010 3574 Christum,
1029 3521 1091 3561 non
1111 3501 1163 3560 abs
1184 3522 1216 3561 re
1231 3445 1307 3560 hia-

148 3586 211 3636 tum
232 3576 366 3637 Christus
413 3578 583 3653 renuntiat,
610 3578 659 3659 qui
680 3578 738 3638 hoe
759 3598 792 3637 ex
813 3579 910 3640 animo
932 3579 1082 3638 consessus
1102 3589 1155 3637 est
1197 3575 1304 3636 Caete-

148 3674 214 3712 rum
232 3673 293 3712 non
311 3652 362 3712 uni
402 3665 467 3713 etro
484 3654 541 3716 hoc
560 3655 694 3735 privatim
712 3655 791 3729 dixit,
810 3655 861 3716 sed
882 3656 1038 3716 ostendere
1056 3653 1161 3726 voluit,
1181 3653 1231 3714 ubi
1250 3652 1306 3713 sita

149 3729 188 3788 sit
212 3729 298 3790 unice
321 3730 413 3790 totius
437 3731 539 3791 mundi
565 3730 696 3791 felicitas.
737 3731 809 3807 Quo
829 3743 926 3792 autern
947 3731 1058 3792 maiore
1078 3732 1179 3791 animo
1199 3727 1308 3814 singuli

148 3805 185 3866 ad
206 3825 272 3866 eum
292 3807 433 3886 aspirent,
452 3808 548 3887 primo
568 3809 730 3868 tenendum
748 3820 800 3882 est,
819 3807 942 3870 miseros
962 3829 1064 3869 omnes
1085 3819 1115 3868 et
1134 3808 1309 3868 maledictos

149 3903 211 3942 esse
230 3893 344 3957 natura,
365 3883 461 3944 donec
482 3884 643 3944 remedium
663 3883 694 3943 in
716 3882 837 3946 Christo
856 3884 1017 3945 inveniant
1055 3884 1175 3944 Deinde
1195 3885 1309 3946 adden-

148 3957 217 4018 dum
238 3970 291 4032 est,
312 3960 376 4039 quis
398 3960 440 4019 uis
453 3959 602 4020 Christum
613 3960 734 4040 adeptus
746 3973 798 4035 est,
820 3961 847 4022 ei
862 3960 936 4021 nibil
953 3982 1071 4042 prorsus
1089 3961 1124 4021 ad
1139 3961 1308 4051 perlectam

147 4033 360 4126 beatitudinem
378 3981 493 4112 deesse,
514 4037 631 4115 quando
653 4050 772 4098 aeterna
792 4037 851 4097 Dei
870 4037 964 4118 gloria
985 4037 1058 4098 nihil
1076 4038 1182 4097 melrus
1202 4049 1309 4120 optare

147 4107 192 4168 sas
212 4123 268 4184 est,
294 4133 325 4170 ιιι
352 4113 432 4182 cuius
458 4114 673 4193 possessionem
698 4135 753 4174 nos
774 4113 907 4175 Christus
928 4113 1054 4176 deducit
1095 4114 1174 4177 cm
1193 4129 1221 4174 et
1239 4137 1308 4175 suu-

143 4188 221 4320 geis.
261 4186 324 4246 Sub
343 4189 429 4249 unius
449 4189 575 4250 hominis
594 4209 721 4270 persona
741 4211 845 4252 omnes
861 4191 1014 4252 admonuit
1025 4191 1171 4266 Christus,
1190 4190 1308 4252 lidema

173 4273 235 4321 atre
254 4283 309 4353 suo
328 4263 484 4344 petendam
506 4286 578 4341 esse,
599 4267 718 4347 eiusque
738 4267 854 4332 laudem
873 4267 985 4361 gratiae
1000 4267 1061 4328 eius
1073 4267 1185 4328 debere
1200 4267 1305 4328 tribui:

146 4355 214 4398 nam
231 4337 279 4399 luc
292 4340 373 4401 carni
385 4352 415 4402 et
430 4341 565 4425 sangnini
578 4344 744 4425 opponitur
754 4343 910 4427 peculiam
921 4344 980 4406 Dei
991 4343 1178 4406 illuminatio.
1218 4343 1306 4406 Unde
