2814 4846
67 149 71 156 ,
107 165 110 174 ,
192 169 251 236 ³06
267 161 424 227 snerlo
434 162 485 296 Χ.ὶ
511 161 604 225 lusus
625 175 668 222 nu
679 159 876 266 ansrsnm.¹
894 163 976 244 (lon
986 161 1137 227 Pharisaei
1148 167 1225 259 gg,
1239 171 1340 250 pm)

189 320 233 380 'ad
252 315 359 380 ionem
377 317 451 378 noui
470 328 501 378 et
519 313 665 396 incogniti
684 310 808 396 hospitis
825 315 1027 396 resipuerunt:
1047 317 1121 378 haec
1141 313 1243 396 regio,
1307 335 1340 376 ae

197 393 334 458 coelestis
355 392 507 456 doctrinae
533 391 690 452 sacrarium
716 402 775 467 est,
814 393 921 474 Filium
942 391 1002 452 Dei
1028 404 1059 456 et
1077 336 1341 478 promissumqile-
1387 469 1388 474 ἵ

91 513 95 524 -
198 474 383 554 demptorem
412 491 475 530 uon
506 469 596 529 audit.
644 467 726 528 Haec
757 468 837 528 enirn
868 468 1019 530 antithesis
1048 469 1080 530 in
1112 468 1342 548 comparatione

171 547 305 613 „subest
344 547 444 608 Scitur
475 545 525 628 qui
550 545 661 614 luerint
685 544 851 622 Ninivitae,
881 545 1043 626 Prophetis
1073 547 1187 608 scilieet
1214 545 1342 608 minime

197 625 319 700 assueti,
346 645 379 686 nc
398 643 485 699 verae
506 621 657 700 doctrinae
680 631 824 702 expertes.
861 623 952 683 Ionas
973 644 988 682 a
1013 623 1053 684 ud
1072 644 1123 686 eos
1144 621 1229 683 nullo
1247 623 1339 684 titulo

127 751 131 760 ,
196 722 209 758 s
231 700 387 774 lendehat,
415 699 467 761 sed
493 699 586 759 homo
612 709 766 760 extraneus
793 709 912 778 poterat
937 720 953 758 e
974 643 1066 780 plodi.
1110 698 1215 760 Iudaei
1240 699 1339 760 verbo

130 819 134 822 -
227 777 318 836 omini
337 777 437 838 sedem
456 775 534 856 apud
553 794 585 835 se
604 795 639 835 ao
659 771 839 836 domicilium
855 795 917 838 esse
928 775 1092 838 iactabant:
1112 777 1137 837 si
1157 775 1239 857 puris
1261 797 1337 838 oeu-

102 875 106 882 ·
195 851 230 914 lis
248 851 348 913 intuiti
367 851 518 914 Christum
538 863 652 926 essent,
691 872 752 912 uon
778 852 868 912 modo
894 852 1012 913 missum
1033 875 1050 913 e
1071 853 1159 914 coelo
1180 852 1339 914 doctorem

196 928 346 1004 dehebant
365 948 545 1010 agnoscere,
564 927 616 988 sed
634 928 772 989 Messium
793 940 823 988 et
841 929 940 988 salutis
960 940 1111 990 auctorem
1133 927 1189 989 sihi
1209 930 1337 1010 promis·
1387 995 1388 998 Ἴ

195 1025 268 1064 sum.
296 1001 454 1068 Caeterum
474 1003 498 1066 si
518 1004 633 1086 perdita
649 1003 725 1065 illius
746 1003 849 1086 populi
868 1005 1009 1086 impietas¹
1023 1006 1093 1068 inde
1113 1004 1249 1068 convicta
1271 1007 1340 1080 fuit,

195 1079 276 1160 quod
298 1079 447 1142 Christum
466 1081 498 1141 in
517 1094 596 1142 terra
615 1079 787 1162 loquentem
808 1081 1035 1173 contempserit,
1061 1082 1194 1143 omnium
1214 1091 1338 1164 tempo-

193 1179 265 1218 rum
278 1157 448 1228 incredulos
467 1177 653 1240 superamus,
690 1159 747 1220 nisi
767 1157 858 1219 Filius
877 1158 937 1218 Der
956 1179 1036 1220 nnnc
1063 1159 1093 1218 in
1122 1157 1207 1220 coelo
1225 1161 1338 1222 sedens

194 1255 275 1300 sacra
294 1255 346 1295 sua
366 1247 396 1298 et
415 1233 538 1295 coelesti
565 1254 640 1294 voce
664 1233 697 1294 in
717 1233 891 1314 obsequium
917 1257 1001 1296 suum
1021 1256 1076 1298 nos
1097 1245 1193 1328 cogat
1232 1235 1338 1297 Porro
1364 1243 1365 1246 ’

195 1333 232 1371 an
252 1331 323 1372 vere
341 1323 374 1373 et
393 1311 526 1393 perfecte
546 1309 583 1372 ad
601 1311 700 1371 Deum
719 1310 867 1374 Ninivitas
888 1312 998 1372 suerint
1020 1333 1172 1387 conversi,
1202 1323 1337 1374 tractare
1387 1387 1388 1390 Ἴ

194 1389 388 1468 supersedeo,
416 1387 485 1480 quia
504 1387 612 1453 sufficit
630 1388 724 1448 Ionae
744 1388 878 1450 doctrina
899 1386 987 1450 fnisse
1008 1401 1191 1464 commotos,
1207 1391 1337 1451 'ut‘ani-
1387 1429 1388 1434 κ

194 1485 274 1524 mum
294 1465 332 1526 ad
372 1463 566 1526 oemtentiam
586 1464 758 1525 adiicerent.
927 1502 930 1508 ι
1193 1504 1194 1507 ¹
1387 1491 1388 1502 κ

171 1572 173 1582 ·
268 1547 316 1606 42.
350 1487 474 1618 itsgtm
486 1541 603 1602 Amtsi.
643 1540 794 1615 Quoniam
810 1540 920 1600 Aethio
942 1541 969 1602 ia
990 1541 1117 1602 Iudaeae
1137 1553 1277 1624 respectu
1297 1543 1335 1604 ad

193 1617 346 1678 meridiem
365 1617 476 1698 vergit,
514 1616 644 1697 losepho
670 1628 701 1676 et
725 1615 845 1696 reliquis
871 1561 957 1678 facile
984 1619 1143 1694 assentior,
1183 1620 1235 1700 qui
1256 1620 1334 1684 hanc

139 1743 142 1755 ,
193 1692 282 1754 fuisse
305 1693 486 1776 Aethiopiae
510 1691 643 1774 reginam
669 1694 787 1754 docent
840 1692 933 1767 Quod
959 1706 1056 1756 autem
1076 1699 1180 1787 regina
1201 1695 1280 1757 Saba
1303 1697 1334 1757 in

192 1769 282 1830 sacris
301 1769 430 1830 historiis
451 1767 569 1844 dicitur,
589 1789 650 1829 non
671 1769 762 1830 dehet
780 1767 908 1851 intelligi
920 1770 1036 1832 Sabaea
1055 1793 1151 1854 regio,
1172 1781 1334 1854 quaema-

193 1845 238 1926 gis
258 1845 419 1908 Orientalis
439 1857 514 1922 erat,
531 1845 588 1908 sed
602 1843 673 1907 urhs
693 1845 724 1906 in
743 1847 847 1908 Merui
867 1845 962 1908 insula
979 1846 1041 1910 Nili
1060 1849 1124 1922 sita,
1144 1869 1223 1932 puae
1244 1862 1334 1930 eaput

192 1920 278 2002 regni
297 1933 368 1983 erat
407 1921 465 1982 Hic
485 1921 574 1984 etiam
593 1921 736 1984 antitheta
749 1923 914 2005 expendere
927 1925 1075 1986 convenit
1114 1925 1234 2002 Mulier,
1254 1949 1333 2008 quae
1387 1975 1388 1982 κ

192 1995 223 2056 ἰη
239 1997 343 2080 schole
351 1996 412 2058 Dei
429 1997 551 2060 minime
571 1998 694 2062 eduiats
706 2000 811 2076 suerat,
832 2020 866 2059 ex
883 1999 1092 2084 longinquare
1116 2001 1185 2064 'one
1199 2003 1332 2068 discendi
1387 2017 1388 2026 ³

141 2135 145 2146 ,
190 2072 288 2136 studio
308 2073 346 2137 ad
357 2074 548 2136 Salomonem
559 2075 641 2138 venit
658 2097 761 2160 regem
780 2087 949 2138 terrenum:
970 2075 1090 2152 Iudaei,
1128 2079 1192 2160 egis
1213 2080 1332 2142 divinae
1387 2083 1388 2090 ’

191 2147 317 2227 alumni,
354 2171 497 2214 snmnmrn
529 2174 612 2214 suun.
651 2165 682 2214 et
714 2153 832 2214 unicum
866 2154 1021 2215 doctorem
1051 2153 1332 2238 Prophetarumque

190 2226 322 2288 omnium
345 2227 511 2309 principem
536 2229 702 2310 repudiant
747 2228 845 2290 Porro
864 2219 1015 2292 iudicandi
1038 2231 1162 2294 verbum
1185 2249 1250 2296 non
1269 2246 1330 2297 tam

192 2301 228 2363 ad
249 2324 390 2385 personas
409 2305 458 2369 hic
477 2304 607 2370 refertur
626 2327 713 2387 quam
732 2304 769 2369 ad
790 2305 881 2394 ipsius
900 2307 945 2368 rei
964 2307 1152 2390 exemplum.⁴

597 3385 910 3456 Emenduudum:

369 3515 430 3584 Pag.
441 3518 482 3572 10.
500 3516 582 3604 tint.
600 3519 636 3596 nh
650 3519 734 3575 ultim.
753 3520 823 3586 lege:
847 3521 951 3597 Quam
969 3543 1019 3593 pro
1038 3522 1136 3594 Quum.

1001 4325 1077 4386 typis
1091 4327 1190 4376 inim
1204 4329 1296 4391 Unger.
