2766 4834
187 275 227 356 98
341 275 493 340 suerio
514 275 567 336 Ν.
597 263 894 338 'lasuBmaisuus
914 285 958 338 aa
977 236 1158 339 rnnriaio.

190 433 359 504 anticiani
382 430 505 510 'aliquod
532 419 710 490 obtendunt:
738 485 742 498 ,
767 427 818 490 Sic
847 449 921 514 ergo
945 429 1074 490 'loannes
1098 429 1276 520 Pharisaeos
1303 440 1338 488 et

190 509 376 572 Sadducaeos
396 507 455 567 allo
499 502 574 579 itur,
598 507 686 566 Nunc
699 507 806 567 ,durius
826 527 843 567 a
862 528 909 570 me
930 506 1085 587 increpiti,
1108 505 1204 566 nolite
1225 505 1334 565 lacere

190 580 271 669 quod
290 569 380 646 vestri
399 583 464 644 simi
478 603 507 642 es
527 581 634 659 solent,
653 595 687 642 ut
704 583 818 644 scilicet
837 584 998 646 remedium
1020 591 1054 644 eii
1072 603 1149 642 vano
1165 581 1335 718 fallaciipuc
1361 601 1370 614 ·’

105 657 108 664 ’
189 671 342 746 praetextu
362 680 395 720 ca
417 661 493 720 tetis‘.
525 659 648 740 antam
668 680 738 721 vcro
758 659 904 736 fiduciam,
925 682 982 740 qua
1001 659 1134 750 fascinati
1155 670 1250 750 erant,
1272 659 1336 718 ilis
1369 693 1370 700 ι

190 681 497 818 extorquet:‘litcdus
522 737 603 816 quod
627 737 709 796 Deus
731 757 795 796 eum
815 737 964 797 Abrabam
984 749 1155 819 pepigerat,
1186 735 1243 794 illis
1264 747 1336 826 efat
1369 759 1370 768 ¹

96 873 98 878 ,
189 817 282 876 instar
301 811 397 894 clypei
417 813 453 872 ail
470 813 629 895 'tegendam
649 813 753 873 malain
774 814 995 887 conscientiam,
1014 834 1075 904 non
1097 813 1178 892 quod
1197 812 1227 871 in
1240 833 1334 870 unius

190 890 319 952 bominis
371 885 475 958 ers'ona
505 889 628 949 salutem
655 907 735 948 suain
761 889 907 966 locarent,
936 891 990 950 sed
1036 911 1084 950 uia
1112 901 1207 956 totuin
1233 905 1334 970 genus
1369 917 1370 920 ¹

190 968 328 1029 Abrabae
347 911 650 1045 lleusadoptaverat
695 967 812 1027 Interea
834 988 895 1054 non
916 911 1108 1046 repatriant,
1130 966 1235 1024 'nullos
1255 985 1332 1054 cen3
1369 983 1370 998 ¹

190 1043 248 1106 scri
273 1043 303 1102 in
329 1042 440 1102 seininc
465 1041 617 1117 Abrabae,
646 1041 703 1101 nisi
729 1042 779 1122 qui
804 1057 967 1122 sequuntur
994 1043 1056 1102 eius
1081 1043 1183 1115 fidem,
1218 1053 1249 1100 ct
1267 1040 1332 1100 Dei

190 1119 296 1182 foedus
316 1139 378 1176 non
399 1118 455 1178 nisi
477 1117 534 1178 fide
554 1130 647 1177 ratuni
669 1139 741 1193 esse,
761 1131 794 1178 ut
806 1121 907 1200 prosit
926 1120 957 1179 in
977 1119 1109 1180 salutern.
1137 1119 1202 1179 Nec
1222 1138 1331 1198 super-

189 1216 279 1258 vacua
305 1206 349 1254 est
372 1193 514 1273 particula
538 1197 571 1253 irs
594 1193 689 1274 mtto
721 1196 850 1276 quamvis
876 1198 953 1256 enim
980 1195 1080 1279 lingua
1099 1217 1162 1256 non
1182 1195 1333 1284 iactarent

191 1292 223 1334 se
243 1271 336 1330 Filios
355 1270 510 1344 Abrahae,
542 1270 600 1331 boc
619 1265 718 1332 tamen
739 1271 826 1332 titulo
847 1273 924 1332 intus
943 1271 1001 1332 sibi
1020 1271 1195 1352 placebant,
1220 1283 1253 1331 ut
1273 1270 1331 1350 by·
1369 1315 1370 1332 r

191 1348 319 1433 pocritas
339 1346 413 1406 nibil
433 1347 525 1426 pudet
544 1348 666 1408 crassius
686 1347 755 1410 Deo
777 1369 862 1428 quain
882 1349 1051 1410 hominibus
1071 1348 1204 1408 illudere.
1310 1422 1319 1438 1
1369 1389 1370 1394 1

213 1445 215 1450 ·
267 1425 366 1483 Potc'st
373 1420 518 1483 Deusetc.
547 1425 663 1486 Eodem
674 1423 737 1486 sere
750 1435 900 1505 praetextu
912 1425 969 1486 sibi
979 1415 1331 1514 blandiebanturludaei,

211 1522 250 1560 uo
271 1499 361 1560 hodie
380 1517 411 1559 sc
431 1499 569 1578 Papistac
588 1499 754 1561 insolenter
772 1503 939 1562 venditant:
959 1523 1080 1562 necesse
1100 1513 1144 1561 cst
1162 1502 1330 1563 Ecclesiam

190 1521 317 1656 iliquam
344 1595 407 1636 esse
431 1575 462 1635 in
482 1575 618 1652 mundo,
651 1577 718 1656 quia
737 1577 820 1637 Deus
841 1579 870 1637 in
890 1579 1000 1638 mando
1020 1578 1083 1638 vult
1102 1577 1248 1660 agnosci,·
1270 1597 1330 1636 no·
1369 1627 1370 1632 ,

189 1671 317 1748 merique
343 1668 426 1712 suum
452 1651 594 1716 invocari.
638 1653 743 1744 Atqui
757 1653 828 1714 alibi
852 1662 914 1714 nbn
940 1666 1041 1737 potest
1059 1675 1122 1716 esse
1142 1675 1228 1735 quain
1249 1645 1345 1745 abud-

187 1725 243 1789 ¹iios
255 1726 399 1802 Ecclesia,
418 1727 496 1808 apud
516 1725 746 1806 quosDominus
765 1730 870 1791 foedus
889 1753 972 1796 suurn
985 1732 1130 1813 deposuit.
1161 1725 1329 1820 Praecipue

23 1805 25 1808 ’
81 1811 87 1816 “
188 1805 244 1866 liae
270 1803 439 1886 arrogantia
463 1803 625 1938 turgebant
646 1805 822 1882 Pontifices,
860 1819 892 1866 et
917 1807 966 1868 alii
987 1829 1078 1889 penes
1099 1827 1172 1888 quos
1191 1821 1331 1890 regeneri

190 1891 306 1942 cratae
326 1891 464 1960 potestas.
534 1881 617 1964 ulgus
638 1881 716 1942 enim
737 1883 794 1942 illis
813 1883 971 1963 profanum
992 1907 1029 1946 ac
1046 1885 1232 1944 maledictum
1253 1895 1330 1956 erat,

190 1968 224 2017 ut
243 1957 270 2017 l'e
294 1957 366 2015 imus
391 1955 511 2017 loannis
533 1963 563 2031 7,
582 1962 641 2033 49,
660 1978 693 2018 se
713 1971 810 2018 autem
830 1959 974 2040 putabant
988 1983 1082 2022 sacras
1095 1981 1157 2022 csse
1168 1959 1329 2052 primitias:

189 2034 265 2094 sicut
305 2032 373 2092 odie
393 2032 548 2093 cornutiE
571 2033 675 2114 iscopi,
693 2033 839 2110 Abbates,
860 2035 1017 2112 Canonici,
1037 2038 1188 2110 blonacbi,
1209 2036 1328 2096 Sorbo-
1369 2073 1370 2112 3

188 2111 293 2184 nistae,
306 2119 344 2168 ‘et
363 2107 486 2170 sacrifici
507 2053 633 2189 quilibet
651 2111 780 2190 superbo
802 2111 875 2172 cleri
894 2114 982 2173 titulo
1003 2114 1072 2174 clati
1092 2113 1183 2174 laicos
1202 2136 1272 2194 prae
1293 2133 1327 2172 se

190 2184 364 2267 despiciunt
402 2187 545 2244 Errorem
565 2185 651 2246 istum
671 2189 807 2272 coarguit
822 2207 858 2260 ¹ac
880 2190 989 2250 refellit
1008 2191 1147 2266 loannes,
1168 2192 1248 2326 ‹puod
1264 2190 1328 2249 Dei

211 2263 417 2322 remissionem
437 2261 522 2321 nimis
543 2263 739 2347 restringant,
759 2264 980 2341 demonstrans,
1000 2269 1130 2347 quamvis
1151 2268 1170 2326 il
1184 2269 1208 2328 is
1229 2279 1330 2327 careat

189 2283 283 2414 lle'us,
301 2338 464 2397 Ecclesiam
483 2349 581 2397 tamen
601 2339 646 2399 illi
666 2361 728 2400 non
751 2341 924 2404 delaturam.
961 2341 1153 2427 Senslisergo
1165 2343 1328 2404 v'crboruin

192 2427 251 2491 cst,
284 2414 404 2495 Pepigit
421 2413 505 2472 Deus
524 2427 676 2476 aeternum
688 2417 801 2479 ioedus
819 2437 886 2479 curu
905 2419 1053 2480 Abrabam
1074 2434 1104 2481 et
1124 2418 1329 2481 ciusseniine.

186 2491 258 2551 Una
278 2511 325 2552 res
344 2511 397 2552 vos
416 2488 509 2566 fallit,
550 2493 620 2567 uod,
660 2515 729 2552 uum
748 2494 810 2560 sitis
832 2496 896 2575 plus
918 2517 1004 2576 quarn
1024 2498 1197 2588 degeneres,
1218 2497 1352 2577 putatis·

188 2581 241 2628 ros
266 2568 346 2630 solos
371 2587 433 2626 esse
458 2511 595 2650 Abraliac
622 2515 713 2632 flios:
742 2571 826 2650 atqui
852 2573 985 2634 alicunde
1009 2573 1160 2634 suscitabit
1179 2575 1330 2634 Dominus

187 2665 300 2707 novum
319 2641 456 2702 Abrabae
475 2663 591 2719 semen,
619 2646 700 2736 quod
719 2667 799 2708 nunc
820 2668 881 2707 non
903 2663 1035 2729 apparet.
1073 2651 1157 2710 Dicit
1177 2654 1273 2710 ai'itein
1295 2651 1329 2710 in

190 2717 294 2779 dativo'
312 2740 390 2794 casn,
409 2717 579 2780 Abrahamo
600 2723 687 2799 lilios,
706 2735 740 2782 ut
758 2725 870 2798 selant,
882 2743 944 2784 non
964 2725 1073 2799 irritam
1095 2728 1160 2787 lore
1172 2727 1233 2788 Dei
1252 2748 1352 2808 pro„

188 2795 374 2868 missionem,
404 2815 502 2883 neque
519 2797 688 2873 Abrabam,
717 2822 767 2879 qui
787 2801 832 2860 illi
851 2801 965 2862 innixus
986 2815 1045 2878 est,
1073 2823 1134 2864 esse
1155 2807 1228 2864 decc
1251 2817 1327 2879 tum,

190 2871 320 2950 quamuis
338 2888 438 2928 semen
458 2890 490 2929 ιιι
509 2871 566 2931 illis
580 2874 703 2934 deliciat.
733 2877 778 2936 Ita
792 2876 828 2937 ab
840 2877 925 2938 initio
937 2881 1038 2940 mundi
1049 2903 1135 2941 verax
1148 2882 1205 2940 suit
1247 2883 1327 2940 oini-

188 2968 243 3006 nus
263 2946 355 3006 servis
373 2946 442 3019 suis,
463 2955 518 3007 nec
538 2949 625 3008 sidem
645 2949 706 3011 illis¹
722 2953 758 3012 de
769 2956 969 3044 *propaganda
990 2957 1020 3016 iii
1033 2956 1109 3018 filios
1122 2957 1216 3042 gratia
1228 2959 1327 3020 datam
1369 3003 1370 3010 ι

188 3035 337 3102 praestare
364 3042 491 3156 unipuain
505 3025 641 3100 destitit,
692 3029 995 3111 uamvisbypocritas
1020 3033 1171 3095 abiiceret
1232 3035 1328 3109 Quod

186 3109 293 3178 putant
316 3098 470 3174 nonnuli,
501 3099 645 3180 Ioannem
670 3049 707 3164 de
734 3106 879 3166 Gentium
897 3110 1054 3184 coccione
1075 3111 1229 3191 loquutuin
1250 3133 1328 3188 esse,

149 3219 152 3244 ,
187 3173 258 3234 milii
279 3174 393 3234 firmum
412 3195 475 3234 uon
494 3177 623 3239 videtur:
643 3181 695 3240 sed
715 3183 782 3262 quia
803 3184 979 3246 incredibile
1000 3199 1064 3248 erat
1080 3187 1213 3267 superbis
1227 3189 1327 3249 bomi-

187 3251 290 3326 nibus,
320 3250 380 3310 alio
405 3272 492 3330 posse
512 3257 664 3316 transferri
683 3259 865 3334 Ecclesiam,
894 3261 1035 3324 admonet
1054 3264 1187 3326 Domino
1210 3285 1272 3332 esse
1292 3267 1328 3327 in

186 3347 274 3386 manu
293 3327 424 3396 rationes
442 3333 601 3394 servandae
621 3335 783 3412 Ecclesiae,
803 3357 873 3416 quas
895 3333 938 3397 illi
958 3361 1019 3400 non
1041 3339 1194 3422 putabant,
1215 3343 1274 3404 acsi
1291 3365 1327 3403 ex

187 3402 334 3482 lapidibus
353 3403 430 3464 filios
449 3405 505 3467 sihi
526 3424 649 3470 crearet
900 3429 904 3446 ¹
1128 3437 1138 3450 '¹
1204 3475 1208 3488 ,

263 3479 367 3541 blatth.
399 3489 445 3546 to.
495 3485 566 3544 Luc.
595 3495 623 3552 9.
672 3486 740 3549 Iam
767 3511 834 3550 unio
863 3497 892 3550 'ct
918 3495 1026 3554 mensis
1053 3507 1103 3554 etc.
1148 3488 1328 3578 ''Postquani

186 3576 279 3617 vanae
299 3555 424 3617 fiduciae
443 3559 675 3643 integumentum
697 3567 861 3646 hypocritis
882 3569 1007 3629 detraxit
1026 3571 1169 3644 Ioannes,
1196 3575 1326 3654 propiu-

208 3655 276 3694 uum
301 3632 361 3692 Dei
386 3634 525 3696 iudiciuin
552 3640 714 3701 denuntiat.
753 3642 838 3702 Prius
860 3644 987 3721 dixerat,
1022 3645 1077 3706 illis
1097 3647 1326 3720 abdicatisnon

186 3653 292 3770 defore
311 3710 379 3770 Deo
399 3713 556 3792 populum:
589 3739 667 3779 nunc
687 3717 784 3793 addit,
810 3719 841 3779 in
861 3739 898 3779 eo
920 3743 980 3782 csse
1001 3745 1079 3783 nunc
1099 3725 1108 3782 i
1131 3745 1194 3785 suni
1213 3727 1326 3800 Deum,

186 3798 220 3846 ut
243 3785 383 3868 indignos
411 3791 583 3852 exterminet
610 3795 646 3854 ab
667 3793 823 3870 Ecclesia,
848 3796 932 3858 cnuti
953 3799 1065 3860 steriles
1086 3747 1208 3862 aiborts
1230 3806 1327 3864 excidi

153 3915 162 3926 ,
186 3862 292 3922 solent.
323 3863 441 3924 Summa
463 3879 515 3942 cst,
534 3869 593 3929 Dei
613 3871 729 3930 manum
751 3875 921 4009 purgandae
942 3875 1092 3936 Ecclesiae
1113 3879 1169 3937 iani
1190 3901 1254 3940 csse
1275 3883 1325 3940 in-

185 3947 306 3998 tentam.
346 3941 414 4000 Nau
437 3963 503 4002 uani
525 3946 602 4004 cniin
622 3969 653 4006 sc
674 3959 781 4008 exserit
833 3950 860 4009 ci
883 3951 976 4032 gratia
997 3953 1028 4010 in
1049 3952 1172 4014 salutern
1194 3957 1327 4036 pioriiiii,

207 4012 257 4072 niu
277 4014 361 4074 simul
380 3963 519 4082 iudicium
541 4023 601 4080 eius
622 4025 651 4081 iii
670 4023 771 4084 iiiuudi
785 4025 935 4085 interitum
949 4029 1088 4118 prodeat:
1111 4031 1198 4112 idque
1212 4034 1325 4113 duplici

187 4033 223 4150 le
244 4109 345 4163 causa,
366 4094 432 4170 quia
453 4106 522 4154 tuuc
542 4120 608 4157 snos
628 4099 775 4158 Dominus
797 4121 812 4159 a
833 4101 970 4182 reprobis
990 4119 1143 4188 segregat,
1165 4121 1195 4167 ct
1215 4130 1325 4169 novam

185 4161 257 4222 iram
277 4179 421 4242 provocat
439 4169 540 4230 usundi
561 4173 749 4254 ingratitudo.
782 4177 883 4251 Quare
904 4199 965 4238 nou
986 4182 1091 4240 miruiii
1112 4195 1166 4259 est,
1185 4185 1208 4244 si
1222 4187 1326 4246 Eran-

88 4259 100 4275 ‘
184 4239 256 4320 gelii
274 4242 455 4328 praedicatio
477 4259 506 4306 et
518 4245 628 4308 Christi
648 4251 787 4312 adventus
808 4255 932 4314 securim
951 4257 1138 4318 ‘admoverint
1155 4263 1324 4322 resecandis

183 4313 295 4448 ¹vitiosis
313 4315 484 4396 arboribus,
504 4327 534 4382 et
554 4325 687 4404 quotidie
705 4325 770 4387 Dei
780 4329 963 4408 uindictam,
984 4341 1087 4394 contm
1107 4335 1214 4418 impios
1227 4359 1325 4400 'accc-

196 4401 288 4452 erent
700 4428 704 4445 ·
837 4443 839 4448 -
1136 4437 1140 4444 -
