2814 4846
143 235 185 300 tt
340 187 341 196 ¹
374 229 498 294 ‚snum
517 219 600 292 xiv.
638 244 817 292 mucuns
835 241 879 290 ar
899 233 1083 302 saumones.
1130 191 1155 228 ⁴*

145 384 264 449 demum
277 381 365 446 uehis
380 385 478 446 Deum
495 383 618 467 placari,
638 401 727 476 quem
747 373 888 466 operibus
907 381 998 444 diffisi
1015 382 1106 466 gratis
1124 381 1325 444 reconciliari
1393 373 1394 376 ¹

144 461 280 542 petimus.
319 463 360 522 Et
384 459 443 526 huc'
469 463 589 542 quidem
614 459 711 540 aliqua
732 473 869 541 exparte
889 460 976 520 lateri
996 459 1325 543 eogunturl’apistae,

144 538 197 598 aed
219 559 288 598 mor
313 559 405 619 praru
431 551 600 604 commento
625 539 701 598 hanc
728 537 892 598 doctrinam
916 535 1092 597 adulterant
1132 535 1325 599 Concedunt

143 633 263 691 omum,
290 635 365 695 opus
385 614 495 676 habere
514 615 620 677 reniae
638 611 788 691 remedio,
834 613 880 674 uia
901 633 989 674 neruo
1011 615 1161 694 perlectus
1182 628 1246 688 est,
1265 615 1323 675 sed

142 692 270 828 primurn
288 693 411 754 miseros
431 692 564 752 homiues
584 690 735 752 inebriant
752 636 883 772 pardalis
902 695 1011 770 (quam
1029 693 1160 770 vocant)
1185 693 1325 753 iustitiae

165 769 263 828 ducis:
290 768 398 828 deinde
417 769 633 830 satisfactiones
652 779 801 842 atterunt,
822 768 928 848 quibus
947 779 1062 828 reatum
1081 789 1165 828 suum
1186 770 1321 830 deleant.

141 844 236 923 Atqui
255 845 327 905 haec
347 865 405 905 una
424 845 494 906 fidei
513 857 633 906 nostrae
652 841 761 906 lultura
781 865 843 905 esse
869 842 975 920 debet,
998 845 1069 906 Deo
1095 865 1152 906 nos
1177 867 1243 907 esse
1267 868 1320 907 ac-

142 931 261 1078 qqppqs,
286 941 348 982 non
374 919 455 1002 quod
478 922 520 984 ita
544 922 633 985 simus
657 923 831 1002 promeriti,
853 922 905 984 sed
932 922 1001 1003 quia
1025 933 1148 1048 peccata
1175 943 1239 984 non
1261 923 1319 984 im-

818 1071 822 1078 *
1098 1065 1103 1092 l

399 1177 641 1271 secato
682 1114 792 1270 XIV.
847 1187 1060 1278 (tut-14⁰.)

342 1365 1107 1430 mrarcunaarsrsmouas.
1217 1332 1220 1340 ’
1317 1433 1320 1442 ,

160 1605 163 1612 i
224 1547 333 1632 (127.)
373 1547 476 1638 LUC.
496 1551 597 1616 XVII.
638 1550 689 1618 11.
701 1533 751 1616 'm
772 1531 891 1640 iactum
915 1559 977 1628 est,
1004 1545 1081 1616 dutu
1107 1551 1172 1616 iret
1190 1545 1315 1618 Hiero·

82 1683 84 1690 a
138 1647 315 1736 solymam,
348 1663 380 1720 et
413 1657 484 1740 ipse
517 1650 674 1720 transibat
707 1656 768 1740 p'er
793 1652 932 1718 mediam
958 1653 1132 1720 Samariam
1160 1663 1194 1720 et
1221 1653 1314 1722 Gali-

137 1752 251 1854 lupam.
294 1757 344 1822 12
370 1756 413 1844 Et
440 1777 538 1844 quum
565 1755 792 1842 ingrederetur
818 1755 980 1843 quendam
1011 1758 1129 1835 vicum,
1159 1777 1314 1822 occurre-

137 1866 214 1924 runt
235 1861 266 1924 ei
288 1859 402 1924 decem
422 1863 484 1925 viri
506 1859 644 1948 leprosi,
666 1861 901 1944 qui'stelerunt
919 1858 1059 1947 procul.⁴
1084 1859 1135 1929 13.
1161 1859 1204 1928 Et
1226 1859 1314 1928 elata

138 1982 236 2040 voce,
263 1959 429 2040 dixerunt,
455 1959 529 2028 lesu
554 1975 766 2051 praeceptor,
792 1966 947 2030 miserere
972 1964 1084 2031 nostri.
1131 1963 1182 2030 tt
1205 1963 1311 2050 ,Quos

137 2073 175 2130 ut
202 2056 306 2142 vidit,
338 2064 433 2143 dixit,
468 2065 529 2145 lte,
565 2065 729 2132 ostendite
757 2087 817 2132 vos
844 2064 1078 2142 sacerdotibus.
1118 2066 1162 2133 Et
1188 2067 1310 2136 laetum

138 2177 201 2248 est,
228 2177 263 2234 ut
291 2169 376 2234 inter
403 2163 545 2234 eundum
569 2169 714 2236 mundati
735 2170 809 2236 sint.
851 2173 902 2240 15.
928 2169 1023 2236 Unus
1044 2179 1151 2235 autem
1174 2193 1214 2237 ex
1235 2167 1311 2254 illis,

137 2269 275 2340 ntvidit
296 2269 385 2359 quod
406 2271 579 2340 mundatus
600 2282 698 2351 esset,
722 2294 888 2360 regressus
915 2284 964 2342 est
990 2295 1062 2340 cum
1089 2295 1173 2340 rooe
1193 2297 1311 2362 magna

136 2371 322 2464 gloridoans
348 2375 467 2442 Deum.
515 2377 567 2442 16.
592 2373 635 2442 Ε1
660 2377 802 2462 procidit
827 2380 861 2443 in
889 2376 1069 2443 iaciemad
1096 2377 1200 2464 pedes
1229 2383 1310 2460 eiua

136 2483 252 2566 gratias
285 2489 382 2567 agens
415 2483 460 2546 ei:
492 2489 525 2546 et
549 2478 604 2546 hio
630 2489 699 2546 erat
725 2479 951 2547 Samaritanus.
1006 2481 1057 2572 17,
1085 2481 1308 2578 Respondent

17 2599 22 2620 ‘
136 2593 245 2650 autem
266 2583 356 2650 lesus
376 2582 471 2665 dixit,
489 2585 611 2652 Nonne
632 2584 745 2650 decem
768 2583 914 2650 mundati
933 2589 1028 2652 eunti
1054 2607 1172 2652 novem
1199 2597 1309 2652 autern
1360 2605 1371 2622 ¹

137 2686 212 2754 ubi?
255 2687 305 2754 18.
332 2687 410 2754 Nou
436 2698 512 2754 sunt
536 2689 673 2774 reperti,
700 2689 757 2772 qui
777 2686 953 2767 redierint,
976 2697 1012 2753 ut
1033 2686 1149 2754 darent
1170 2687 1308 2775 gloriam

134 2789 221 2871 Deo,
242 2793 305 2857 uisi
325 2789 379 2856 hio
400 2790 591 2876 alienigena.
633 2790 684 2855 19.
708 2789 752 2856 'Et
779 2792 824 2856 ait
848 2787 910 2872 illi,
941 2791 1060 2878 Surge,
1089 2790 1193 2870 vade,
1221 2789 1310 2856 fides

135 2905 191 2962 tua
217 2904 259 2962 te·
275 2896 424 2960 sanavit
465 2895 517 2966 20.
537 2895 763 2978 ‚interrogatus
783 2905 889 2960 antem
911 2916 929 2960 a
952 2891 1146 2974 Pharisaeis,
1173 2893 1308 2982 quando

133 3007 305 3063 venturum
333 3006 419 3063 esset
444 3011 578 3082 regnum
604 2997 685 3074 Dei,
711 2995 881 3082 respondit
907 3000 954 3063 eis
981 3009 1014 3064 et
1035 2998 1125 3078 dixit,
1150 2999 1230 3065 Non
1250 3019 1309 3064 ve-

134 3103 204 3168 niet
228 3099 377 3184 Regnum
408 3099 475 3166 Dei
506 3121 579 3164 eum
611 3096 854 3168 observatione:
907 3101 959 3169 21.
988 3102 1106 3190 Neque
1139 3103 1226 3167 enim
1259 3101 1309 3167 di-

135 3215 226 3284 eent,
251 3204 339 3270 Eece
365 3202 433 3284 hie,
458 3213 513 3269 aut
538 3225 617 3272 eoae
644 3201 726 3270 illic:
752 3225 829 3271 eece
857 3207 944 3272 enim
971 3225 1107 3294 regnum
1126 3203 1195 3298 Dei
1220 3207 1306 3272 intra

86 3363 91 3374 .
132 3329 194 3377 vos
216 3318 273 3375 est

212 3436 471 3516 Quemadmodum
494 3460 582 3521 supra
607 3452 715 3502 octavo
741 3439 838 3522 capite
859 3437 1027 3502 Matthaeus
1052 3450 1084 3501 et
1107 3442 1169 3503 duo
1193 3441 1306 3522 reliqui

134 3516 341 3600 Evangelistae
361 3515 511 3597 leprosum
531 3537 623 3578 unurn
644 3539 661 3579 a
682 3516 802 3579 Christo
826 3518 998 3579 mundatum
1023 3517 1112 3580 luisse
1136 3529 1304 3592 narrarunt,

133 3595 175 3656 sic
194 3595 288 3655 Lucas
308 3593 387 3655 idern
406 3593 579 3654 miraculum
598 3593 759 3656 sanationis
779 3593 932 3656 indecem
952 3592 1077 3674 leprosis
1090 3594 1202 3656 editum
1213 3594 1305 3654 luisse

133 3671 235 3733 relect.
275 3669 455 3752 Quanquam
474 3669 547 3732 alius
567 3681 612 3731 est
630 3670 715 3732 huius
736 3671 875 3733 historiae
894 3693 1016 3754 scopus:
1037 3670 1306 3732 describitnrenim

133 3749 223 3812 laeda
243 3761 275 3830 et
293 3745 475 3810 incredibilis
494 3746 631 3808 Iudaicae
651 3746 749 3830 gentis
767 3748 797 3807 in
821 3747 968 3826 ratitudo,
992 3769 1031 3808 ne
1056 3749 1105 3809 cad
1128 3748 1237 3808 mirum
1255 3747 1306 3822 sit,

132 3838 181 3888 tot
203 3825 265 3886 illic
289 3845 444 3905 suppressa
470 3823 558 3885 luisse
576 3823 690 3885 Christi
714 3769 860 3888 benedeia
884 3837 989 3918 totque
1015 3825 1138 3886 virmtes
1162 3845 1195 3885 se
1219 3823 1305 3884 ultas.

131 3903 261 3964 Additur
280 3901 369 3962 etiam
394 3900 627 3978 circumstantia,
653 3922 729 3981 quae
754 3921 859 3964 eorum
882 3902 1027 3987 flagitium
1050 3901 1147 3985 magis
1170 3901 1201 3962 in
1265 3912 1306 3961 et.

132 3980 209 4040 Nam
229 3999 319 4060 quum
338 3997 448 4038 novem
467 3975 594 4038 Iudaeos
612 3991 742 4042 sanasset
760 3979 923 4057 Dominus,
942 4001 981 4040 ne
1000 3999 1075 4042 unus
1096 3978 1215 4060 quidem
1235 3997 1305 4060 gra-

132 4055 204 4116 tiam
229 4053 344 4131 retulit,
370 4053 421 4117 sed
447 4065 482 4114 ut
504 4053 603 4115 morbi
628 4055 800 4118 memoriam
819 4057 1055 4142 exstinguerent,
1083 4054 1186 4117 furtim
1211 4053 1306 4134 elapsi

132 4143 216 4194 runt:
236 4151 310 4191 nnus
331 4132 469 4193 duntaxat
488 4129 687 4193 Samaritanus
706 4133 778 4225 quid
795 4131 916 4196 Christo
936 4131 1061 4206 deberet
1079 4133 1230 4215 professus
1250 4141 1305 4192 est.

131 4209 217 4299 Ergo
237 4205 275 4268 als
295 4228 355 4268 una
374 4219 459 4290 parte
479 4207 677 4292 hierefulget
695 4209 795 4272 divim
815 4209 926 4272 Christi
945 4209 1096 4293 potentia:
1114 4229 1231 4270 rursum
1250 4207 1307 4276 1112

132 4285 214 4346 daers
231 4282 427 4364 exprobratur
444 4292 504 4345 aua'
515 4285 661 4368 impietas,
679 4305 738 4368 qna
756 4286 867 4350 iactum
886 4298 941 4366 eat,
959 4297 994 4350 ut
1009 4281 1304 4371 1111111111οηί-

132 4359 235 4457 ranlo
253 4359 352 4424 nullus
369 4359 434 4424 lere
454 4359 571 4434 habitas
590 4361 681 4428 luerit
698 4363 807 4428 honor.
