2766 4834
342 267 359 347 (
365 271 503 334 12-13.
528 267 687 330 Zachariae
706 252 896 350 prophetia)
958 199 963 224 ·
1147 278 1188 342 ω

38 421 164 498 apparuit
190 417 262 480 Dei
291 419 416 480 bonitas
441 433 472 481 et
497 433 696 504 φιλανθρωπία
716 421 794 502 (Tic
814 429 848 496 2,
868 419 949 498 ib),
979 430 1014 480 ut
1030 421 1107 486 abne
1128 427 1183 488 atis

37 495 236 556 uetularibus
272 498 430 558 desideriis
461 510 560 558 sancte
591 510 623 559 et
668 500 696 560 Ie
720 512 751 559 et
775 499 898 560 honeste
923 498 1061 560 vivamus.
1108 445 1181 563 ideo

37 573 141 662 l’inliis,
154 596 274 654 »quum
296 575 460 634 efficaciter
481 573 592 634 hortari
612 519 674 635 vuit
693 576 805 651 fideles,
824 589 856 636 ut
875 573 987 636 seDco
1009 591 1183 638 consecrent

37 675 57 708 ia
78 663 155 710 ritae
186 651 382 724 novitatem,
413 663 445 712 et
474 651 609 730 deposito
634 654 729 712 veteri
754 653 873 713 homine
920 653 1059 732 rioreque
1083 667 1183 714 mente
1258 675 1263 705 ι

36 729 97 785 emti
117 727 249 787 cultum
271 727 316 789 illi
336 727 513 788 rationalem
534 729 705 804 exhibeant,
725 730 869 810 proponit
887 673 943 790 iilis
957 729 1077 808 vvispera
1094 731 1182 793 mise-

37 804 170 864 ricordiae
207 805 277 865 Dei
311 805 421 883 (iloni.
447 811 503 878 12,
528 807 586 882 1.).
635 805 727 866 Plena
759 817 804 867 est
833 805 975 868 eiusmodi
1004 806 1182 885 testimoniis

38 880 193 958 Scriptura,
219 903 304 960 quae
325 882 499 954 ostendunt,
518 881 660 942 exinaniri
681 883 791 944 Christi
810 882 949 966 gratiam,
970 882 1024 943 nisi
1045 885 1082 962 ad
1103 884 1180 946 hunc
1236 885 1239 901 ‘

38 979 143 1036 scopum
165 959 342 1019 tendimns.
382 959 553 1018 Notandum
575 971 670 1018 autem
693 972 737 1019 est
757 962 836 1051 qnod
851 960 931 1031 dicit,
950 974 982 1017 ui
995 953 1061 1017 'iiiia
1079 955 1181 1032 limare

39 1039 193 1095 usinum
243 1035 277 1094 Si
325 1035 406 1094 ificat
425 1035 521 1107 enim,
552 1057 613 1095 non
635 1055 720 1116 posse
740 1037 796 1097 nisi
815 1036 980 1116 tranquillis
1000 1034 1102 1096 animis
1121 1039 1178 1098 rite

39 1111 119 1170 ileum
137 1113 220 1172 culi.
262 1057 342 1172 ἔξω
363 1111 414 1192 qui
430 1111 636 1190 inquictudine
650 1113 797 1188 laborant,
817 1113 866 1194 qui
885 1135 991 1173 secum,
1005 1113 1180 1194 disceptarit,

39 1189 143 1250 illumne
163 1189 312 1250 habeant
332 1187 496 1268 propitium
516 1210 552 1248 an
573 1188 731 1262 insensum,
750 1201 871 1272 gratane
891 1188 1000 1250 habeat
1018 1211 1070 1250 sua
1088 1189 1177 1252 obse-

38 1265 92 1341 quia
111 1287 149 1324 aii
169 1265 337 1358 repudiet:
380 1265 410 1324 ui
431 1265 558 1344 deniqne
578 1266 683 1326 incerti
703 1267 846 1326 fluctuant
864 1265 943 1325 inter
961 1289 973 1325 s
998 1255 1043 1324 llm
1065 1274 1094 1327 et
1112 1289 1176 1328 nie-

39 1353 97 1415 tam,
117 1342 254 1402 sollicite
277 1287 430 1401 interdum
448 1354 583 1422 satagent
601 1343 632 1400 iii
653 1342 780 1402 colendo
795 1341 874 1415 Deo,
893 1343 945 1402 sed
964 1285 1007 1401 idi
1026 1359 1177 1434 nunquam

39 1419 155 1492 intere,
187 1439 299 1498 neque
327 1439 362 1478 ex
388 1417 489 1476 animo
513 1440 544 1478 se
564 1417 729 1478 subiicient.
768 1417 853 1476 Facit
871 1417 948 1477 enim
968 1418 1126 1496 trepidatio
1147 1432 1177 1480 et
1226 1467 1232 1486 .

39 1495 171 1570 anxietas,
189 1509 228 1554 ut
249 1517 323 1556 eum
345 1496 504 1554 hori-eant:
533 1495 590 1568 ita,
617 1495 641 1555 si
662 1494 727 1554 fieri
746 1504 861 1630 posset,
886 1493 1058 1554 exstinctum
1077 1495 1186 1574 potius*

41 1585 171 1651 raperent
189 1573 259 1634 eius
283 1593 406 1631 numen.
445 1571 559 1631 Scimus
579 1583 687 1644 autem,
707 1593 746 1629 nii
761 1571 820 1630 lum
840 1572 910 1630 Deo
928 1569 1100 1630 sacrificium
1120 1571 1177 1632 nisi

40 1663 225 1726 spontaneum
275 1650 386 1720 lacere,
407 1659 437 1708 et
457 1649 537 1726 quod
558 1649 640 1708 hilari
661 1647 760 1707 animo
780 1647 916 1714 offertur.
948 1646 1175 1721 Quareutvere

42 1725 122 1784 ileum
134 1728 242 1787 colant
283 1725 410 1798 omines,
430 1744 532 1784 eorum
548 1725 746 1786 ‘conscientias
766 1725 846 1804 prius
865 1723 960 1784 sedari
979 1727 1186 1801 necesseest,

40 1804 295 1880 quemadmodumx
307 1813 340 1862 et
357 1801 455 1862 David
474 1799 620 1881 loquitur,
651 1802 740 1881 Apud
760 1812 790 1860 te
810 1813 853 1862 est
872 1799 1062 1880 propitiatio,
1083 1813 1115 1860 ut
1135 1802 1172 1864 ti-

39 1881 129 1940 nearis
150 1881 251 1960 (Psal.
274 1885 351 1953 130,
368 1877 424 2012 ιζ.
463 1878 544 1938 Deus
564 1879 642 1938 enim
662 1877 796 1938 homines
816 1879 881 1937 data
902 1897 974 1956 pace
993 1877 1116 1937 comiter
1135 1879 1187 1938 adi

39 1977 62 2016 se
79 1959 206 2018 inritans
226 1957 321 2030 iacit,
350 1967 382 2014 ut
414 1953 524 2014 'berter
543 1955 683 2015 accedant
703 1967 733 2015 et
752 1975 818 2014 cum
838 1953 1034 2014 liberalitatis
1054 1955 1183 2016 colendi
1216 1959 1219 1968 ’

37 2033 145 2094 iiiectu.
186 2035 273 2092 Hinc
294 2044 325 2092 et
346 2031 453 2090 Paulus
472 2032 646 2091 sententiam
667 2031 746 2091 illam
766 2031 899 2104 deducit,
928 2043 1081 2110 peccatum
1108 2051 1172 2092 esse

37 2112 166 2202 quicquid
188 2111 259 2170 sine
280 2109 338 2169 fide
364 2107 537 2188 suscipitur,
568 2110 655 2168 llom.
674 2116 728 2182 14,
752 2113 800 2173 23.
846 2108 947 2182 Quum
972 2119 1069 2167 autem
1088 2108 1172 2170 Deus

38 2189 160 2248 homines
182 2185 245 2248 sibi
263 2184 296 2244 in
318 2183 440 2245 Christo
460 2185 641 2259 reconciliet,
664 2205 754 2265 quum
775 2183 905 2245 eiusdem
925 2183 1071 2264 praesidio
1091 2183 1172 2264 i'psoa

38 2277 153 2339 tueatur,
175 2277 212 2323 ut
232 2261 330 2322 securi
351 2261 410 2321 sint
430 2260 467 2320 ab
488 2262 568 2320 omni
580 2274 671 2335 metu,
691 2283 779 2340 quum
800 2281 902 2321 eorum
921 2261 1044 2320 salutem
1064 2259 1094 2320 in
1107 2261 1176 2322 eius«

37 2361 143 2402 nanum
165 2352 199 2402 et
220 2339 387 2401 custodiam
408 2338 592 2416 deposuerit,
617 2338 723 2398 merito
743 2337 897 2398 Zacharias
917 2359 973 2398 iios
994 2336 1055 2396 eius
1075 2337 1170 2430 gratia

37 2420 180 2495 praedicat
200 2437 218 2476 a
241 2428 323 2476 metu
343 2414 473 2474 liberari.
510 2415 585 2474 Ideo
605 2415 770 2494 prophetae
785 2414 843 2472 hoc
854 2413 1009 2494 proprium
1020 2414 1183 2474 ascribunt

33 2495 227 2631 [cria-:uregnm
248 2505 282 2552 ut
301 2512 405 2572 pacem
427 2491 559 2550 homines
578 2511 680 2551 secure
701 2489 811 2564 colant,
830 2501 862 2548 et
879 2488 1041 2567 tranquillo
1060 2490 1169 2570 gaudio

112 2585 173 2632 tur.

99 2657 150 2714 τῇ
192 2646 236 2706 In
253 2647 407 2705 sunedtme
424 2657 451 2702 at
467 2645 585 2702 iiuiitia.
623 2642 718 2702 Sicuti
738 2639 849 2704 duabus
868 2637 976 2699 tabulis
1000 2637 1169 2718 complexus

36 2737 71 2782 est
87 2725 174 2787 Deus
196 2723 277 2783 bene
297 2721 417 2781 vivendi
436 2720 579 2803 regulam,
598 2719 638 2780 ita
659 2719 706 2779 liic
717 2717 869 2778 Zacharias
889 2715 1073 2806 pronuntiat,
1086 2713 1170 2806 'legi-

36 2801 95 2862 time
114 2815 191 2864 tuuc
213 2801 333 2860 demum
355 2818 410 2857 nos
430 2799 538 2858 servire
558 2799 642 2870 Deo,
665 2817 754 2877 quum
775 2795 811 2854 ad
830 2803 1014 2854 sanctitatem
1035 2802 1066 2851 et
1083 2803 1168 2852 iusti-

36 2879 94 2938 tiaui
120 2871 292 2958 cbmposita
311 2885 364 2954 ,est
387 2875 446 2933 vita
476 2887 589 2935 nostra:
620 2894 720 2953 neque
746 2873 824 2932 enim
854 2868 975 2931 dubium
1005 2881 1063 2943 est,
1095 2868 1169 2948 quin

36 2957 165 3016 uucdtas
185 2953 306 3034 pietatis
327 2950 427 3010 officia
448 2950 596 3032 designet,
626 2972 700 3030 quae
720 2959 854 3031 spectant
873 2946 910 3007 ad
928 2946 1058 3026 priorem
1077 2945 1168 3028 Legis

36 3033 173 3106 tabulam,
207 3029 290 3110 quod
317 3049 356 3086 ne
382 3027 538 3088 Platonem
564 3029 681 3107 quidem
711 3027 803 3086 latuit.
853 3023 966 3092 IustitIa
998 3035 1096 3086 antem
1127 3024 1165 3085 ad

37 3109 127 3168 omnia
153 3107 285 3168 caritatis
312 3103 413 3164 officia
439 3105 617 3178 extenditur,
650 3104 717 3184 quia
746 3123 809 3162 non
834 3102 921 3161 aliud·
938 3099 1028 3184 exigit
1045 3100 1166 3161 Densa

37 3185 114 3246 iobis
134 3185 165 3244 iu
186 3180 420 3262 secundaLegis
438 3181 548 3255 tabula,
568 3181 623 3242 nisi
642 3193 676 3241 ut
696 3181 801 3258 cuique
820 3177 974 3239 reddamus
991 3178 1166 3258 quodsuuui

37 3275 81 3322 est.
119 3260 268 3334 additur,
298 3277 401 3318 emam
418 3261 500 3334 ipso,
530 3270 563 3318 ut
586 3259 680 3318 sciant
704 3257 819 3331 fideles,
847 3275 909 3314 nou
934 3255 1003 3315 satia
1028 3275 1109 3329 esse,
1139 3254 1166 3314 si

36 3359 128 3398 corani
159 3338 315 3397 hominum
342 3333 435 3394 oculis
459 3335 547 3394 vitam
576 3355 656 3394 suain
681 3333 783 3414 pulcre
811 3333 1020 3406 moderentur,
1052 3351 1166 3408 manus,

38 3417 131 3494 pedes,
147 3425 308 3503 totumque
329 3431 438 3492 corpus
457 3412 493 3471 ab
515 3413 596 3471 omni
614 3411 727 3504 flagitio
746 3409 933 3470 contineant:
953 3407 1092 3487 quoniam
1111 3427 1165 3468 eos

37 3491 70 3552 ad
87 3491 145 3551 Dei
165 3491 322 3550 arbitrium
342 3489 442 3549 vivere
462 3500 597 3568 oportet,
617 3509 668 3579 qui
687 3498 805 3546 externa
824 3484 1018 3546 sanctimonia
1038 3495 1165 3545 conten-

37 3579 77 3626 tus
99 3578 251 3641 nonest,
280 3565 333 3626 sed
380 3585 414 3623 or
460 3564 596 3645 raecipuc
622 3575 762 3624 intuetur.
811 3562 968 3622 Postremo
989 3581 1027 3620 ne
1048 3559 1113 3640 quia
1132 3579 1165 3620 ae

37 3645 203 3704 defunctum
246 3653 325 3716 utet,
347 3577 401 3701 ubi
419 3585 518 3722 aiiquo
537 3642 680 3721 temporis
699 3641 795 3720 spatio
812 3640 911 3698 Deum
931 3635 1071 3709 coluerit,
1091 3653 1166 3713 pro·

38 3721 146 3780 nuntiat
165 3663 340 3794 Zacbarias,
374 3719 428 3777 hac
452 3719 519 3800 lege
537 3719 707 3801 redemptos
733 3735 794 3777 esse
814 3715 963 3787 homines,
982 3725 1026 3784 ,ut
1043 3709 1167 3801 colendi

39 3797 90 3856 ltci
107 3796 236 3857 studiiun
255 3808 320 3856 tota
340 3795 400 3855 vita
420 3807 645 3876 prosequantur.
683 3797 725 3862 Et
743 3804 841 3867 certe,
872 3814 962 3871 quum
987 3802 1107 3850 aeterua
1126 3797 1167 3878 sit

40 3875 213 3955 redemptio,
239 3872 300 3933 eius
321 3873 493 3932 memoriani
514 3893 663 3951 nunquam
684 3871 806 3930 effluere
827 3871 927 3930 decet:
948 3887 1037 3946 quum
1056 3863 1112 3924 sibi
1131 3883 1165 3922 ni

42 3964 205 4030 perpetuum
233 3949 370 4011 homines
389 3950 471 4008 Deus
491 3949 628 4028 adoptet,
658 3967 719 4008 non
746 3945 835 4007 debet
860 3945 967 4006 caduca
994 3941 1041 4008 vcl
1066 3937 1165 4023 exigui

44 4029 170 4108 temporis
190 4047 297 4088 eumin
319 4045 382 4085 esse
440 4027 564 4086 atitudo:
596 4025 725 4116 denique
746 4045 835 4103 quum
855 4033 987 4082 mortuiis
1006 4019 1044 4080 sit
1063 4028 1095 4078 et
1112 4038 1163 4078 re-

43 4105 186 4165 surrexerit
232 4124 266 4163 ro
291 4103 351 4163 illis
373 4046 524 4176 Cirristus,
562 4123 630 4162 eum
652 4114 730 4161 vitae
756 4112 787 4160 et
805 4098 908 4160 mortis
928 4095 1080 4186 dominum
1100 4113 1164 4156 ease

41 4183 175 4242 convenit.
210 4125 292 4242 ideo
305 4177 425 4254 Paulus,
445 4200 531 4258 quem
550 4197 648 4260 nuper
666 4177 752 4238 citavi
772 4177 852 4251 loco,
870 4179 999 4234 sanctuni
1019 4182 1165 4233 etiustani

41 4259 112 4321 vitani
133 4279 226 4342 prose
269 4259 279 4316 i
290 4279 357 4318 mos
376 4256 459 4316 iubet
471 4275 562 4335 usqne
574 4256 606 4317 in
617 4257 775 4320 adventum
785 4251 885 4336 magni
896 4249 966 4326 Dei,
983 4251 1166 4332 Empeetau·

40 4345 87 4416 tes,
104 4337 215 4420 inquit,
258 4347 356 4398 eatam
376 4349 469 4416 spem,
488 4343 545 4396 ete.

389 4510 394 4540 l
