2768 4834
371 269 448 388 (3³¹
459 289 641 400 lesussanat
659 307 742 371 Petri
761 313 903 392 socrum.)
1143 319 1198 382 131

127 460 207 521 Luc.
226 467 276 528 39.
307 459 475 538 Increpmu't
484 460 608 543 fibi-inc
645 463 822 555 Quanquam
842 461 979 544 loquutio
1000 463 1071 526 baec
1092 464 1198 529 lectori

57 559 112 597 nnn
131 540 209 598 satis
231 538 264 597 in
283 537 437 629 Scriptura
458 541 619 600 exercitato
640 542 823 604 dura·vrderi
843 541 947 622 possit,
967 541 1084 602 ratione
1100 554 1198 604 tamen

56 637 109 672 urm
133 627 235 674 caret.
274 616 381 675 Febris
401 616 479 676 enim
500 628 530 676 et
550 616 600 676 alii
619 617 728 692 morbi,
748 617 848 692 sames,
869 617 1036 698 pestilentia
1058 631 1088 677 et
1110 640 1198 680 omne

55 711 145 772 genus
171 711 335 752 aerumnae
356 691 415 752 Dei
435 703 503 752 sunt
522 695 723 772 apparitores,
752 715 808 774 per
827 716 900 773 quos
921 694 1027 754 iudicia
1047 716 1098 754 sua
1119 717 1198 756 erse-

55 767 161 846 quitur.
211 769 297 850 Ergo
324 767 410 828 sicuti
435 767 573 829 mandato
599 784 730 850 nutuque
754 792 807 831 suo
829 770 900 830 tales
924 771 1043 830 nuntios
1064 772 1198 834 emittere

55 845 176 916 dicitur,
195 844 240 904 sic
261 846 349 904 etiam
370 857 491 906 coercet
510 867 543 905 ac
563 862 692 920 revocat,
713 847 831 908 simulac
843 846 935 906 visum
947 859 998 907 est.
1033 849 1196 922 Qumpdo

54 921 121 980 alius
143 921 318 994 sanaverit,
338 933 439 981 tacent
458 923 621 984 Matthaeus
642 936 673 984 et
692 925 819 984 blarcus:
840 924 933 984 Lucas
954 925 1042 998 dicit,
1061 935 1198 984 munuum

53 1001 247 1072 inpositione.
286 997 357 1074 Fuit
376 1011 472 1058 autem
493 999 744 1060 reconciliationis
763 1001 879 1082 signum
900 1001 952 1060 sub
967 1002 1057 1094 Lepe.
1096 1003 1197 1078 Quare

53 1075 182 1148 merito,
214 1094 273 1134 nec
299 1074 506 1154 intempestive
529 1073 678 1151 Christus,
709 1097 782 1154 quos
803 1099 818 1136 a
839 1076 897 1135 Dei
917 1077 1198 1138 maledictioneab-

54 1151 161 1224 solvit,
192 1149 254 1210 illis
275 1153 362 1210 etiam
383 1151 524 1231 imposuit
542 1173 652 1211 manus.
691 1152 841 1212 Sollennis
861 1153 948 1214 etiam
968 1154 1025 1212 luit
1042 1175 1198 1224 cousecra-

52 1227 142 1286 tiouis
168 1227 255 1300 ritus,
275 1227 522 1306 quemadmodum
542 1227 615 1288 alibi
634 1228 724 1288 lusius
744 1229 868 1288 dicetur.
898 1229 958 1289 Sed
978 1251 1036 1311 ego
1049 1231 1198 1291 Christum

53 1303 234 1382 simpliciter
264 1303 448 1384 interpretor
472 1325 575 1362 manus
602 1303 775 1384 imposuisse
803 1305 949 1394 aegrotis,
981 1318 1014 1363 ut
1040 1327 1091 1366 eos
1116 1305 1198 1370 Patri

53 1380 270 1440 commendans
290 1381 466 1462 gratiam-et
485 1377 693 1441 liberationem
715 1401 730 1438 a
750 1379 861 1440 morbis
881 1380 1062 1460 impetraret.

127 1457 240 1516 blattb.
269 1464 317 1522 17.
371 1455 460 1539 Quoad
484 1455 591 1517 &ctum
619 1472 660 1518 est
680 1478 738 1532 per·
763 1455 899 1516 larrium.
944 1457 1070 1517 Videtur
1091 1451 1223 1548 parum=

54 1533 194 1613 apposite
220 1531 320 1606 citari,
349 1533 411 1594 imo
436 1534 468 1594 in
494 1534 622 1594 alienum
641 1555 757 1594 sensum
777 1531 913 1626 torqueri
935 1533 994 1596 hoc
1012 1533 1198 1595 vaticiniumr

55 1631 118 1669 nam
149 1607 213 1668 illic
232 1609 341 1669 Iesaias
362 1631 424 1670 non
444 1612 480 1671 de
500 1610 663 1683 miraculis,
691 1611 743 1670 sed
764 1607 801 1670 de
823 1607 932 1670 Christi
954 1622 1049 1669 morte
1071 1611 1197 1672 disserit:

54 1705 106 1745 nec
130 1686 169 1745 de
191 1685 406 1765 temporalibus
428 1685 589 1762 beneficiis,
609 1689 660 1746 sed
681 1687 717 1747 de
737 1685 881 1768 spirituali
901 1698 1081 1766 aeternaque
1114 1689 1197 1749 ralia.

57 1761 151 1835 Quod
176 1775 275 1822 autem
298 1763 335 1823 de
356 1763 470 1824 animae
488 1763 565 1824 vitiis
586 1764 643 1824 dici
664 1775 774 1824 certum
797 1775 858 1836 est,
889 1762 1053 1823 Matthaeus
1073 1707 1112 1826 td
1130 1787 1197 1826 cor-

75 1837 176 1898 orales
203 1838 326 1898 morbos
347 1840 501 1919 transfert:
531 1840 639 1902 solutio
659 1863 721 1900 nou
743 1840 868 1900 difficilis
889 1851 947 1915 est,
977 1841 1067 1900 modo
1088 1862 1196 1921 expcu·

55 1860 125 1974 dant
144 1914 287 1988 lectores,
307 1937 370 1974 non
392 1927 502 1976 tantum
523 1917 641 1996 exponi,
661 1917 731 1996 quid
743 1915 877 1978 Christus
897 1917 1026 1998 aegrotis
1046 1916 1101 1978 illis
1123 1941 1196 1978 cou-

55 1991 173 2066 tulerit,
206 1993 259 2052 sed
286 1991 319 2050 in
345 2012 432 2071 quem
459 1995 547 2054 finem
572 1994 718 2052 sanaverit
738 2015 839 2053 eorum
859 1991 989 2052 morbos.
1030 1993 1193 2054 Senserunt

54 2069 95 2128 illi
123 2067 239 2128 Christi
258 2069 385 2150 gratiam
405 2069 435 2128 in
455 2069 513 2130 suis
534 2071 725 2150 corporibus,
754 2069 806 2128 sed
826 2069 913 2130 nobis
933 2069 999 2128 bnis
1019 2073 1194 2152 spectandus

56 2157 111 2204 cst:
142 2144 211 2226 quia
232 2166 305 2225 prae
330 2155 457 2205 osterum
480 2159 573 2220 esset,
595 2147 627 2206 in
648 2145 759 2206 caduco
780 2145 926 2204 beneficio
949 2145 1085 2220 haerere,
1114 2148 1196 2226 qumi

56 2242 217 2301 corporum
242 2243 291 2280 me
315 2243 376 2281 rcus
401 2235 478 2283 esset
501 2223 593 2282 Filius
617 2221 684 2282 Dei.
730 2222 811 2297 Quid
834 2221 928 2304 ergo?
961 2242 1068 2302 nempe
1089 2245 1196 2282 curros

56 2298 248 2372 illuminavit,
280 2310 314 2358 ut
338 2319 371 2357 se
393 2300 495 2360 mundi
521 2300 616 2359 lucem
643 2319 716 2358 esse.
733 2299 917 2359 ostenderet:
953 2300 1081 2360 restituit
1109 2301 1196 2358 vitam

57 2376 194 2450 mortuis,
223 2385 258 2432 ut
282 2395 314 2434 se
339 2375 483 2453 probaret
505 2377 596 2436 vitam
620 2395 654 2434 ac
678 2373 926 2434 resurrectionem
954 2395 1030 2433 esse:
1061 2375 1138 2434 idem
1160 2378 1196 2436 de

59 2451 164 2512 claudis
192 2463 224 2511 et
248 2449 416 2532 paralyticis
440 2451 635 2513 sentiendum.
681 2449 783 2524 Quare
809 2447 974 2540 analogiam
996 2449 1070 2507 hanc
1091 2449 1196 2528 sequass

58 2547 133 2604 mur,
167 2539 219 2602 ut,
251 2547 446 2608 quaecuuque
470 2528 638 2588 hominibus
662 2524 809 2606 praestitit
834 2524 968 2585 Christus
994 2522 1138 2584 benelicia
1166 2527 1195 2584 in

58 2625 154 2680 carne,
174 2605 340 2665 reseramus
361 2605 398 2666 ad
416 2626 538 2685 scopum
559 2624 647 2682 quern
667 2601 754 2660 nobis
774 2601 938 2660 lllattbacus
955 2601 1108 2678 proponit,
1128 2601 1196 2658 mis-

59 2703 115 2742 sum
128 2682 247 2742 scilicet
257 2681 346 2741 luisse
360 2702 375 2741 a
388 2681 488 2756 Patre,
508 2693 540 2741 ut
553 2701 606 2740 nos
619 2678 729 2740 amalis
743 2689 774 2737 et
787 2675 910 2738 miseriis
923 2669 1194 2739 omuibuslevaret.

130 2761 225 2818 blare.
249 2765 298 2824 34.
342 2757 412 2818 Nou
435 2755 545 2818 mereim
566 2757 646 2836 loqui
669 2753 831 2814 drmmonirc.
876 2749 993 2831 Duplex
1013 2753 1111 2832 potuit
1131 2774 1195 2813 esse

59 2835 149 2912 ratio,
181 2857 236 2895 eur
264 2854 327 2893 non
351 2835 476 2894 sine‘ret:
515 2855 572 2894 una
599 2831 761 2915 generalis,
791 2829 871 2910 quod
896 2827 1028 2888 noudum
1052 2841 1196 2890 maturum

58 2911 163 2990 plenae
182 2909 376 2972 revelationis
397 2923 510 2990 tempus
530 2911 705 2971 advenerat:
726 2908 816 2970 altera
836 2905 981 2986 specialis,
1001 2927 1086 2984 quam
1101 2927 1197 2998 nuper

59 2989 223 3070 attigimus,
267 2987 327 3046 uod
346 2986 412 3046 illos
432 2987 607 3068 repudiabat
625 3007 788 3065 praecones
808 3005 841 3044 ac
862 2990 950 3042 testes
970 3003 1038 3042 suae
1059 2983 1196 3044 divinita-

59 3065 102 3139 tis,
121 3009 282 3144 quidauilc
303 3084 354 3122 sua
373 3063 447 3124 nihil
467 3063 546 3123 aliud
567 3085 652 3142 quam
664 3061 806 3122 maculam
819 3071 851 3120 et
861 3059 1006 3118 sinistram
1023 3059 1195 3138 opinionem

59 3159 215 3222 aspergere
244 3139 288 3199 illi
313 3151 460 3218 poterant.
503 3141 543 3202 At
566 3161 603 3200 ue
628 3139 700 3199 baec
726 3135 876 3217 pdsterior
894 3135 1013 3197 indubia
1036 3148 1093 3207 est,
1127 3139 1195 3216 quia

59 3227 195 3276 testatum
222 3217 360 3306 oportuit
386 3234 447 3276 esse
474 3161 581 3275 hostile
608 3213 775 3288 dissidium,
807 3211 887 3291 quod
909 3211 1037 3300 habebat
1056 3225 1195 3301 aeternae

59 3293 155 3354 salutis
176 3304 207 3354 ct
226 3305 306 3355 ratae
326 3303 429 3355 auctor
448 3313 514 3352 eum
533 3292 636 3351 mortis
655 3290 790 3371 principe
811 3289 931 3365 eiusque
951 3301 1099 3350 uuurstrrs.

132 3370 240 3429 blatth.
265 3375 313 3434 18.
354 3370 449 3449 Quaem
472 3367 585 3428 uidisset
603 3382 697 3426 marm
715 3365 798 3426 Iesus
821 3363 934 3438 turben,
958 3377 1009 3423 etc.
1049 3365 1119 3423 Non
1140 3365 1194 3424 du-

60 3443 121 3505 bito
142 3447 215 3524 quin
237 3444 370 3505 breviter
389 3444 702 3526 attingatblattbaeus,
722 3443 802 3522 quod
822 3440 869 3500 alii
891 3440 1005 3520 plenius
1026 3450 1056 3499 et
1075 3441 1194 3500 uberius

59 3536 219 3602 exponunt.
250 3521 344 3596 Quod
363 3533 477 3580 tacetur
497 3522 685 3592 allatthaeo,
705 3518 810 3608 relicui
832 3519 891 3577 duo
910 3518 1084 3596 exprimunt,
1105 3539 1195 3594 quar-

58 3601 141 3658 rendi
172 3620 305 3660 secessus
334 3619 418 3658 causa
451 3595 599 3656 Christum
627 3597 700 3656 clam
726 3595 831 3654 abusse
858 3593 887 3652 in
914 3594 1060 3652 desertum
1088 3593 1195 3663 locum,

59 3687 215 3755 antequam
243 3674 437 3735 illucesceret.
481 3674 565 3734 Dicit
584 3685 686 3753 postea
707 3673 838 3747 Marcus,
868 3669 1049 3730 admonitum
1070 3668 1195 3727 fuiss-ea

58 3751 165 3827 Petro,
197 3753 282 3832 quod
310 3773 375 3810 eum
397 3771 499 3811 omues
519 3761 704 3830 quaererent.
743 3749 837 3807 Lucas
858 3758 954 3806 autem
976 3743 1078 3816 dicits
1092 3741 1195 3801 turbas

60 3827 125 3888 illuc
145 3851 240 3910 usque
260 3827 386 3888 venisse.
426 3829 487 3886 Iam
508 3828 588 3905 quod
609 3826 680 3886 dicit
698 3825 872 3898 Matthaeus,
894 3821 1041 3882 transiisse
1063 3819 1093 3908 in
1115 3817 1194 3876 ulte-

59 3905 164 3966 riorem
186 3907 293 3988 ripam',
314 3925 368 3984 pro
390 3925 426 3965 eo
445 3905 546 3964 dieunt
558 3901 644 3962 ambo
659 3902 713 3975 illi,
728 3921 903 3994 peragrasse
915 3909 1007 3960 totam
1020 3893 1195 3986 Galplaeam,

61 3995 90 4039 ut
108 3983 248 4042 omnibus
270 3982 300 4040 in
321 3981 394 4040 locis
414 3981 607 4060 praedicaret.
638 3980 773 4037 Ulterior
793 3988 889 4035 autem
910 3975 973 4052 ripa
995 3993 1061 4030 meo
1082 3971 1193 4060 rudecto

60 4073 177 4118 roratur
203 4081 268 4118 aron
295 4079 328 4116 es
355 4057 494 4136 opposito
515 4057 625 4116 ‹lireete
646 4055 844 4134 respondens,
875 4053 926 4110 scd
949 4059 1085 4128 respectu
1105 4072 1195 4117 smus,

61 4136 107 4212 qui
127 4149 191 4195 erat
211 4135 291 4194 inlra
312 4133 506 4213 Caperrmum.
539 4131 683 4214 sicergo
705 4143 817 4210 partem
840 4129 916 4186 lacus
939 4125 1063 4198 traiecit,
1085 4136 1114 4182 ut
1131 4125 1193 4182 (ia-

61 4207 170 4273 lilaeanr
193 4233 262 4278 nou
289 4209 479 4290 relinqueret.
524 4211 695 4267 Notandum
720 4219 763 4264 est
788 4205 868 4284 quod
895 4201 983 4274 (licit,
1015 4223 1045 4259 se
1067 4201 1104 4288 iu·
1119 4201 1195 4259 huuc

61 4287 143 4348 finem
165 4309 318 4372 egressum
338 4291 385 4346 vel
405 4287 537 4360 missum,
558 4285 625 4362 quia
645 4285 689 4342 his
710 4281 807 4344 verbis
828 4289 1075 4365 testatur,·quar'u
1096 4287 1194 4332 anteu-

61 4375 101 4422 tus
126 4369 161 4427 ad
190 4363 367 4444 explendum
393 4385 496 4422 munus
521 4383 602 4420 suum
631 4361 726 4418 leserit.
776 4355 934 4414 Caeterum
960 4375 982 4410 sr
1032 4375 1072 4409 urs
1098 4362 1195 4428 roget,

60 4445 182 4504 satimne
204 4439 319 4506 sithoc
339 4452 369 4499 et
388 4440 457 4501 illuc
475 4437 616 4499 cursitare
627 4433 782 4516 Evangelii
793 4431 951 4567 ministro?
961 4439 1002 4548 pt
1045 4428 1071 4486 ei
1085 4424 1195 4484 doctri-

378 4652 388 4688 l
