2766 4834
173 251 216 318 38·
344 231 499 336 sumo
520 245 577 320 11„
601 243 954 308 loetumssmrsrss
973 255 1137 307 surmus.

176 419 277 465 sensae
294 410 394 462 tamen
413 399 533 466 minime
553 397 786 482 ambignus'est,
820 396 901 478 quod
921 389 1169 456 nullae-hostium
1188 405 1331 457 nostro·
1372 399 1373 456 3

177 499 242 538 rum
261 477 413 540 machinae
432 487 483 549 aut
501 476 593 552 vires,
623 475 721 536 nullae
742 473 881 554 insidiae,
912 472 985 533 nulli
1010 473 1138 552 impetus
1156 472 1226 534 Deo
1257 473 1331 534 o‘b-

177 547 313 631 stabunt,
339 553 494 635 quominus
514 571 569 618 nos
589 551 625 612 ab
647 552 704 612 illis
725 551 867 612 liberatos
887 561 1033 630 perpetuo
1054 560 1161 609 servet

255 638 302 698 72.
340 629 392 690 Ad
402 628 612 705 praestandum
629 627 865 688 misericordiam.
904 627 1016 686 Iterum
1036 626 1127 685 docet
1148 625 1332 700 Zacharias,

94 710 97 716 ’
180 728 215 768 ex
235 729 294 788 quo
320 706 404 766 sonte
427 707 545 782 lluserit
569 705 751 785 redemptio,
783 725 891 784 nempe
916 725 951 764 ex
968 701 1029 763 Dei
1054 702 1259 763 misericordia
1287 716 1334 762 et

179 784 310 868 gratuito
331 783 463 844 loedere.
504 783 630 842 Causam
650 782 728 844 enim
748 782 893 863 assignat,
920 801 974 840 cur
991 780 1060 840 Deo
1088 778 1233 861 placuerit
1252 801 1333 840 scr-

179 881 250 920 vare
271 859 413 940 populum
432 880 530 918 suum:
565 879 672 939 nempe
693 859 761 938 quia
804 858 860 918 acti
885 857 930 916 sui
948 851 1064 930 memo‘r
1082 855 1333 916 misericordiam

179 955 260 996 suam
280 935 427 1015 explicuit.
466 935 584 997 Memor
603 947 699 996 autem
719 933 763 994 sui
814 932 968 994 estamenli
989 933 1077 994 luisse
1097 932 1221 1007 dicitur,
1248 933 1332 1012 quia

83 1065 85 1076 ,
179 1010 293 1074 oblivio
314 1012 456 1090 quaedam
475 1013 570 1073 videri
590 1023 710 1104 poterat
726 1022 787 1070 tam
806 1010 897 1092 longa
917 1008 967 1069 illa
983 1029 1077 1083 mora,
1095 1007 1148 1068 sub
1191 1030 1227 1068 ua
1248 1031 1330 1090 pas-
1372 1055 1373 1068 .

78 1079 83 1096 '
178 1109 226 1160 sus
246 1089 343 1148 luerat
361 1087 502 1151 allectum
522 1089 696 1172 gravissimis
715 1087 798 1148 malis
815 1085 1129 1178 populumlanguero.
1200 1084 1330 1168 eligen-

155 1215 157 1218 .
178 1175 227 1226 ter
244 1165 391 1232 notandus
412 1176 457 1232 est
474 1165 523 1226 hic
543 1167 631 1240 ordo,
671 1166 732 1226 nod
751 1185 832 1224 mera
852 1163 988 1224 inductus
1008 1163 1211 1223 misericordia
1225 1159 1332 1222 luerit

178 1241 278 1316 Deus,
307 1252 340 1302 ut
363 1241 469 1302 foedus
485 1263 555 1302 eum
574 1186 711 1302 Patribus
736 1251 919 1321 percuteret:
951 1239 1076 1313 deiude,
1108 1239 1189 1318 quod
1210 1239 1328 1299 foedus

178 1317 348 1411 percutiens
367 1315 463 1380 verbo
485 1340 543 1382 suo
569 1317 735 1400 alligaverit
760 1317 912 1379 hominum
932 1315 1068 1376 salutem:
1097 1315 1204 1387 tertio,
1234 1315 1329 1394 qnod

178 1417 211 1454 ιιι
232 1393 541 1474 Christoexhibuerit
560 1395 700 1475 quicquid
725 1393 953 1472 archanorum,
985 1403 1018 1451 ut
1042 1392 1083 1452 ita
1103 1391 1328 1472 promissiones

178 1493 244 1532 suas
269 1491 373 1531 omnes
395 1471 533 1539 sanciret.
580 1473 623 1530 Ut
648 1481 729 1532 certe
756 1491 818 1530 uon
844 1470 930 1529 aliter
953 1480 1016 1529 rata
1042 1479 1088 1528 est
1114 1489 1213 1528 carum
1233 1469 1327 1543 fides,

109 1607 112 1615 ,
178 1548 235 1616 nisi
255 1569 344 1626 quum
365 1558 490 1628 apparet
507 1549 539 1606 in
552 1546 673 1608 Christo
692 1546 950 1626 complementum.
989 1544 1177 1604 Promittitur
1193 1543 1327 1624 quidem

178 1624 354 1687 invsoedere
374 1634 564 1704 peccatorum
584 1623 728 1698 remissio,
748 1623 800 1682 secl
820 1644 854 1682 ea
875 1632 967 1682 exstat
986 1621 1017 1680 in
1031 1621 1141 1680 Christi
1161 1620 1325 1712 sanguine.

180 1700 369 1765 Promittitur
387 1699 507 1772 iustitia,
527 1699 579 1759 sed
595 1699 626 1758 in
639 1697 751 1761 Christi
760 1699 928 1777 expiatione
950 1697 1086 1758 ollertur.
1128 1697 1329 1758 Promittitnr

178 1777 249 1850 vita,
267 1776 319 1850 sed
337 1796 401 1839 uon
420 1775 481 1834 uisi·
497 1775 527 1838 in
546 1774 658 1836 Christi
677 1787 774 1836 morte
795 1786 827 1834 et
844 1773 1063 1853 resurrectione
1075 1775 1253 1853 'quaerenda
1265 1785 1325 1834 est.

178 1853 279 1930 Atque
299 1851 373 1924 haec
392 1851 468 1912 ratio
490 1863 544 1926 est,
562 1873 617 1932 pur
636 1851 708 1912 olim
728 1852 822 1932 ipsum
843 1871 963 1930 quoque
978 1850 1068 1932 legis
1088 1850 1228 1910 volumen
1249 1873 1326 1910 san-

178 1927 270 2012 guine
288 1927 426 1988 victimae
444 1927 527 1990 Deus
547 1927 663 1992 iusserit
687 1929 812 2009 aspergi.
838 1927 1022 1990 .0bscrvatu
1047 1947 1166 2006 quoque
1193 1927 1325 2010 dignum

180 2016 234 2080 est,
254 2003 334 2083 quod
354 2004 523 2083 praestitam
542 2027 593 2065 sua
612 2015 709 2064 aetate
729 2003 960 2064 misericordiam
981 2003 1138 2064 Zacharias.
1160 2004 1196 2063 ad
1217 2015 1325 2084 patres

178 2089 313 2140 mortuos
334 2080 479 2155 extendit,
511 2093 544 2140 ut
569 2081 766 2144 communiter
791 2079 853 2140 eius
878 2080 1005 2140 fructum
1025 2079 1202 2170 percipiant
1240 2079 1325 2140 Nam

181 2157 253 2226 hinc
271 2156 415 2248 sequitur,
433 2177 496 2216 non
517 2157 666 2218 contineri
679 2156 790 2218 Christi
809 2157 933 2239 gratiam
955 2167 1142 2217 et'vsrtutem
1163 2155 1247 2220 huius
1268 2178 1325 2217 ca-

181 2232 273 2296 ducae
292 2243 376 2294 mtae'
388 2233 546 2316 angustiis,
571 2234 624 2294 scd
643 2244 794 2294 aeternam
814 2253 893 2309 esse,
920 2253 976 2294 nec
996 2233 1092 2292 carnis
1111 2245 1208 2293 morte
1228 2231 1327 2309 finiri,

180 2329 270 2389 quum
290 2320 322 2374 et
339 2309 454 2370 animae
472 2311 533 2370 sint
552 2331 568 2370 a
587 2323 684 2372 morte
703 2309 892 2389 superstites,
923 2320 954 2369 et
981 2309 1076 2369 carnis
1097 2309 1249 2369 interitum
1269 2331 1325 2370 se-

203 2398 288 2446 uatur
318 2387 507 2450 resurrectio.
559 2387 645 2447 Sicut
678 2407 752 2468 ergo
784 2407 822 2446 ne
845 2395 883 2446 ue
911 2385 1078 2461 Abraham,
1114 2405 1213 2476 neque
1243 2385 1326 2446 ullus

180 2407 359 2527 §anctorum
379 2463 503 2523 salntem
543 2463 643 2544 ropria
663 2463 771 2523 virtute
795 2407 844 2523 vel
868 2461 981 2523 meritis
1006 2463 1062 2522 sibi
1084 2483 1239 2541 acquirere
1260 2483 1331 2542 pom

180 2540 253 2615 tuit,
272 2539 312 2599 ita
332 2539 444 2600 cunctis
463 2483 615 2617 fidelibus,
638 2551 698 2600 tam
717 2539 857 2615 mortuis,
886 2561 974 2620 quam
992 2539 1081 2616 rivis,
1102 2540 1266 2600 communis
1289 2541 1324 2600 in

175 2615 304 2679 christo
325 2613 401 2676 salus
421 2617 479 2676 luit
498 2629 641 2685 ostensa.¹

258 2697 306 2760 73.
343 2692 510 2759 Sandone
527 2689 738 2753 tuemmdum.
779 2692 897 2753 Graece
922 2690 1107 2772 praepositio
1132 2711 1196 2752 non
1221 2692 1325 2772 expri-

181 2769 286 2844 mitur,
314 2769 369 2828 sed
393 2769 471 2830 hunc
496 2770 669 2830 familiarem
697 2768 828 2850 linguae*
843 2790 905 2830 esse
931 2790 1014 2830 usum
1038 2768 1106 2828 satis
1132 2779 1237 2828 notum
1264 2782 1326 2846 est,

182 2867 272 2925 quum
291 2863 403 2904 nomen
423 2845 579 2906 accusativi
599 2867 680 2904 casus
700 2845 823 2925 ponitur
838 2846 901 2904 sine
913 2844 1069 2925 regimine,
1089 2843 1325 2906 subaudiendam

140 2971 144 2982 ι
183 2941 246 2982 esse
266 2919 536 3000 praepositionem,
566 2941 661 3001 aqua
679 2933 809 3004 regatur.
854 2920 1055 2980 hosmundi
1077 2921 1225 2996 meminit,
1257 2943 1324 3002 quo

183 2996 289 3059 melius
302 2995 490 3087 exprimeret,
509 3018 596 3077 quam
609 2995 720 3058 stabilis
735 3019 769 3058 ac
779 3010 878 3059 saneta
897 2999 937 3056 sit
955 2997 1017 3057 eins
1036 2997 1158 3058 veritas:
1179 3019 1218 3058 eo
1239 2999 1325 3059 enim

184 3072 387 3165 indulgentiae
397 3073 480 3134 Deus
491 3095 522 3134 se
533 3065 707 3150 ‘summittit
726 3085 881 3135 utnomen
900 3095 984 3134 suum
1003 3074 1034 3133 in
1053 3073 1214 3136 subsidium
1235 3075 1324 3136 infir-

182 3150 291 3210 mitatis
311 3159 432 3210 nostrae
453 3149 646 3231 interponere
666 3151 815 3234 dignetur.
841 3151 944 3226 Quare
956 3151 981 3210 si
993 3150 1081 3225 nohis¹
1095 3171 1158 3210 non
1168 3150 1327 3218 sufiiciunt

127 3242 133 3266 ·'
182 3227 281 3288 nudae
301 3225 526 3317 promissiones,
555 3228 660 3288 saltem
683 3228 717 3288 in
741 3239 873 3288 mentem
897 3227 998 3288 veniat
1022 3227 1095 3287 haec
1121 3227 1325 3305 confirmatio,

183 3323 260 3382 qnae
287 3302 346 3362 nisi
370 3315 488 3364 omnem
516 3304 732 3366 dubitationem
759 3303 879 3380 eximat,
909 3304 975 3384 plus
1001 3325 1088 3384 quam
1114 3303 1145 3363 in
1168 3305 1224 3364 rati
1248 3305 1324 3365 Deo

182 3401 280 3441 scamus
312 3391 344 3440 et
373 3399 457 3441 sacro
489 3382 551 3443 eius
582 3381 697 3442 nomini
726 3380 836 3450 iniurii.
876 3382 1025 3441 Dotumm
1052 3403 1084 3442 sa
1112 3401 1152 3442 rto
1174 3383 1204 3446 ¹.
1247 3381 1323 3442 Non

183 3468 302 3518 enarrat
320 3455 475 3524 Zacharias
487 3479 551 3538 per
569 3457 684 3542 singula
705 3457 818 3537 capita,
848 3457 918 3537 quid
944 3458 1098 3518 contineat
1116 3457 1176 3518 Dei
1203 3459 1324 3536 foedus,

182 3535 235 3595 sed
255 3534 354 3608 docet,
373 3534 405 3593 in
426 3555 513 3614 quem
533 3536 621 3596 linem
637 3535 720 3594 Deus
739 3547 799 3594 tam
820 3533 950 3616 benigne
970 3555 1026 3615 pro
1044 3555 1098 3596 sua
1116 3535 1323 3598 misericordia

182 3610 281 3750 egerit
298 3625 366 3672 cnm
383 3613 509 3692 populo,
528 3624 561 3673 ut
580 3628 647 3672 enm
666 3611 839 3671 redimeret:
859 3631 968 3690 nempe
986 3624 1021 3670 ut
1036 3611 1183 3702 redempti
1194 3633 1227 3671 se
1237 3623 1323 3672 totos

182 3688 320 3750 edicant
346 3699 377 3750 et
400 3689 568 3750 devoveant
594 3688 722 3749 colendo
747 3686 846 3754 salutis
870 3709 939 3748 suae
960 3687 1084 3748 auctori.
1124 3689 1219 3748 Sicuti
1244 3710 1321 3748 ero

183 3764 316 3826 efficiens
335 3765 480 3826 humanae
499 3764 598 3826 salutis
618 3785 703 3826 causa
722 3763 780 3824 suit
798 3765 925 3846 gratuita
936 3765 996 3825 Dei
1015 3763 1143 3842 bonitas,
1164 3765 1204 3824 ita
1225 3708 1323 3824 finalis

183 3853 242 3915 est,
273 3854 309 3901 ut
334 3841 469 3904 homiues
494 3843 545 3922 pic
570 3854 730 3921 sancteque
755 3842 884 3902 vivendo
910 3859 1020 3902 nomen
1054 3843 1115 3902 cius
1141 3840 1322 3924 glorificent.

185 3919 277 3993 Quod
303 3917 464 4000 diligenter
487 3919 651 3978 notandum
676 3929 734 3994 est,
764 3930 798 3978 ut
825 3919 991 3979 vocationis
1023 3931 1142 3979 nostrae
1172 3939 1321 3978 memores

182 3996 306 4078 gratiam
325 3995 386 4055 Dei
404 3994 518 4056 referre
538 3995 680 4056 discamus
699 3995 731 4054 in
750 4017 833 4055 suum
854 4017 947 4068 usum,
966 3996 1153 4058 meditandae
1174 4006 1253 4070 sunt,
1272 3995 1321 4054 in-

183 4091 281 4150 quam,
300 4071 372 4134 istae
392 4071 568 4147 sentcntiae,
589 4093 651 4132 non
672 4091 735 4133 esse
755 4077 811 4141 nos
830 4073 866 4134 ad
886 4072 1101 4132 immunditiem
1112 4083 1247 4147 vocatos,
1268 4073 1323 4132 sed

183 4147 221 4208 ad
239 4146 478 4208 sanctimoniam:
499 4168 686 4232 nosmagno
706 4149 805 4229 pretio
825 4149 994 4228 redemptos
1015 4169 1087 4224 esse,
1106 4169 1169 4208 non
1189 4159 1223 4207 nt
1242 4148 1322 4210 servi

182 4224 270 4284 smus
291 4223 484 4303 cupiditatum
504 4226 614 4300 cunis,
640 4225 689 4286 vel
709 4239 742 4286 ut
767 4226 875 4286 elli-eni
900 4225 1024 4285 licentia
1042 4225 1236 4301 exsultemus,
1267 4225 1321 4285 sed

102 4351 116 4363 .
183 4310 217 4358 ut
234 4310 343 4383 regnet
363 4301 497 4364 Christus
516 4302 548 4362 in
568 4301 670 4362 nobis:
694 4323 750 4364 nos
771 4303 935 4383 adoptione
955 4300 1081 4362 insertos
1101 4300 1133 4360 in
1153 4300 1213 4362 Dei
1233 4301 1320 4362 lami-

182 4375 267 4452 liam,
296 4386 330 4436 ut
354 4377 481 4445 vicissim
506 4390 645 4462 tanquam
669 4378 723 4442 lilii
748 4379 826 4462 patri
852 4377 1059 4457 obsequamur.
1102 4379 1181 4440 Nam
1204 4377 1237 4440 iu
1263 4381 1322 4440 hoe
