2790 4838
392 278 645 336 Aeosroronun
665 265 868 338 meritorio
1009 323 1012 328 -
1143 289 1202 354 253
1237 256 1246 286 ⁵

24 433 26 452 '
68 429 105 486 na
127 428 196 489 tistn
219 427 312 490 docet
322 427 479 490 hlnlaclrias
499 431 608 524 (ipa),
628 429 764 491 omnibus
777 429 1035 494 Christimlnistris
1049 437 1205 512 convenit„

24 509 25 528 ¹
69 507 95 562 in
107 449 195 566 hunc
217 505 334 565 scilicet
352 507 441 567 finem
459 506 548 582 nitu,
566 520 599 566 ut
618 507 707 568 eorda
727 520 843 587 patrum
863 522 1038 571 convertant
1057 511 1093 570 nd
1113 513 1200 592 lilios,

69 595 94 640 rt
113 581 205 642 corda
228 581 356 646 liliorum
376 583 412 642 ad
432 596 538 664 patres.
575 584 666 674 Atqui
686 585 843 664 impiorum
863 587 973 646 malitia
993 587 1078 662 fecit,
1091 601 1130 646 ut
1149 591 1201 678 qui

68 657 148 738 prine
163 657 322 720 coniuncti
342 671 426 719 erant
445 660 541 720 audita
563 657 673 720 Christi
697 679 772 720 voce
789 654 962 740 septi-entur
986 664 1018 724 in
1039 667 1199 726 contrarias
1271 713 1280 731 s

69 747 175 814 partes,
200 735 265 793 imo
289 746 323 814 nt
343 736 440 797 omnin
460 737 682 799 necessitudinis
701 735 818 798 vincula
838 727 1031 819 abrumpedt¹
1061 742 1199 820 Denique
1295 727 1305 762 ”

68 831 99 868 eo
120 811 311 872 confusionis
330 824 484 872 venturum
505 833 566 874 esse
586 815 724 882 mundum
737 815 880 894 praedicit
893 815 1036 892 Christus,
1056 829 1088 876 ut
1100 819 1200 878 omnia
1245 889 1246 897 χ
1302 818 1306 837 “

68 899 185 947 naturae
204 888 269 947 iura
290 909 346 970 pro
367 889 459 949 nihilo
480 887 637 963 ducantur,
660 890 798 969 nullaque
819 891 940 972 amplius
962 894 1077 952 colatur
1096 893 1199 960 huma-,

67 964 146 1024 nitas.
185 963 267 1024 Nam
288 985 376 1046 quum
387 966 531 1028 Michaeas
551 971 595 1044 (7,
614 967 881 1046 6.)·c0nqueritur,
900 967 1000 1030 hostes
1017 969 1124 1050 cuique
1135 989 1198 1034 esse

69 1041 263 1113 domesticos,
296 1054 451 1101 extremam
472 1053 502 1102 et
520 1042 663 1123 perditam
689 1046 910 1122 corruptionem
931 1045 1075 1125 deplorat.
1113 1045 1198 1108 Idem
1277 1105 1279 1108 ,

69 1115 193 1176 luturum
216 1117 343 1176 allinnat
364 1117 513 1194 Christus,
545 1118 596 1178 uhi
615 1119 645 1177 in
665 1120 791 1178 medium
812 1122 957 1199 prodierit
975 1143 1027 1182 sua
1054 1123 1198 1198 doctrina,

69 1195 143 1272 quod
163 1194 236 1254 alins
258 1193 398 1254 credibile
418 1215 481 1256 non
501 1207 572 1255 erat.
615 1196 719 1273 Neque
744 1206 842 1254 tomen
863 1199 918 1257 hoc
938 1219 1000 1258 esse
1022 1211 1197 1280 perpetuum

70 1269 224 1351 intelligit,
242 1271 329 1330 sicuti
347 1273 460 1332 morosi
480 1271 595 1350 quidam
615 1271 748 1330 homines
769 1291 830 1330 non
851 1272 935 1335 aliter
953 1293 984 1333 se
1004 1274 1116 1353 probos
1137 1277 1198 1336 eius

70 1346 226 1426 discipulos
254 1346 319 1406 iore
343 1349 506 1422 somniant,
535 1348 589 1410 nisi
615 1368 632 1407 a
657 1346 845 1426 parentibus,
876 1349 975 1409 liberis
1005 1361 1035 1410 et
1059 1351 1198 1412 uxoribus

70 1423 247 1484 alienentur:
288 1424 357 1503 quie
389 1425 489 1504 potius
518 1424 613 1484 omnir
642 1423 770 1506 legitima
796 1423 966 1486 coniunctio
991 1425 1060 1486 fidei
1084 1426 1197 1486 unitate

69 1501 202 1560 sancitur.
228 1501 359 1560 Tantum
378 1500 673 1576 admonetChristus,
695 1499 809 1580 quoties
828 1501 859 1560 id
878 1501 1003 1578 accidet„
1021 1522 1083 1561 non
1103 1521 1196 1584 opor·

71 1587 128 1636 tere
146 1597 216 1638 suos
236 1577 359 1638 turbari.
699 1625 709 1663 p
821 1635 822 1642 ,

109 1811 189 1890 (89.)
232 1812 403 1880 ΜΑΤΤΗ.
424 1811 460 1877 X.
502 1814 552 1878 37.
584 1812 652 1900 Qui
675 1817 827 1880 amaverit
847 1826 969 1902 petrem
991 1825 1045 1878 out
1065 1823 1198 1880 matrem

71 1929 160 1994 supra
183 1933 251 1991 mc,
282 1935 349 1978 non
379 1926 426 1980 est
453 1935 503 1978 me
532 1913 661 1999 dignus:
695 1926 728 1980 ct
756 1917 812 2003 qui
839 1919 996 1987 amaverit
1017 1915 1120 1998 filium
1143 1923 1197 1980 eut

71 2009 163 2074 liliam
186 2035 284 2099 snpra
304 2036 365 2092 me,
385 2037 453 2080 non
476 2026 524 2080 eet
544 2037 595 2082 me
615 2015 739 2105 dignus:
779 2018 838 2082 3bt.
851 2017 892 2081 Et
914 2020 969 2104 qui
991 2037 1057 2082 non
1080 2018 1199 2101 accipit
1212 2028 1237 2100 ,¹

70 2131 190 2177 crucem
212 2135 316 2193 suam,
339 2137 377 2180 ac
396 2119 540 2202 sequitur
559 2139 627 2193 me,
653 2137 722 2180 nou
744 2124 794 2184 est
814 2137 864 2180 me
888 2117 1011 2201 dignus.
1053 2119 1113 2201 39„
1126 2117 1196 2202 Qui

69 2211 224 2280 invenerit
243 2219 381 2282 animam
402 2239 504 2295 suam,
531 2218 645 2304 perdet
667 2237 753 2280 enm:
783 2219 839 2302 qui
860 2215 1039 2302 perdiderit
1058 2219 1196 2284 enimam

32 2293 41 2336 ‘
68 2315 152 2376 suam
173 2335 246 2379 mea
267 2338 372 2395 causa,
391 2319 535 2384 inveniet
557 2309 649 2386 eam'
675 2319 729 2383 to.
752 2317 821 2401 Qui
842 2320 957 2402 recipit
978 2336 1052 2394 vos,
1072 2337 1124 2381 me
1145 2339 1201 2393 re«¹

71 2415 153 2498 cipit:
174 2427 206 2480 et
227 2419 283 2503 qui
305 2413 506 2504 rherecipit,
527 2422 641 2506 recipit
664 2437 751 2504 eum,
772 2418 899 2502 quinte
921 2418 1013 2480 misit.
1053 2415 1104 2481 41.
1127 2416 1225 2508 Qui*
1285 2429 1287 2438 ’

70 2518 175 2600 recipit
188 2517 381 2602 Prophetnm
403 2522 437 2586 in
455 2521 585 2586 nomine
603 2517 792 2602 Prophetae,
813 2517 996 2580 mercedem
1014 2515 1196 2601 Prophetae

72 2617 211 2701 accipiet:
247 2623 304 2705 qui
325 2623 439 2707 recipit
460 2624 576 2686 iustum
598 2622 630 2685 in
652 2620 784 2684 nomine
806 2618 894 2694 iusti,
916 2615 1099 2681 mercedem
1118 2616 1195 2680 iusti
1270 2699 1273 2706 Δ
1308 2679 1311 2688 ,

72 2719 207 2802 accipiet.
249 2719 300 2784 42.
320 2719 362 2786 Et
384 2726 568 2809 quicunque
586 2718 627 2784 ed
647 2717 827 2784 hibendum
850 2715 978 2784 dederit
998 2717 1054 2780 uni
1078 2737 1115 2779 cx
1136 2736 1196 2800 pu-

71 2817 143 2881 sillis
163 2820 210 2884 his
231 2821 383 2905 poculum
411 2843 513 2911 aquae
541 2821 676 2907 frigidae
704 2831 843 2899 tuntum,
875 2819 1006 2884 nomine
1036 2813 1195 2901 discipuli,

72 2939 157 3025 ampn
177 2919 252 2987 dico
274 2906 383 3004 robis,
404 2945 471 2990 non
493 2924 610 3010 perdet
629 2923 812 2988 mercedem
834 2941 932 2984 enam.

90 3028 95 3040 ⁵
146 3055 284 3122 MARC.
311 3057 361 3124 tx.
403 3055 454 3122 41.
486 3058 642 3144 Quisquis
674 3058 757 3122 enim
785 3054 828 3121 od
855 3050 1033 3118 bibendum
1067 3051 1195 3118 dederit

72 3153 155 3220 robis
175 3156 314 3221 calicem·
328 3180 432 3243 aquae
453 3161 591 3223 nomine
607 3176 691 3236 meo,
722 3155 813 3246 qnod
838 3157 907 3222 sitis
929 3153 1066 3231 Christi,
1099 3171 1195 3219 emen

73 3251 138 3320 dico
158 3257 265 3334 vohis,
289 3279 492 3345 nequaquam
513 3259 631 3346 perdet
650 3257 832 3323 mercedem
852 3277 951 3320 sunm.

142 3391 244 3460 LUC.
263 3392 350 3456 XlV.
392 3390 820 3460 tornamentorum
842 3377 962 3454 multae
983 3409 1055 3452 oum
1081 3407 1137 3465 eo,
1161 3396 1195 3454 et
1251 3454 1254 3464 ,

72 3509 236 3558 conversus
259 3491 513 3575 detruditur,
554 3497 605 3561 26.
628 3495 662 3558 Si
685 3495 757 3578 quis
780 3493 870 3556 venit
891 3489 932 3556 ed
953 3509 1020 3566 me,
1041 3509 1104 3590 nec
1124 3487 1195 3554 odit
1253 3500 1255 3510 ¹

71 3602 183 3673 patrem
209 3615 302 3660 suum
330 3615 368 3658 ac
395 3605 544 3673 matrem,
575 3605 759 3660 etusorem
783 3603 816 3656 et
835 3591 939 3668 lilios,
972 3602 1004 3656 et
1025 3587 1139 3653 iratres
1161 3598 1193 3652 et
1239 3645 1248 3668 s

70 3709 205 3771 sorores,
237 3704 408 3780 praeterea
429 3707 534 3762 autem
556 3705 589 3760 et
611 3698 747 3760 enimam
768 3714 871 3770 sunm,
899 3713 967 3755 non
995 3699 1193 3776 potestesse

71 3813 151 3858 meus
170 3793 355 3882 discipulus.
396 3797 447 3862 27.
473 3795 516 3862 Et
543 3798 690 3883 quisquis
714 3815 784 3862 non
804 3790 927 3860 baiulat
942 3812 1070 3856 crucem
1092 3813 1193 3870 suem,

72 3903 99 3956 et
116 3898 202 3960 venit
223 3907 296 3981 post
317 3919 377 3974 mc,
396 3919 464 3966 non
484 3907 590 3985 potest
610 3919 700 3964 meus
722 3917 792 3960 esse
815 3890 1000 3976 discipulus,
1040 3893 1091 3957 ts.
1109 3891 1193 3976 Quis

70 3997 144 4060 enim
165 4007 215 4064 est
236 4018 275 4064 ex
294 3997 405 4075 vobit,
425 4001 482 4084 qui
501 3997 581 4063 velit
601 4001 710 4063 turrim
733 3995 917 4070 aedificare,
937 3994 1014 4077 quin
1033 3995 1123 4080 prius
1144 4013 1195 4058 se-

70 4091 141 4172 dens
161 4107 328 4184 computet
348 4112 505 4183 sumptus,
526 4119 567 4164 nn
589 4098 724 4176 habent,
745 4093 862 4183 quihus
883 4117 966 4181 opus
988 4103 1036 4164 eet
1058 4093 1098 4159 ad
1121 4115 1194 4182 per-

69 4194 280 4264 finiendorum
297 4201 348 4267 2⁹.
379 4199 432 4266 Ne
465 4210 634 4288 postquam
667 4201 815 4286 posuerit
841 4195 1098 4274 fundamentum,
1130 4218 1193 4262 nec

68 4304 202 4379 potuerit
222 4299 400 4387 perficere,
420 4321 541 4378 omues,
563 4303 619 4388 qui
639 4301 794 4377 viderint,
814 4301 970 4383 incipient
991 4297 1131 4364 illudere
1154 4301 1193 4374 ei,

69 4397 112 4466 tt.
131 4401 296 4484 uiuentes,
315 4401 378 4470 llio
398 4401 495 4471 homo
517 4401 626 4488 coepit
646 4401 830 4482 aedificare,
850 4421 913 4468 nec
929 4403 1033 4488 potuit
1045 4419 1193 4467 cousum-
