2756 4838
199 301 257 364 aaa
352 275 467 356 sect.
486 288 583 354 xvtt.
623 307 886 356 nnamsaaonuu
904 307 1174 368 naonruarmnas.
1224 297 1233 360 '.

199 449 292 530 magis
312 469 345 508 ac
363 447 456 530 magis
477 458 651 528 provocent,
672 447 739 527 quia
759 448 788 506 in
801 447 1301 530 gravioreminterltumeosattralunt,

200 527 252 662 poi
272 545 302 585 se
322 525 435 584 dedunt
453 515 556 584 eoruln
576 536 681 585 sectae.
719 525 890 585 Notandum
908 525 986 584 enim
1006 545 1088 604 quarn
1105 538 1168 586 tuuc
1184 537 1299 603 eosmptu

215 602 290 662 uerit
309 613 415 672 status,
441 611 472 660 et
493 621 583 680 ,quam
605 601 739 680 dissipata
759 601 876 684 religio.
915 603 989 661 Nam
1007 601 1091 662 sicuti
1107 601 1168 662 Deo
1189 599 1300 662 accirem

202 678 359 758 discipulos
378 675 459 814 qium
477 690 507 764 et
526 677 708 758 praeclarum
728 677 829 738 luisset
849 697 938 814 opus,
963 678 1004 767 ita
1023 680 1059 738 ad
1077 621 1299 765 cultumiludainm

201 756 267 834 (qui
289 767 358 816 tuuc
399 773 509 833 egener
525 765 597 824 erat,
618 755 677 814 imo
689 755 785 834 impiis
805 775 860 835 pro
875 755 1060 814 anationrbus
1078 753 1202 830 reiectus)
1216 752 1299 812 allecte

222 831 340 903 entiles,
378 830 451 890 nihil
479 830 558 890 aliud
584 830 640 890 suit
666 853 751 922 quam
773 853 788 890 a
808 831 907 911 Scylla
927 832 957 890 iu
979 831 1144 912 Charybdin
1162 851 1203 890 eoa
1218 849 1298 918 rapere.

199 853 287 992 lddq
306 908 387 986 quod
407 905 552 988 sacrilego
574 907 701 966 nominis
721 907 779 966 Dei
800 907 893 967 abusu
913 909 1077 992 graviorem
1097 909 1125 966 in
1142 928 1169 968 se
1186 906 1298 966 vindictam

197 983 412 1118 provocabant,
433 1004 522 1063 quum
542 983 598 1042 illis
617 984 725 1066 religio
747 985 917 1044 crassiorem
937 984 1079 1063 peccandi
1096 983 1221 1044 licentiam
1236 981 1299 1040 daret

229 1059 273 1120 ale
294 1060 381 1119 hodie
402 1060 565 1138 exemplum
585 1061 618 1120 in
638 1061 789 1122 monachis
808 1073 942 1140 spectare
962 1060 1045 1122 licet:
1074 1061 1167 1122 sedulo
1188 1059 1245 1118 enim
1260 1056 1299 1134 ipsi

197 1136 329 1214 undique
350 1135 449 1216 prosel
473 1147 518 1196 tos
540 1138 710 1210 corradunt,
729 1138 781 1198 sed
801 1157 875 1217 quos
896 1158 930 1197 ex
950 1137 1061 1197 lascivis
1080 1152 1109 1198 et
1127 1138 1228 1216 imputat
1242 1133 1298 1190 ritae

197 1211 365 1275 homiuibus
385 1213 437 1272 red
459 1225 510 1272 ant
529 1233 649 1294 prorsus
670 1213 815 1275 diabolos.
839 1214 915 1274 Nam
935 1235 970 1274 ea
990 1225 1035 1274 est
1052 1215 1199 1282 lustrorum,
1212 1209 1234 1268 ir
1248 1207 1296 1341 qui-

194 1287 253 1347 ltus
273 1289 462 1362 bacchantur,
481 1292 647 1370 corruptio,
667 1311 741 1370 quae
759 1290 808 1350 vel
829 1288 971 1350 coelestes
992 1291 1110 1372 angelos
1128 1291 1241 1370 depravet
1270 1305 1295 1340 n-

197 1365 283 1425 terim
297 1365 424 1507 lvestitus
442 1367 623 1429 monachalis
647 1367 784 1450 tegendis
808 1387 897 1429 omne
923 1387 1017 1449 genus
1041 1367 1152 1450 flagitiis
1168 1361 1295 1446 aptissimum

198 1453 296 1502 estve
310 1463 367 1503 um.

275 1739 382 1833 (tet.)
431 1741 603 1809 ΜΑΤΤΗ.
633 1744 747 1809 XXlll.‘
810 1744 860 1811 tt.
893 1747 966 1811 Vae
1001 1743 1095 1812 robis
1123 1741 1207 1808 dures
1230 1735 1297 1806 meri

111 1897 117 1906 ,
196 1841 252 1924 qui
281 1838 401 1920 dicitis,
428 1841 625 1930 Quicunque
645 1847 801 1911 iuraverit
829 1869 889 1932 ρετ
913 1847 1083 1936 templum,
1108 1842 1181 1910 nihil
1198 1852 1242 1904 est:
1261 1837 1296 1921 qui

192 1952 301 2008 autem
324 1945 477 2010 iuraverit
501 1967 562 2031 per
589 1969 700 2014 aurum
726 1929 871 2036 templis
895 1939 972 2018 reus
1000 1961 1055 2016 est.
1115 1947 1160 2014 17.
1195 1939 1264 2010 Stulti
1276 1945 1295 2002 et

194 2044 301 2146 coepi,
329 2054 433 2110 utrum
456 2053 542 2130 euim
568 2053 670 2116 meiere
693 2062 754 2130 eet,
777 2075 894 2130 ‚aurum
917 2077 957 2120 au
976 2049 1141 2140 templum.
1167 2045 1293 2135 quodan-

191 2146 315 2212 ctificat
335 2153 466 2215 aurum?
508 2153 558 2219 tu
587 2153 630 2220 Et
651 2157 837 2244 quicudque
865 2141 1022 2226 iur'avcrit
1041 2179 1099 2244 per
1116 2152 1217 2228 altare,
1246 2139 1294 2212 uilil

104 2321 112 2344 θ
191 2259 257 2314 est:
299 2253 484 2340 quicunque
512 2267 617 2322 autem
642 2260 797 2326 iuraverit
823 2283 883 2348 per
902 2259 1044 2342 donum,
1075 2256 1157 2352 quod
1182 2263 1294 2332 satellis

191 2349 389 2444 inudatam
411 2369 466 2424 est.
530 2362 579 2426 tu.
622 2355 718 2426 Stulti
740 2383 778 2426 ac
799 2367 903 2438 coeci,
943 2376 1050 2430 utrum
1072 2364 1151 2428 enim
1170 2357 1293 2424 natusest.
1326 2381 1327 2405 2

193 2453 314 2524 donum
343 2481 384 2523 au
411 2457 527 2546 altare,
566 2461 658 2550 quod
686 2467 864 2532 sanctificat
886 2469 1031 2540 donum?
1092 2467 1139 2530 20.
1178 2459 1229 2550 Qui
1247 2469 1293 2534 0¹3⁰
1325 2494 1326 2529 t

192 2559 347 2626 iuraverit
366 2583 427 2648 per
441 2563 561 2644 altare,
587 2553 671 2632 iurat
691 2591 752 2654 per
772 2575 891 2657 ipsum,
917 2583 953 2637 et
975 2594 1038 2658 per
1058 2569 1172 2645 omnia,
1187 2555 1252 2650 'quaa
1265 2575 1294 2618 st·
1324 2591 1325 2654 ρ

188 2683 252 2748 ρετ
272 2663 355 2730 illud
376 2675 459 2730 suut.
500 2667 551 2730 21.
584 2668 626 2733 Et
653 2675 708 2756 qui
730 2676 884 2740 iuraverit
906 2697 966 2764 ρετ
990 2673 1156 2760 templum,
1182 2671 1295 2743 iuratur
1323 2699 1324 2777 ρ

157 2791 161 2806 ·
189 2763 291 2844 illud,
323 2777 355 2832 et
376 2790 436 2853 per
457 2789 544 2849 eum,
577 2774 632 2858 qui
652 2773 775 2841 habitat
797 2779 905 2843 ineo.
966 2777 1022 2846 22
1063 2777 1104 2842 Et
1124 2776 1174 2860 qui
1191 2761 1294 2834 iurauerit

189 2885 251 2966 per
272 2866 413 2950 coelum,
433 2874 517 2938 iurat
534 2895 598 2959 ρετ
618 2873 735 2942 solium
756 2877 838 2960 Dei,
864 2892 897 2946 et
915 2903 975 2968 ρετ
995 2875 1086 2962 eum,
1112 2878 1164 2966 qui
1180 2869 1293 2942 sedetu-
1322 2879 1323 2901 ¹

190 2989 252 3050 ρετ
273 2968 365 3034 illud.

180 3139 184 3162 l
463 3147 468 3156 κ
1217 3143 1220 3151 .

265 3183 435 3276 Mill-16·
478 3189 547 3252 Vna
569 3193 647 3257 uobis
671 3196 757 3260 dacae
780 3204 866 3264 coeci·
906 3199 1001 3262 Sicuti
1023 3198 1167 3282 hypocrisi
1183 3195 1233 3254 lere
1246 3204 1293 3246 tem·

189 3277 245 3338 per
264 3276 423 3356 coniuncta
443 3267 565 3330 ambitio
585 3286 640 3348 eet,
659 3276 701 3336 sie
716 3277 819 3357 populi
839 3275 870 3336 s'n
895 3278 1062 3338 erstitioncs
1082 3276 1176 3340 fovere
1193 3269 1249 3331 soltl
1262 3279 1293 3339 tt·

149 3371 152 3380 »
188 3347 301 3397 storum
321 3353 440 3432 aparrtta
461 3350 491 3404 et
511 3349 663 3426 rapacitas.
684 3351 705 3412 S
729 3366 801 3413 onte
816 3299 934 3433 quidem
955 3355 1081 3414 mundus
1101 3353 1129 3414 in
1148 3355 1292 3430 erroresptfk

187 3415 313 3505 pendet,
338 3439 398 3480 amo
420 3420 500 3500 quasi
516 3426 657 3488 consulto
679 3375 857 3502 fallacias-et
876 3449 964 3491 amne
985 3452 1080 3512 genus
1099 3431 1245 3510 imposturas
1258 3413 1293 3470 nli

123 3523 127 3544 t
189 3503 325 3584 ἔῑθξθῦῑῆ
338 3493 388 3586 red
407 3507 479 3557 tuuc
500 3501 615 3562 demum
628 3503 874 3566 obtinentvitiosi
889 3507 993 3580 cultus,
1013 3507 1083 3566 dum
1104 3527 1152 3566 eos
1170 3495 1293 3562 conlrnant
1317 3506 1318 3523 τ

187 3587 243 3646 rpst
264 3581 417 3632 antistites.
455 3577 547 3656 Atqui
567 3591 600 3637 ut
619 3579 775 3659 plurimum
797 3583 960 3665 contingit,
987 3604 1038 3642 eos
1080 3585 1110 3642 ui
1128 3582 1291 3660 prattsttlll,l
1316 3609 1317 3648 ρ

187 3645 278 3705 modo
298 3667 349 3706 sua
364 3651 557 3713 conniventia
578 3654 704 3716 blandiri
721 3659 886 3734 emoribus,
907 3660 974 3738 quia
993 3606 1193 3721 sibiluerosos
1207 3665 1248 3710 tut
1259 3661 1291 3694 ¹¹·

187 3719 271 3810 dent,
290 3725 341 3814 sed
361 3727 419 3784 suis
438 3727 562 3790 llabellis
583 3751 635 3792 eos
652 3735 743 3816 magis
763 3736 934 3796 accendere.
972 3735 1022 3796 Sic
1042 3727 1172 3798 videmus
1186 3727 1293 3798 inP²l³¹¹¹
1315 3730 1316 3772 t

186 3817 348 3886 qnnumerts
368 3803 478 3862 artibus
499 3819 596 3866 auctas
616 3809 704 3870 luisse
724 3812 958 3892 superstitiones,
979 3834 1069 3892 quum
1085 3807 1198 3874 sacrifici
1208 3795 1292 3884 praeite
1314 3833 1315 3895 ρ

186 3875 344 3966 ruhiqrent,
363 3879 415 3957 qui
436 3880 529 3942 adhue
544 3885 675 3961 quotidie
687 3888 777 3948 multa
792 3887 970 3970 excogitant,
988 3889 1099 3968 quibus
1112 3887 1216 3949 stultum
1224 3873 1293 3952 rulgtt
1313 3935 1314 3946 ε

184 3969 277 4031 magis
297 3953 477 4015 dementent.
517 3953 613 4019 Porro
633 3959 685 4021 uti
703 3965 932 4026 semelSatanae
951 3966 1115 4046 praestigiis
1132 3953 1293 4024 obtenebrant
1313 3951 1314 4021 l

173 4038 253 4083 «suut
271 4041 401 4118 mentes,
427 4030 505 4093 nihil
526 4048 647 4098 cattam
666 4039 824 4100 absurdum
843 4039 889 4102 vel
910 4042 996 4102 etiam
1015 4042 1223 4123 prodigiosum,
1241 4015 1313 4145 ql⁰lp

183 4117 247 4185 nqn
267 4105 350 4182 apide
369 4109 446 4168 susci
465 4109 535 4170 iant.
559 4110 639 4174 Hine
658 4115 766 4176 factum
789 4131 842 4194 est,
858 4117 966 4198 utplus
982 4119 1163 4178 reverentiae
1179 4117 1311 4172 auru1th

183 4171 228 4249 1²¹¹
249 4187 279 4264 e}
297 4181 387 4271 sactis
402 4129 622 4264 ablutionibus,
654 4213 739 4270 quam
767 4195 878 4274 templo
904 4207 933 4254 ot
951 4195 1035 4254 altari
1056 4193 1156 4256 Iudaei
1176 4181 1292 4248 deterrent·

183 4248 276 4324 Atqui
293 4252 478 4347 oblationum
496 4267 635 4327 sanctitas
654 4288 671 4326 a
690 4272 803 4350 templo
821 4284 853 4330 et
870 4272 961 4332 altari
970 4269 1129 4350 pendebat,
1148 4279 1175 4328 et
1192 4253 1292 4341 quaedam

141 4405 146 4416 Ι
181 4320 276 4382 ³⁰l⁰¹¹t
294 4341 364 4387 erar
380 4335 504 4397 mserior
522 4344 660 4402 accessio.
687 4346 798 4425 .Atque
810 4348 868 4408 hoc
881 4348 1014 4407 delirium
1035 4369 1051 4406 a
1072 4345 1170 4408 scribis
1188 4353 1213 4400 et
1227 4344 1292 4393 *ππ*

180 4393 300 4460 dotibus
319 4406 486 4484 proiectum
505 4415 593 4479 fuisse
612 4420 754 4482 credibile
773 4435 830 4498 est,
869 4423 937 4505 quia
959 4423 996 4486 ad
1013 4421 1190 4505 colligendas
1206 4401 1291 4494 1¹¹³edas
