2766 4834
110 253 113 262 .
196 215 241 280 ns
306 237 309 247 ι
359 205 513 304 ὃΕΟΤΙΟ
534 207 588 270 tv.
626 207 703 270 issu
722 219 912 270 sasrmuus
928 223 970 270 rr
991 201 1173 274 nanrdrro.

195 366 289 436 utris
303 363 344 432 ad
367 386 435 443 eoa,
453 364 505 430 Ne
527 359 606 450 quid
627 363 764 451 amplius
784 387 885 452 quarn
899 363 989 453 quod
1010 365 1361 452 vobisconstitntum

198 470 252 535 'est
271 469 411 554 exigatis.
453 466 503 546 14.
523 464 769 548 interrogabant
789 476 894 531 autern
917 487 990 532 eum
1007 479 1045 533 'et
1065 467 1196 548 milites,
1224 469 1360 536 dicen-

196 575 259 648 tes,
279 569 322 650 Et
341 589 402 633 nos
421 564 502 652 quid
523 563 697 630 iaciemus?
717 568 771 630 Ait
784 564 857 644 illis,
878 565 929 632 Ne
953 591 1047 654 quem
1070 573 1275 650 concutiatis,
1301 594 1359 638 ne

144 758 146 765 Α
202 692 298 760 quem
318 667 563 744 calumniemini,
586 676 617 731 et
638 669 782 732 contenti
803 678 905 732 estote
927 667 1096 754 stipendiis
1116 672 1266 756 vestris·¹

522 771 526 796 Ι

277 826 381 888 lllattb.
411 831 438 892 7.
610 819 723 882 uidisset
755 845 795 882 ex
819 819 997 884 Phaeaca.
1043 825 1100 886 Hic
1130 839 1231 886 narrat
1257 827 1354 888 ntae-

201 906 304 966 thaeus
324 913 354 962 et
363 903 467 975 Lucas,
504 903 629 960 oannem
650 917 712 959 non
731 899 762 958 in
782 921 891 980 genere
912 902 1001 960 modo
1022 901 1204 982 praedicasse
1225 905 1351 982 poeni-

145 1013 149 1028 ι
201 981 339 1052 tentiam,
359 979 410 1038 sed
430 976 563 1057 personis
603 996 702 1055 noque
721 996 887 1036 sermonem
906 999 989 1036 suum
1009 977 1256 1046 accommodasse,
1301 983 1352 1040 Et

194 1077 271 1118 eane
291 1055 401 1145 frigida
418 1055 474 1114 erit
493 999 620 1114 docendi
639 1051 726 1126 ratio,
744 1053 800 1112 niti
816 1053 977 1132 prudenter
996 1056 1162 1134 expendant
1182 1057 1350 1132 doctores,

194 1133 273 1212 ,quid
293 1143 389 1213 exigat
405 1141 537 1210 tempus,
556 1140 586 1190 et
626 1127 675 1188 uid
696 1129 829 1209 personis
849 1129 1019 1190 conveniat:
1049 1151 1103 1190 nec
1124 1131 1190 1218 quic
1213 1151 1286 1192 uam
1308 1133 1348 1193 ιἰι

194 1209 256 1278 ,bac
276 1219 359 1288 parte
379 1206 471 1288 magis
489 1151 643 1284 inaequale
663 1217 716 1280 est,
758 1227 823 1266 uam
839 1226 892 1286 per
916 1217 981 1266 etna
1002 1207 1171 1286 aequalitas.
1242 1229 1279 1269 ac
1302 1211 1347 1269 de

191 1305 293 1349 ‘causa
306 1284 434 1344 severius
453 1293 592 1342 tractasse
612 1282 719 1342 dicitur
737 1227 866 1342 ioannes
886 1226 1058 1343 dharisaeos
1084 1295 1114 1344 et
1133 1281 1347 1360 Sadducaeos,

202 1361 415 1441 quiapropter
433 1357 612 1440 hypocrisin
626 1370 658 1418 et
673 1358 787 1434 fastum,
830 1379 867 1420 uo
887 1356 1058 1440 turgebant,
1078 1359 1170 1420 a'crius
1192 1381 1256 1422 esse
1278 1384 1344 1441 pu·

201 1438 327 1499 niendos
352 1435 473 1499 videbat
496 1456 582 1515 quam
607 1433 759 1496 bominum
784 1380 897 1516 trigas.
948 1433 1120 1511 Caeterum,
1153 1457 1213 1517 quo
1235 1437 1344 1516 probe

200 1527 351 1575 teneamus
372 1512 438 1574 eius-
453 1511 622 1584 consilium,
642 1513 790 1573 sciendum
811 1525 855 1573 est
886 1511 970 1571 nibil
991 1533 1052 1574 esse
1071 1513 1163 1601 magis
1183 1515 1342 1604 stupidum

144 1591 151 1610 ⁸
195 1591 219 1652 ,b
242 1590 379 1670 pocritis,
411 1589 461 1680 qui
487 1600 605 1648 externa
629 1588 839 1648 sanctimoniae
876 1609 943 1648 arva
967 1609 998 1649 se
1024 1582 1146 1650 elalius
1167 1591 1341 1670 decipiunt.

198 1612 277 1728 tiam
297 1679 330 1726 ut
349 1686 454 1745 passim
474 1663 611 1724 fulminet
629 1665 712 1724 Deus
732 1677 836 1726 contra
854 1676 950 1724 toturn
970 1667 1124 1738 mundum,
1144 1666 1200 1726 sibi
1210 1667 1339 1748 asylum

191 1743 272 1814 ,salsa
297 1740 508 1834 imaginatione
533 1741 693 1814 fabricant,
723 1741 791 1822 quia
820 1741 949 1820 persuasi
974 1754 1058 1818 sunt,
1087 1741 1161 1802 nibil
1183 1743 1241 1804 sibi
1268 1765 1340 1804 csse
1374 1813 1375 1820 ἵ

135 1871 138 1876 ,
192 1830 268 1880 cum
277 1819 337 1878 Dei
357 1817 475 1883 audicio.
513 1818 547 1878 Si
566 1819 629 1899 quis
641 1827 734 1908 putet,
753 1818 1055 1900 praeposterefecisse
1076 1819 1339 1898 Ioannem,‘quocl

195 1896 295 1988 ¹prima
314 1893 490 1956 salutatIone
510 1907 569 1955 tana
589 1894 701 1954 duriter
720 1914 772 1955 eos
792 1894 948 1975 exceperit,
969 1896 1146 1974 respondeo,
1166 1915 1227 1954 non
1242 1895 1338 1958 tuisse

199 1971 243 2032 alli
263 1970 450 2053 incognitos,
481 1983 512 2032 et
530 1993 616 2050 qnam
636 1969 739 2030 babuit
757 1970 891 2030 notitiam
912 1991 974 2030 non
995 1993 1029 2034 ea
1049 1972 1261 2032 consuetudine
1283 1973 1338 2034 vel

119 2112 123 2132 1
201 2049 382 2139 experientia
401 2047 499 2121 fuisse,
518 2049 569 2110 sed
589 2047 685 2127 potius
707 2067 741 2106 ex
755 2056 860 2106 arcana
877 2047 1057 2108 revelatione
1070 2047 1204 2126 Spiritus
1227 2048 1337 2122 Quare

200 2125 258 2184 illas
278 2130 462 2206 nequaquam
482 2125 660 2205 parcendum
680 2123 746 2198 suit,
767 2143 804 2183 ne
825 2124 916 2205 magis
934 2123 1029 2183 inflati
1050 2124 1169 2182 domum
1188 2126 1335 2186 redirent.

200 2203 241 2268 Si,
255 2203 319 2283 quis
338 2223 451 2262 rursum
472 2201 602 2274 obiiciat,
621 2212 681 2260 tam
701 2200 772 2260 dura
794 2198 1002 2280 obiurgatione
1023 2220 1085 2259 non
1106 2200 1192 2262 suisse
1211 2214 1334 2262 terren-

201 2280 266 2356 dos,
286 2279 410 2360 qui=per
430 2277 604 2357 baptismum
624 2298 656 2336 se
676 2276 748 2336 alios
762 2277 961 2356 posthacsore
973 2277 1199 2356 profitebantur,
1217 2277 1333 2339 solutio
1368 2317 1375 2342 ι

193 2355 288 2415 etiam
308 2357 338 2417 in
359 2366 499 2435 promptu
519 2353 578 2428 est‘,
609 2353 739 2433 asperius
764 2352 800 2412 ad
825 2373 924 2412 veram
943 2353 1159 2433 poenitentiam
1177 2357 1333 2435 urgendos

200 2451 278 2507 csse,
309 2433 358 2512 qui
375 2431 446 2490 Deo
472 2428 590 2490 mentiri
616 2441 646 2489 et
663 2429 720 2490 sibi
741 2427 857 2494 delicias
877 2429 975 2490 iacere
996 2430 1100 2490 assueti
1120 2431 1218 2492 sucum
1239 2444 1270 2492 et
1288 2433 1331 2492 si-

198 2509 391 2569 mulationem
410 2526 466 2586 pro
485 2525 518 2566 re
540 2505 716 2566 obtendunt
753 2505 829 2564 lllira
851 2517 894 2565 est
913 2507 1008 2582 enim,
1033 2517 1066 2564 ut
1085 2506 1160 2580 dixi,
1180 2507 1209 2568 in
1231 2509 1331 2598 hypo.

131 2627 134 2636 ·
199 2585 280 2646 critis
299 2582 477 2665 pervicacia:
510 2581 593 2656 ideo,
623 2581 720 2644 donec
744 2581 773 2641 vi
799 2581 1000 2657 excudentur,
1031 2581 1178 2641 mordicus
1197 2597 1334 2646 retinent

198 2661 307 2742 pellem
327 2677 415 2719 suam.
455 2659 518 2719 Iam
538 2659 618 2736 quod
637 2658 732 2738 palam
753 2677 804 2718 eos
823 2660 951 2718 Ioannes
972 2679 1071 2718 coram
1083 2659 1217 2718 omnibus
1230 2663 1331 2742 arguit
1366 2706 1368 2719 ,

193 2750 230 2798 'ct
254 2737 410 2817 obiurgat,
441 2736 477 2795 ad
504 2734 665 2814 exemplum
711 2735 834 2795 ertinet:
866 2755 924 2814 quo
949 2756 1037 2796 sensu
1060 2746 1205 2796 memorat
1223 2737 1330 2813 Lucas,
1374 2757 1375 2772 ¹

190 2815 257 2888 :hoc
276 2811 319 2874 ud
335 2810 434 2874 medos
454 2811 562 2872 dictum
583 2831 653 2870 esse.
689 2756 756 2872 lui
775 2811 853 2872 e'nint
874 2832 984 2892 paucos
1009 2811 1142 2872 homines
1162 2813 1329 2904 stringebat

197 2892 344 2963 Ioannes,
365 2887 494 2948 omnium
515 2899 612 2946 minen
635 2885 763 2948 babebat
781 2900 962 2968 respectum,
984 2899 1016 2948 ut
1035 2888 1092 2948 iltis
1111 2899 1220 2948 metum
1240 2911 1326 2950 urcu-

197 2977 286 3058 teret,
307 2964 551 3045 quemadmodum
571 2964 677 3024 Paulus
697 2965 736 3045 (I.
756 2965 833 3024 Tim.
853 2972 882 3038 5,
901 2969 965 3044 20.)
984 2965 1053 3024 hinc
1073 2965 1104 3024 in
1124 2965 1247 3045 publicis
1268 2966 1327 3025 eb-

197 3041 414 3124 rurgationibus
435 3042 559 3102 fructum
579 3043 705 3120 spectari
729 3041 821 3102 iubet.
859 3043 942 3122 Ergo
962 3042 1136 3102 Pharisaeos
1161 3055 1191 3102 et
1210 3043 1327 3104 Saddu-

198 3139 285 3180 caeos
305 3117 493 3198 peculiariter
512 3117 692 3209 compellans
716 3117 747 3177 in
768 3139 870 3178 eorum
891 3139 1017 3198 persona
1043 3140 1144 3179 omnes
1168 3119 1250 3180 simul
1270 3121 1325 3181 ad-

196 3206 318 3270 monet,
345 3202 386 3254 tre
412 3193 508 3254 fictam
529 3193 747 3274 resrpiscentiae
766 3197 895 3274 speciem
911 3215 970 3285 pro
990 3216 1062 3256 vero
1086 3195 1196 3256 ellectu
1216 3196 1325 3256 obten-

199 3271 279 3330 dant
317 3270 365 3330 Ad
387 3272 472 3344 haec,
502 3271 794 3407 magnopere'totins
815 3272 918 3352 popplr
939 3271 1082 3335 intererat
1105 3271 1199 3346 scire,
1223 3273 1323 3362 quales

188 3357 296 3408 'essent
315 3347 478 3408 Sadducaei
504 3359 535 3406 et
580 3345 764 3420 harisaei,‘a
784 3347 889 3426 quibus
914 3348 1021 3408 misere
1049 3362 1202 3427 corruptus
1227 3353 1324 3410 tuerat

187 3423 255 3498 ,Dei
275 3423 383 3500 cultus,
415 3423 532 3560 gerdita
548 3423 683 3484 Ecclesia
709 3433 740 3483 et
765 3445 864 3484 eversa
883 3435 948 3486 tota
972 3423 1095 3507 religio,
1126 3425 1175 3504 qui
1196 3425 1322 3559 denirpue

196 3501 253 3562 suis
274 3521 361 3561 corru
383 3512 412 3560 te
426 3524 448 3560 rs
468 3500 664 3560 exstinxerant
680 3499 741 3560 Dei
759 3499 869 3576 lucem,
894 3514 925 3560 et
949 3503 1005 3562 suis
1024 3502 1101 3560 vitiis
1126 3501 1224 3562 oinnia
1243 3503 1271 3560 in
1287 3523 1322 3562 e-

177 3589 307 3640 ,errant
350 3523 512 3638 drobahite
538 3596 610 3658 ergo
638 3587 697 3649 est,
726 3577 870 3637 Ioannem
917 3577 1014 3639 ublice
1039 3597 1205 3660 aggressum
1234 3577 1322 3639 luisse

195 3654 386 3729 Pharisaeos,
416 3665 449 3714 ut
471 3654 530 3714 toti
552 3653 612 3713 Dei
636 3652 786 3714 Ecclesiae
811 3599 994 3730 consrderet,
1026 3677 1064 3715 ne
1094 3647 1216 3734 aniplius
1239 3655 1319 3716 inani

187 3731 354 3811 ‚splendore
373 3731 547 3810 simplicium
569 3729 671 3802 oculos
712 3732 957 3814 caestringerent,
984 3754 1039 3794 nec
1059 3731 1148 3822 impia
1167 3732 1319 3812 tyrannide

195 3829 365 3900 oppressam
384 3819 524 3870 tenerent
543 3806 670 3888 plebem.
692 3751 736 3865 in
757 3827 793 3867 eo
812 3831 885 3870 vero
905 3809 1056 3900 praeclara
1076 3807 1138 3867 e'rus
1158 3808 1318 3871 constantia

196 3885 317 3960 enrtuit,
351 3885 447 3963 qnod,
476 3905 566 3964 quum
587 3881 766 3943 excellerent
784 3885 863 3945 inter
882 3886 969 3961 ahos,
989 3907 1050 3946 non
1070 3897 1168 3944 tamen
1188 3889 1319 3975 pepercit

148 3989 149 3998 ¹
195 3982 297 4022 eornm
318 3959 470 4042 dignitati,
493 3959 545 4020 sed
565 3960 707 4042 graviter,
727 3973 759 4020 ut
779 3962 861 4045 digni
882 3973 980 4037 erant,
1005 3961 1106 4043 coegit
1125 3961 1155 4019 in
1177 3963 1315 4024 ordinem.

196 4037 246 4098 sic
265 4037 413 4096 animosos
434 4057 496 4096 esse
517 4039 604 4096 decet
623 4057 724 4098 omnes
745 4039 809 4117 pios
830 4041 984 4114 doctores,
1003 4059 1042 4098 ne
1063 4059 1148 4117 quam
1170 4037 1315 4100 hominum

195 4111 358 4192 potentiam
384 4112 561 4188 formident,
589 4113 640 4173 sed
672 4113 817 4194 intrepide
843 4115 969 4176 deiicere
995 4113 1177 4176 contendant
1203 4135 1315 4176 omnent

181 4187 393 4262 altitudinem,
422 4210 496 4269 quae
521 4211 554 4250 se
575 4189 689 4249 extollit
711 4191 846 4250 adversus
867 4185 1024 4252 Christuru'.
1065 4190 1181 4266 Quodsi
1201 4201 1255 4250 tam
1274 4193 1315 4250 ri-

195 4263 264 4343 gide
284 4263 399 4323 salutati
418 4277 486 4324 sunt
503 4265 659 4346 aSpiritus
679 4267 770 4330 sancti
789 4287 915 4348 organo,
935 4269 984 4346 qui
997 4269 1033 4326 ad
1047 4267 1219 4347 baptismum
1237 4265 1312 4328 ultro

195 4351 394 4420 recesserant,
425 4353 459 4402 ut
476 4342 639 4425 Evangelio
658 4363 769 4404 nomen
793 4345 909 4426 darem:
943 4345 1093 4424 quomodo
1119 4345 1208 4406 hodic
1230 4345 1312 4406 nubis
