2756 4838
146 245 205 322 att
306 237 422 304 SECT.
443 239 540 302 xvu.
578 251 840 299 unaunasonurr
857 247 1148 298 mesammones.

145 389 380 466 simulationem
403 395 518 486 longas
538 417 654 486 preces
673 395 814 475 iaciunt,
838 393 873 460 bi
894 393 1054 486 accipient
1077 393 1235 457 maiorem
1258 388 1314 456 da-

146 504 352 568 mnationem.
394 498 397 509 ’
1029 491 1040 536 ²

202 691 327 752 herius
356 691 451 759 adhuc
481 690 512 750 in
544 709 596 752 eos
627 687 790 764 invehitur,
820 688 909 768 idque
934 685 1007 746 lacit
1030 703 1091 746 uon
1120 695 1183 743 tam
1211 704 1310 746 eorum

147 787 247 841 causa,
273 788 359 847 quam
378 779 413 827 ut
431 765 549 848 plebem
570 777 601 827 et
618 765 763 845 simplices
784 764 821 826 ab
841 785 945 825 eorum
964 753 1200 822 secta'revocet.
1239 765 1311 848 Nam

146 844 201 906 etsi
231 842 367 936 reprobis
391 843 454 906 Dei
476 843 636 904 vindictam
652 861 750 922 saepe
795 840 905 922 roponi
929 839 1061 901 videmus
1086 838 1119 897 in
1146 838 1311 918 Scriptura,

145 931 180 980 ut
198 941 290 1002 magra
309 921 470 980 reddantur
488 918 714 992 inexcusabiles,
733 863 793 981 sud
809 939 911 980 eorum
931 929 1031 976 tamen
1051 935 1182 1005 persona
1202 916 1312 976 utiliter

144 1009 307 1057 monentur
332 995 384 1057 filii
405 997 478 1072 net,
502 1017 541 1057 ne
560 1017 591 1058 ee
610 996 763 1076 implicent
782 993 884 1058 iisdem
903 993 1048 1054 scelerum
1068 991 1094 1052 la
1120 1012 1199 1066 uere,
1224 993 1312 1052 seda

146 1071 234 1132 simili
253 1073 341 1132 exitio
361 1073 417 1134 sibi
438 1084 570 1134 caveant.
610 1071 703 1134 Certe
723 1086 812 1152 quum
831 1070 957 1144 scribae,
976 1087 1081 1130 everso
1134 1069 1161 1128 'ei
1179 1067 1260 1130 cultu
1281 1081 1312 1128 et

145 1159 284 1240 corrupta
303 1149 421 1240 pietatis
441 1151 592 1224 doctrina,
617 1149 728 1209 nullam
753 1145 970 1210 correctionem
995 1147 1126 1218 ferrent,
1149 1155 1179 1204 et
1201 1145 1310 1224 despe-

144 1237 208 1286 rata
228 1247 339 1286 sosanna
359 1227 391 1286 iu
411 1249 491 1287 suam
511 1238 542 1287 et
560 1225 651 1287 totius
671 1224 775 1306 populi
793 1225 954 1305 perniciem
975 1221 1093 1282 oblatae
1112 1220 1308 1301 redemptioni

146 1321 180 1362 se
212 1313 421 1384 opponerent,
455 1302 592 1364 omnibus
614 1309 729 1364 'exosos
766 1312 797 1362 et
829 1299 1016 1360 detestabiles
1053 1297 1138 1378 reddi
1167 1297 1306 1377 oportuit.

147 1377 326 1458 Quanquam
346 1400 408 1440 non
428 1391 487 1440 tam
508 1379 578 1472 qnid
597 1379 695 1439 meriti
715 1376 957 1438 essenthriatus
976 1374 1115 1456 respexit,
1135 1395 1221 1453 quam
1238 1375 1309 1453 quid

144 1454 216 1516 utile
237 1466 314 1516 essct
332 1455 453 1518 rudibus
474 1468 505 1518 et
522 1456 674 1548 imperitis.
711 1453 817 1514 Voluit
841 1453 920 1514 euim
945 1453 998 1512 sub
1025 1453 1104 1512 vitae
1130 1471 1201 1510 suae
1221 1449 1309 1510 finem

143 1530 280 1591 sollenne
306 1531 476 1611 relinquere
499 1533 717 1605 testimonium,
742 1551 780 1590 ne
806 1529 870 1609 quis
896 1529 950 1590 uisi
970 1529 1065 1590 sciens
1091 1537 1123 1588 et
1148 1527 1252 1586 volens
1271 1527 1307 1587 ab

142 1606 241 1688 impiis
260 1607 317 1668 illis
337 1607 537 1670 nebulonibus
557 1609 619 1669 falli
661 1618 747 1668 osset
788 1605 902 1668 Scimus
922 1616 1030 1680 autern,
1051 1603 1308 1684 quantumsitob·

143 1681 285 1744 staculum
304 1684 485 1765 simplicibus
504 1686 591 1745 stulta
611 1630 754 1745 falsorum
775 1683 930 1744 doctorum
949 1681 1127 1753 reverentia,
1147 1701 1186 1746 ue
1207 1681 1243 1740 ab
1260 1701 1304 1739 er-

143 1759 259 1820 roribus
284 1760 455 1820 liberentur.
500 1763 584 1822 falsa
610 1759 744 1825 doctrina
769 1758 875 1818 imbuti
899 1770 970 1819 tuuc
994 1769 1080 1818 erarn
1105 1757 1227 1831 ludaei,
1248 1756 1306 1816 imo

142 1834 248 1894 multas
267 1837 489 1915 superstitiones
509 1835 546 1896 ab
568 1835 692 1897 infantia
711 1835 899 1895 imbiberant.
940 1835 1040 1910 Quum
1061 1832 1185 1894 difficile
1206 1854 1260 1913 per
1277 1853 1306 1892 se

142 1921 176 1972 et
194 1909 316 1972 arduum
337 1911 416 1972 soret
434 1913 576 1973 reducere
597 1933 648 1973 eos
668 1912 700 1971 in
718 1912 812 1986 viam,
836 1911 958 1972 maxime
979 1909 1035 1971 illis
1057 1908 1198 1971 obstabat
1225 1929 1303 2001 prae-

167 1997 265 2046 ostera
286 1979 402 2067 opinio,
422 2007 507 2068 quam
528 2009 620 2050 conce
643 2000 729 2050 erant
748 1990 785 2048 de
806 1988 884 2049 falsis
903 1987 1076 2048 doctoribus
1108 1987 1191 2066 quod
1201 1985 1303 2048 sedicet

142 2005 292 2148 legitimos
317 2083 380 2124 esse
406 2077 544 2146 putarent
562 2009 714 2127 Ecclesiae
739 2064 903 2158 praesules,
929 2065 1019 2126 divini
1039 2031 1135 2125 cultus
1156 2064 1301 2136 antisfites,

143 2151 175 2200 et
193 2138 309 2219 pietatis
329 2140 488 2202 columnas.
527 2142 612 2203 Adde
633 2141 714 2222 quod
733 2161 775 2202 src
796 2140 928 2202 ssseiuati
949 2151 1049 2216 erant,
1067 2151 1102 2200 ut
1120 2139 1169 2200 vix
1188 2151 1301 2222 possent

142 2215 212 2276 inde
233 2215 361 2278 abstrahi
381 2218 436 2278 nisi
454 2218 588 2280 violento
608 2230 699 2280 metu.
738 2219 813 2280 Non·
833 2239 907 2300 erqo
927 2229 961 2278 ut
978 2217 1088 2279 scribas
1114 2219 1203 2277 sanet
1221 2215 1300 2277 ctri-

141 2303 218 2368 ame,
243 2293 416 2356 horribilem
431 2294 495 2356 Dei
518 2294 679 2358 vindictam
706 2295 764 2357 illis
784 2293 955 2370 denuntiat,
978 2295 1031 2356 sed
1050 2304 1085 2354 ut
1103 2293 1235 2374 reliquos
1251 2291 1297 2352 ab·
1363 2353 1364 2366 .

142 2380 268 2430 sterreat
286 2369 324 2430 ab
346 2390 449 2432 eorum
469 2371 600 2432 fallaciis.
641 2371 899 2447 Quemadmodum
925 2371 1013 2432 bodie
1033 2369 1064 2430 in
1085 2369 1200 2431 clerum
1217 2389 1297 2452 papa·
1363 2370 1364 2397 ¹

141 2444 201 2508 lem
221 2445 350 2526 asperius
370 2448 505 2530 cogimur
524 2449 684 2524 detonare,
703 2469 765 2510 uon
786 2447 842 2508 alia
863 2449 900 2510 de
920 2469 1005 2509 causa
1024 2447 1079 2507 nisi
1101 2459 1135 2508 ut
1156 2445 1209 2530 qui
1226 2446 1298 2506 doci-

141 2519 185 2580 les
204 2533 272 2582 suut
291 2542 325 2584 ac
344 2543 407 2584 non
427 2525 544 2604 penitus
563 2526 687 2605 reprobi
706 2526 743 2586 ad
763 2525 886 2585 salntem
905 2545 985 2587 suam
1004 2525 1173 2599 attendant,
1192 2536 1224 2584 et
1239 2543 1299 2604 per-
1362 2567 1363 2576 .

142 2595 214 2658 culsi
234 2599 294 2660 Dei
319 2599 429 2662 iudicio
456 2601 584 2662 exitiales
609 2593 866 2683 superstitionum,
892 2601 998 2682 quibus
1021 2600 1133 2692 captivi
1157 2612 1301 2672 tenentur,

138 2673 264 2764 laqueos
283 2674 469 2757 abrumpant.
508 2677 597 2738 Unde
615 2677 778 2762 colligitur,
797 2697 885 2758 quam
905 2677 1030 2738 erudelis
1049 2688 1088 2737 set
1107 2697 1214 2738 eorum
1232 2675 1299 2736 mol·
1361 2735 1362 2738 ,

141 2749 235 2824 lines,
260 2749 368 2832 quibus
387 2753 510 2814 molesta
532 2765 576 2814 est
594 2765 695 2814 nostra
715 2754 910 2814 vehementia.
948 2751 1098 2834 Displicet
1115 2753 1176 2814 illis
1197 2753 1302 2814 duriter
1361 2801 1362 2810 ,

46 2833 61 2882 t
113 2843 122 2875 s
142 2835 174 2888 et
192 2827 299 2888 acerbe
318 2828 416 2888 venari
437 2828 466 2889 lu
490 2850 540 2906 os,
560 2829 610 2909 qui
629 2829 773 2890 laniandis
793 2829 981 2892 accurandis
1002 2829 1107 2898 oribus
1127 2831 1242 2890 assidue
1260 2829 1301 2888 in·

141 2902 239 2995 hiant:
261 2915 294 2962 et
311 2915 409 2964 umen
429 2849 534 2965 rident
551 2904 670 2968 miseras
691 2927 761 2967 oves
781 2907 918 2988 deceptas
938 2907 1019 2988 inani
1038 2907 1258 2987 larvaqsponte
1275 2925 1301 2965 se

138 2999 171 3038 sn
191 2978 328 3058 luporum
349 2980 447 3040 lauces
468 2982 633 3058 conficere,
658 2983 715 3044 uisi
739 2995 840 3063 pastor
865 2985 1015 3064 quiipsas
1040 2983 1133 3044 salvas
1155 2984 1254 3064 cupit,
1276 2995 1302 3041 et

140 3053 177 3113 ab
199 3055 320 3115 interitu
340 3056 456 3147 eripere
477 3069 616 3133 conatur,
631 3059 769 3120 ulamosa
788 3063 868 3122 voce‘
883 3061 958 3142 ipsas
979 3061 1106 3142 abigat.¹
1128 3061 1301 3120 Tenendum

27 3183 30 3188 .
140 3140 186 3188 est
211 3129 303 3212 igitur
322 3129 433 3192 Chresti
457 3134 632 3211 ,consilium
656 3149 691 3196 ut
715 3157 769 3196 nos
795 3137 856 3198 eius
883 3135 1016 3218 exemplo
1037 3157 1139 3197 severe
1160 3137 1301 3196 minemor

31 3215 32 3224 ¹
139 3205 235 3285 impiis
255 3207 475 3288 deceptoribus,
495 3222 525 3270 et
544 3212 576 3271 in
596 3233 647 3273 eos
668 3213 788 3274 fortiter
807 3213 974 3286 clamemus,
994 3225 1026 3273 ut
1067 3215 1220 3294 uieuuque
1239 3225 1303 3274 suot

139 3281 283 3374 sanabiles
308 3285 388 3345 exitii
413 3301 493 3348 metu
519 3288 555 3348 ab
576 3288 633 3350 illis
654 3290 778 3371 fugiant.
817 3291 890 3350 Nam
912 3291 966 3350 etsi
985 3235 1064 3370 apud
1081 3291 1216 3351 veritatis
1236 3289 1301 3350 bos·
1359 3313 1360 3386 q

138 3370 183 3418 tes
203 3358 277 3452 nebel
291 3362 460 3442 proficitur,
481 3363 590 3424 citandi
609 3377 709 3426 tamen
728 3379 796 3427 sunt
815 3367 852 3427 ad
871 3367 930 3428 Dei
951 3365 1098 3446 tribunal,
1119 3378 1151 3426 et
1171 3367 1222 3427 alii
1240 3389 1300 3426 mu·

137 3437 229 3496 nendr
248 3449 281 3496 ut
302 3439 425 3500 eandem
444 3440 500 3500 sibi
519 3441 756 3504 maledictionem
776 3443 885 3516 instare
905 3443 1014 3518 sciant,
1035 3441 1091 3504 nisi
1111 3455 1227 3505 manare
1245 3443 1299 3502 dis-

136 3513 245 3574 cedant
264 3535 280 3574 a
301 3535 392 3594 pravo
413 3537 567 3579 consensu.
1066 3569 1068 3577 .

212 3589 317 3652 Matth.
337 3600 383 3658 13.
424 3593 566 3656 eleustus
582 3617 704 3673 segem
721 3595 874 3656 coelorum.
912 3595 1155 3660 blaledictionem
1177 3595 1228 3657 illis
1243 3595 1291 3652 de-

134 3666 252 3728 nuntiat
277 3667 428 3750 Christus,
457 3671 524 3752 quia
554 3673 586 3732 in
617 3693 773 3734 commune
803 3673 894 3734 totius
924 3695 964 3768 po
1008 3673 1030 3732 ti
1054 3672 1175 3734 exitium
1200 3689 1292 3732 munus

134 3763 219 3803 suum
238 3759 424 3828 pervertunt:
444 3771 510 3807 nam
528 3768 617 3827 quum
637 3770 728 3829 penes
749 3745 800 3810 eo's
821 3761 897 3810 esset
908 3751 969 3810 hcc
983 3751 1060 3811 esiae
1081 3749 1227 3833 regimen,
1244 3750 1294 3810 dc·

134 3817 263 3882 buerant
284 3842 346 3884 esse
367 3826 448 3904 qnasi
468 3824 609 3886 ianitores
629 3827 714 3906 regni
734 3826 894 3888 coelorum.
935 3827 1086 3963 (poenum
1107 3827 1189 3886 enim
1210 3825 1295 3908 perti·

134 3907 188 3955 net
206 3897 313 3980 religio
335 3911 364 3960 et
383 3921 462 3962 sacra
485 3901 636 3978 doctriua,
656 3902 711 3962 nisi
731 3914 765 3963 ut
783 3903 872 3963 uobis
892 3923 947 3964 coc
961 3907 1001 3965 os‘
1014 3901 1147 3984 aperiat?
1188 3903 1295 3964 Scimus

134 3972 212 4030 eninr
232 3986 326 4034 toturn
348 3976 504 4038 humanum
523 3997 617 4060 genus
638 3978 766 4040 exsulare
787 3999 803 4038 a
822 3979 906 4054 Deo,
932 3992 963 4042 et
988 3979 1024 4040 ab
1046 3979 1230 4041 haereditate
1250 3996 1295 4040 ae-

132 4055 236 4108 ternae
255 4051 354 4112 salutis
375 4055 497 4114 excludi.
536 4055 657 4116 Pietatis
678 4067 774 4116 autem
796 4056 931 4131 doctrina
952 4057 1033 4137 quasi
1053 4056 1140 4117 ianua
1163 4069 1223 4132 est,
1242 4075 1294 4136 qua

132 4121 169 4181 ad
188 4125 278 4184 vitam
297 4127 491 4210 ingredimur:
511 4129 581 4191 ideo
601 4132 801 4211 metaphorice
814 4129 965 4213 Scriptura
976 4132 1047 4194 dicit
1056 4133 1228 4212 pastoribus
1237 4133 1294 4193 dari

131 4196 226 4258 claves
246 4206 331 4284 regni
350 4207 511 4281 coelorum,
531 4209 777 4288 quemadmodum
798 4208 889 4270 sosius
909 4211 1028 4289 exposui
1043 4229 1107 4288 cap.
1120 4217 1168 4274 ts.
1200 4213 1292 4288 Atque

131 4271 204 4364 baec
225 4275 357 4342 definitio
377 4283 504 4344 tenenda
528 4295 586 4358 est,¹
601 4305 675 4365 quae
696 4283 783 4346 etiam
806 4307 840 4346 cx
850 4285 947 4346 Lucae
967 4285 1189 4348 verbisclarius
1206 4297 1292 4368 patet,

128 4347 180 4408 ubr
192 4353 349 4463 exprobrat
362 4356 494 4420 Christus
507 4357 595 4442 Legis
608 4361 720 4443 peritis,
740 4363 820 4442 quod
833 4361 1005 4426 sustulerint
1015 4363 1127 4428 clavem
1138 4364 1288 4426 scientiae:
