<?xml version="1.0" encoding="UTF-8"?>
<!DOCTYPE html PUBLIC "-//W3C//DTD XHTML 1.0 Transitional//EN"
    "http://www.w3.org/TR/xhtml1/DTD/xhtml1-transitional.dtd">
<html xmlns="http://www.w3.org/1999/xhtml" xml:lang="en" lang="en">
 <head>
  <title>
</title>
<meta http-equiv="Content-Type" content="text/html;charset=utf-8" />
  <meta name='ocr-system' content='tesseract 3.04.00' />
  <meta name='ocr-capabilities' content='ocr_page ocr_carea ocr_par ocr_line ocrx_word'/>
</head>
<body>
  <div class='ocr_page' id='page_1' title='image "./innovumtestamen00calvgoog_0514.png"; bbox 0 0 2778 4838; ppageno 0'>
   <div class='ocr_carea' id='block_1_1' title="bbox 303 207 1242 302">
    <p class='ocr_par' dir='ltr' id='par_1_1' title="bbox 303 207 1242 302">
     <span class='ocr_line' id='line_1_1' title="bbox 303 207 1242 302; baseline 0.01 -17"><span class='ocrx_word' id='word_1_1' title='bbox 303 220 493 302; x_wconf 70' lang='lat' dir='ltr'><strong>(ur-tls</strong></span> <span class='ocrx_word' id='word_1_2' title='bbox 531 207 752 299; x_wconf 83' lang='lat' dir='ltr'><strong>Discipul&#39;orum</strong></span> <span class='ocrx_word' id='word_1_3' title='bbox 771 219 927 282; x_wconf 84' lang='lat' dir='ltr'><strong>ambitiosa</strong></span> <span class='ocrx_word' id='word_1_4' title='bbox 947 219 1009 300; x_wconf 78' lang='lat' dir='ltr'><strong>lis)</strong></span> <span class='ocrx_word' id='word_1_5' title='bbox 1088 217 1096 222; x_wconf 68' lang='grc'><strong>’</strong></span> <span class='ocrx_word' id='word_1_6' title='bbox 1183 231 1242 296; x_wconf 69' lang='lat'><strong>127</strong></span> 
     </span>
    </p>
   </div>
   <div class='ocr_carea' id='block_1_2' title="bbox 71 373 1289 572">
    <p class='ocr_par' dir='ltr' id='par_1_2' title="bbox 71 373 1289 572">
     <span class='ocr_line' id='line_1_2' title="bbox 71 373 1241 464; baseline -0.007 -20"><span class='ocrx_word' id='word_1_7' title='bbox 71 379 159 444; x_wconf 84' lang='lat' dir='ltr'><strong>siout</strong></span> <span class='ocrx_word' id='word_1_8' title='bbox 179 397 314 462; x_wconf 72' lang='lat' dir='ltr'><strong>gmunm</strong></span> <span class='ocrx_word' id='word_1_9' title='bbox 335 377 473 462; x_wconf 82' lang='lat' dir='ltr'><strong>sinopis,</strong></span> <span class='ocrx_word' id='word_1_10' title='bbox 506 373 658 442; x_wconf 82' lang='lat' dir='ltr'><strong>diseretis</strong></span> <span class='ocrx_word' id='word_1_11' title='bbox 683 373 760 442; x_wconf 83' lang='lat' dir='ltr'><strong>buis</strong></span> <span class='ocrx_word' id='word_1_12' title='bbox 781 374 892 444; x_wconf 87' lang='lat' dir='ltr'><strong>arbori</strong></span> <span class='ocrx_word' id='word_1_13' title='bbox 911 378 1097 464; x_wconf 80' lang='lat' dir='ltr'><strong>sycamino,</strong></span> <span class='ocrx_word' id='word_1_14' title='bbox 1125 379 1241 452; x_wconf 74' lang='lat' dir='ltr'><strong>Exodi.</strong></span> 
     </span>
     <span class='ocr_line' id='line_1_3' title="bbox 72 476 1289 572; baseline -0.021 -9"><span class='ocrx_word' id='word_1_15' title='bbox 72 503 164 561; x_wconf 75' lang='lat' dir='ltr'><strong>cars,</strong></span> <span class='ocrx_word' id='word_1_16' title='bbox 186 491 220 546; x_wconf 79' lang='lat' dir='ltr'><strong>es</strong></span> <span class='ocrx_word' id='word_1_17' title='bbox 239 478 474 565; x_wconf 74' lang='lat' dir='ltr'><strong>transplantare</strong></span> <span class='ocrx_word' id='word_1_18' title='bbox 495 481 530 548; x_wconf 86' lang='lat' dir='ltr'><strong>iu</strong></span> <span class='ocrx_word' id='word_1_19' title='bbox 551 496 654 572; x_wconf 74' lang='lat' dir='ltr'><strong>mars,</strong></span> <span class='ocrx_word' id='word_1_20' title='bbox 678 478 902 548; x_wconf 70' lang='lat' dir='ltr'><strong>nobedisser</strong></span> <span class='ocrx_word' id='word_1_21' title='bbox 921 478 1026 548; x_wconf 81' lang='lat' dir='ltr'><strong>vobis.</strong></span> <span class='ocrx_word' id='word_1_22' title='bbox 1094 485 1099 492; x_wconf 92' lang='grc'><em>·</em></span> <span class='ocrx_word' id='word_1_23' title='bbox 1175 476 1195 521; x_wconf 73' lang='lat'><strong>&gt;</strong></span> <span class='ocrx_word' id='word_1_24' title='bbox 1286 485 1289 497; x_wconf 66' lang='grc'>’</span> 
     </span>
    </p>
   </div>
   <div class='ocr_carea' id='block_1_3' title="bbox 149 693 1240 777">
    <p class='ocr_par' dir='ltr' id='par_1_3' title="bbox 149 693 1240 777">
     <span class='ocr_line' id='line_1_4' title="bbox 149 693 1240 777; baseline 0.005 -20"><span class='ocrx_word' id='word_1_25' title='bbox 149 697 257 758; x_wconf 77' lang='lat' dir='ltr'><strong>Mattb.</strong></span> <span class='ocrx_word' id='word_1_26' title='bbox 276 702 323 762; x_wconf 80' lang='lat'><strong>19.</strong></span> <span class='ocrx_word' id='word_1_27' title='bbox 362 693 541 756; x_wconf 68' lang='lat' dir='ltr'><strong>Auream</strong></span> <span class='ocrx_word' id='word_1_28' title='bbox 563 693 708 772; x_wconf 67' lang='lat' dir='ltr'><strong>disdpuli.</strong></span> <span class='ocrx_word' id='word_1_29' title='bbox 753 697 900 758; x_wconf 76' lang='lat' dir='ltr'>Mirantur</span> <span class='ocrx_word' id='word_1_30' title='bbox 931 695 1082 777; x_wconf 84' lang='lat' dir='ltr'><strong>discipuli,</strong></span> <span class='ocrx_word' id='word_1_31' title='bbox 1112 695 1240 762; x_wconf 84' lang='lat' dir='ltr'><strong>ablatam</strong></span> 
     </span>
    </p>
   </div>
   <div class='ocr_carea' id='block_1_4' title="bbox 69 773 1241 1142">
    <p class='ocr_par' dir='ltr' id='par_1_4' title="bbox 69 773 1241 1142">
     <span class='ocr_line' id='line_1_5' title="bbox 71 773 1240 856; baseline 0.003 -20"><span class='ocrx_word' id='word_1_32' title='bbox 71 775 130 836; x_wconf 91' lang='lat' dir='ltr'><strong>sibi</strong></span> <span class='ocrx_word' id='word_1_33' title='bbox 152 795 215 836; x_wconf 83' lang='lat' dir='ltr'><strong>esse</strong></span> <span class='ocrx_word' id='word_1_34' title='bbox 235 773 391 847; x_wconf 83' lang='lat' dir='ltr'><strong>virtutem,</strong></span> <span class='ocrx_word' id='word_1_35' title='bbox 451 773 577 834; x_wconf 89' lang='lat' dir='ltr'><strong>asemel</strong></span> <span class='ocrx_word' id='word_1_36' title='bbox 598 773 733 834; x_wconf 76' lang='lat' dir='ltr'>instructi</span> <span class='ocrx_word' id='word_1_37' title='bbox 754 775 887 849; x_wconf 85' lang='lat' dir='ltr'><strong>inerant,</strong></span> <span class='ocrx_word' id='word_1_38' title='bbox 912 792 1003 855; x_wconf 71' lang='lat' dir='ltr'><strong>qurum</strong></span> <span class='ocrx_word' id='word_1_39' title='bbox 1022 775 1146 856; x_wconf 87' lang='lat' dir='ltr'><strong>proprio</strong></span> <span class='ocrx_word' id='word_1_40' title='bbox 1166 777 1240 840; x_wconf 80' lang='lat' dir='ltr'><strong>vitio</strong></span> 
     </span>
     <span class='ocr_line' id='line_1_6' title="bbox 73 850 1241 934; baseline 0.002 -22"><span class='ocrx_word' id='word_1_41' title='bbox 73 873 106 912; x_wconf 89' lang='lat' dir='ltr'><strong>ea</strong></span> <span class='ocrx_word' id='word_1_42' title='bbox 127 872 160 910; x_wconf 92' lang='lat' dir='ltr'><strong>se</strong></span> <span class='ocrx_word' id='word_1_43' title='bbox 180 850 370 930; x_wconf 80' lang='lat' dir='ltr'>privaverint.</span> <span class='ocrx_word' id='word_1_44' title='bbox 440 850 544 912; x_wconf 83' lang='lat' dir='ltr'><strong>hristus</strong></span> <span class='ocrx_word' id='word_1_45' title='bbox 559 871 631 934; x_wconf 84' lang='lat' dir='ltr'><strong>ergo</strong></span> <span class='ocrx_word' id='word_1_46' title='bbox 652 851 801 911; x_wconf 88' lang='lat' dir='ltr'><strong>delectum</strong></span> <span class='ocrx_word' id='word_1_47' title='bbox 821 851 898 912; x_wconf 87' lang='lat' dir='ltr'><strong>bunc</strong></span> <span class='ocrx_word' id='word_1_48' title='bbox 918 869 1022 911; x_wconf 86' lang='lat' dir='ltr'><strong>eorum</strong></span> <span class='ocrx_word' id='word_1_49' title='bbox 1040 851 1241 914; x_wconf 77' lang='lat' dir='ltr'><strong>incredulitati</strong></span> 
     </span>
     <span class='ocr_line' id='line_1_7' title="bbox 71 925 1240 1010; baseline 0.003 -23"><span class='ocrx_word' id='word_1_50' title='bbox 71 929 219 1010; x_wconf 75' lang='lat' dir='ltr'><strong>assignat,</strong></span> <span class='ocrx_word' id='word_1_51' title='bbox 240 937 270 986; x_wconf 90' lang='lat' dir='ltr'><strong>et</strong></span> <span class='ocrx_word' id='word_1_52' title='bbox 289 927 466 986; x_wconf 85' lang='lat' dir='ltr'><strong>sententiam</strong></span> <span class='ocrx_word' id='word_1_53' title='bbox 486 925 566 986; x_wconf 84' lang='lat' dir='ltr'><strong>illam</strong></span> <span class='ocrx_word' id='word_1_54' title='bbox 587 947 672 1007; x_wconf 92' lang='lat' dir='ltr'><strong>quam</strong></span> <span class='ocrx_word' id='word_1_55' title='bbox 713 929 773 990; x_wconf 86' lang='lat' dir='ltr'><strong>rins</strong></span> <span class='ocrx_word' id='word_1_56' title='bbox 793 929 931 1010; x_wconf 82' lang='lat' dir='ltr'><strong>attigerat</strong></span> <span class='ocrx_word' id='word_1_57' title='bbox 944 927 1074 1008; x_wconf 78' lang='lat' dir='ltr'><strong>repetit,</strong></span> <span class='ocrx_word' id='word_1_58' title='bbox 1095 947 1129 988; x_wconf 90' lang='lat' dir='ltr'><strong>ao</strong></span> <span class='ocrx_word' id='word_1_59' title='bbox 1149 929 1240 991; x_wconf 80' lang='lat' dir='ltr'><strong>fusius</strong></span> 
     </span>
     <span class='ocr_line' id='line_1_8' title="bbox 69 949 1239 1142; baseline 0.003 -77"><span class='ocrx_word' id='word_1_60' title='bbox 69 1005 273 1142; x_wconf 74' lang='lat' dir='ltr'><strong>propequitnr,</strong></span> <span class='ocrx_word' id='word_1_61' title='bbox 293 1003 363 1063; x_wconf 87' lang='lat' dir='ltr'><strong>fidei</strong></span> <span class='ocrx_word' id='word_1_62' title='bbox 382 1003 455 1063; x_wconf 90' lang='lat' dir='ltr'><strong>nibil</strong></span> <span class='ocrx_word' id='word_1_63' title='bbox 468 1024 530 1064; x_wconf 86' lang='lat' dir='ltr'><strong>esse</strong></span> <span class='ocrx_word' id='word_1_64' title='bbox 542 949 732 1084; x_wconf 80' lang='lat' dir='ltr'><strong>impossibiie.</strong></span> <span class='ocrx_word' id='word_1_65' title='bbox 772 1005 895 1066; x_wconf 86' lang='lat' dir='ltr'><strong>Certum</strong></span> <span class='ocrx_word' id='word_1_66' title='bbox 915 1005 1034 1084; x_wconf 87' lang='lat' dir='ltr'><strong>quidem</strong></span> <span class='ocrx_word' id='word_1_67' title='bbox 1054 1016 1109 1080; x_wconf 87' lang='lat' dir='ltr'><strong>est,</strong></span> <span class='ocrx_word' id='word_1_68' title='bbox 1129 1005 1239 1087; x_wconf 56' lang='lat' dir='ltr'><strong>hypera&#39;</strong></span> 
     </span>
    </p>
   </div>
   <div class='ocr_carea' id='block_1_5' title="bbox 10 1071 1361 3768">
    <p class='ocr_par' dir='ltr' id='par_1_5' title="bbox 10 1071 1308 2446">
     <span class='ocr_line' id='line_1_9' title="bbox 93 1071 1239 1162; baseline 0.002 -20"><span class='ocrx_word' id='word_1_69' title='bbox 93 1081 203 1142; x_wconf 85' lang='lat' dir='ltr'><strong>olrcam</strong></span> <span class='ocrx_word' id='word_1_70' title='bbox 216 1102 278 1141; x_wconf 90' lang='lat' dir='ltr'><strong>esse</strong></span> <span class='ocrx_word' id='word_1_71' title='bbox 291 1079 433 1161; x_wconf 86' lang='lat' dir='ltr'><strong>loquendi</strong></span> <span class='ocrx_word' id='word_1_72' title='bbox 443 1080 578 1154; x_wconf 85' lang='lat' dir='ltr'><strong>sormam,</strong></span> <span class='ocrx_word' id='word_1_73' title='bbox 599 1101 687 1161; x_wconf 89' lang='lat' dir='ltr'><strong>quum</strong></span> <span class='ocrx_word' id='word_1_74' title='bbox 707 1079 765 1140; x_wconf 84' lang='lat' dir='ltr'><strong>fide</strong></span> <span class='ocrx_word' id='word_1_75' title='bbox 784 1082 959 1162; x_wconf 79' lang='lat' dir='ltr'><strong>pronuntiat</strong></span> <span class='ocrx_word' id='word_1_76' title='bbox 976 1071 1129 1142; x_wconf 63' lang='lat' dir='ltr'><strong>transferri</strong></span> <span class='ocrx_word' id='word_1_77' title='bbox 1149 1083 1239 1144; x_wconf 89' lang='lat' dir='ltr'><strong>arbo-</strong></span> 
     </span>
     <span class='ocr_line' id='line_1_10' title="bbox 70 1157 1239 1236; baseline 0.003 -17"><span class='ocrx_word' id='word_1_78' title='bbox 70 1180 120 1219; x_wconf 88' lang='lat' dir='ltr'><strong>res</strong></span> <span class='ocrx_word' id='word_1_79' title='bbox 142 1169 173 1218; x_wconf 86' lang='lat' dir='ltr'><strong>et</strong></span> <span class='ocrx_word' id='word_1_80' title='bbox 192 1168 318 1217; x_wconf 89' lang='lat' dir='ltr'><strong>montes.</strong></span> <span class='ocrx_word' id='word_1_81' title='bbox 359 1157 477 1218; x_wconf 79' lang='lat' dir='ltr'><strong>Summa</strong></span> <span class='ocrx_word' id='word_1_82' title='bbox 499 1169 597 1218; x_wconf 88' lang='lat' dir='ltr'><strong>tamen</strong></span> <span class='ocrx_word' id='word_1_83' title='bbox 618 1157 674 1218; x_wconf 89' lang='lat' dir='ltr'><strong>huc</strong></span> <span class='ocrx_word' id='word_1_84' title='bbox 693 1158 786 1228; x_wconf 89' lang='lat' dir='ltr'><strong>redit,</strong></span> <span class='ocrx_word' id='word_1_85' title='bbox 805 1158 903 1218; x_wconf 90' lang='lat' dir='ltr'><strong>Deum</strong></span> <span class='ocrx_word' id='word_1_86' title='bbox 918 1164 1073 1236; x_wconf 86' lang='lat' dir='ltr'><strong>‘uunquam</strong></span> <span class='ocrx_word' id='word_1_87' title='bbox 1086 1158 1174 1220; x_wconf 88' lang='lat' dir='ltr'><strong>uobis</strong></span> <span class='ocrx_word' id='word_1_88' title='bbox 1186 1161 1239 1222; x_wconf 64' lang='lat' dir='ltr'><strong>del</strong></span> 
     </span>
     <span class='ocr_line' id='line_1_11' title="bbox 70 1233 1240 1326; baseline 0 -32"><span class='ocrx_word' id='word_1_89' title='bbox 70 1235 157 1308; x_wconf 87' lang='lat' dir='ltr'><strong>lore,</strong></span> <span class='ocrx_word' id='word_1_90' title='bbox 189 1233 279 1293; x_wconf 95' lang='lat' dir='ltr'><strong>modo</strong></span> <span class='ocrx_word' id='word_1_91' title='bbox 300 1233 416 1292; x_wconf 79' lang='lat' dir='ltr'><strong>isonam</strong></span> <span class='ocrx_word' id='word_1_92' title='bbox 436 1234 600 1314; x_wconf 86' lang='lat' dir='ltr'><strong>aperiamus</strong></span> <span class='ocrx_word' id='word_1_93' title='bbox 657 1234 732 1293; x_wconf 88' lang='lat' dir='ltr'><strong>atiae</strong></span> <span class='ocrx_word' id='word_1_94' title='bbox 753 1234 823 1294; x_wconf 90' lang='lat' dir='ltr'><strong>eius.</strong></span> <span class='ocrx_word' id='word_1_95' title='bbox 861 1235 967 1326; x_wconf 86' lang='lat' dir='ltr'><strong>Neque</strong></span> <span class='ocrx_word' id='word_1_96' title='bbox 988 1236 1068 1294; x_wconf 84' lang='lat' dir='ltr'><strong>enim</strong></span> <span class='ocrx_word' id='word_1_97' title='bbox 1088 1236 1240 1322; x_wconf 82' lang='lat' dir='ltr'><strong>iutelligit,</strong></span> 
     </span>
     <span class='ocr_line' id='line_1_12' title="bbox 70 1301 1238 1392; baseline 0.003 -22"><span class='ocrx_word' id='word_1_98' title='bbox 70 1309 215 1392; x_wconf 82' lang='lat' dir='ltr'><strong>quicquid</strong></span> <span class='ocrx_word' id='word_1_99' title='bbox 234 1321 347 1370; x_wconf 86' lang='lat' dir='ltr'><strong>temere</strong></span> <span class='ocrx_word' id='word_1_100' title='bbox 367 1301 397 1368; x_wconf 91' lang='lat' dir='ltr'><strong>in</strong></span> <span class='ocrx_word' id='word_1_101' title='bbox 417 1321 545 1370; x_wconf 82' lang='lat' dir='ltr'>mentem</span> <span class='ocrx_word' id='word_1_102' title='bbox 565 1311 611 1371; x_wconf 81' lang='lat' dir='ltr'><strong>sel</strong></span> <span class='ocrx_word' id='word_1_103' title='bbox 632 1331 662 1370; x_wconf 85' lang='lat' dir='ltr'><strong>rn</strong></span> <span class='ocrx_word' id='word_1_104' title='bbox 683 1311 805 1372; x_wconf 76' lang='lat' dir='ltr'><strong>bue&#39;cam</strong></span> <span class='ocrx_word' id='word_1_105' title='bbox 824 1322 951 1384; x_wconf 78' lang='lat' dir='ltr'><strong>venerit,</strong></span> <span class='ocrx_word' id='word_1_106' title='bbox 970 1310 1068 1370; x_wconf 88' lang='lat' dir='ltr'><strong>Deum</strong></span> <span class='ocrx_word' id='word_1_107' title='bbox 1089 1313 1238 1373; x_wconf 85' lang='lat' dir='ltr'><strong>daturum:</strong></span> 
     </span>
     <span class='ocr_line' id='line_1_13' title="bbox 69 1385 1240 1468; baseline 0.002 -18"><span class='ocrx_word' id='word_1_108' title='bbox 69 1391 133 1450; x_wconf 88' lang='lat' dir='ltr'><strong>imo</strong></span> <span class='ocrx_word' id='word_1_109' title='bbox 154 1409 243 1467; x_wconf 90' lang='lat' dir='ltr'><strong>quum</strong></span> <span class='ocrx_word' id='word_1_110' title='bbox 256 1385 331 1448; x_wconf 91' lang='lat' dir='ltr'><strong>nibil</strong></span> <span class='ocrx_word' id='word_1_111' title='bbox 341 1385 410 1458; x_wconf 81' lang='lat' dir='ltr'><strong>fidei</strong></span> <span class='ocrx_word' id='word_1_112' title='bbox 420 1386 515 1468; x_wconf 84' lang='lat' dir='ltr'><strong>magis</strong></span> <span class='ocrx_word' id='word_1_113' title='bbox 525 1386 706 1459; x_wconf 83' lang='lat' dir='ltr'><strong>contrarium</strong></span> <span class='ocrx_word' id='word_1_114' title='bbox 717 1387 756 1448; x_wconf 89' lang='lat' dir='ltr'><strong>sit</strong></span> <span class='ocrx_word' id='word_1_115' title='bbox 773 1386 869 1448; x_wconf 88' lang='lat' dir='ltr'><strong>stultis</strong></span> <span class='ocrx_word' id='word_1_116' title='bbox 888 1398 919 1448; x_wconf 86' lang='lat' dir='ltr'><strong>et</strong></span> <span class='ocrx_word' id='word_1_117' title='bbox 929 1387 1132 1466; x_wconf 84' lang='lat' dir='ltr'><strong>incompositis</strong></span> <span class='ocrx_word' id='word_1_118' title='bbox 1144 1390 1240 1452; x_wconf 83' lang='lat' dir='ltr'><strong>caruis</strong></span> 
     </span>
     <span class='ocr_line' id='line_1_14' title="bbox 70 1463 1308 1548; baseline 0.002 -24"><span class='ocrx_word' id='word_1_119' title='bbox 70 1475 196 1526; x_wconf 76' lang='lat' dir='ltr'><strong>nostrae</strong></span> <span class='ocrx_word' id='word_1_120' title='bbox 206 1463 292 1540; x_wconf 85' lang='lat' dir='ltr'><strong>votis,</strong></span> <span class='ocrx_word' id='word_1_121' title='bbox 310 1463 452 1542; x_wconf 89' lang='lat' dir='ltr'><strong>sequitur,</strong></span> <span class='ocrx_word' id='word_1_122' title='bbox 471 1464 523 1524; x_wconf 90' lang='lat' dir='ltr'><strong>ubi</strong></span> <span class='ocrx_word' id='word_1_123' title='bbox 534 1476 640 1546; x_wconf 83' lang='lat' dir='ltr'><strong>regnat</strong></span> <span class='ocrx_word' id='word_1_124' title='bbox 650 1463 731 1538; x_wconf 86' lang='lat' dir='ltr'><strong>fides,</strong></span> <span class='ocrx_word' id='word_1_125' title='bbox 751 1485 814 1526; x_wconf 89' lang='lat' dir='ltr'><strong>uon</strong></span> <span class='ocrx_word' id='word_1_126' title='bbox 828 1464 995 1544; x_wconf 69' lang='lat' dir='ltr'><strong>promiscue</strong></span> <span class='ocrx_word' id='word_1_127' title='bbox 1007 1464 1120 1543; x_wconf 85' lang='lat' dir='ltr'><strong>quidvis</strong></span> <span class='ocrx_word' id='word_1_128' title='bbox 1131 1465 1242 1548; x_wconf 86' lang='lat' dir='ltr'><strong>optari,</strong></span> <span class='ocrx_word' id='word_1_129' title='bbox 1302 1503 1308 1510; x_wconf 91' lang='lat'><em>·</em></span> 
     </span>
     <span class='ocr_line' id='line_1_15' title="bbox 67 1525 1296 1622; baseline 0 -20"><span class='ocrx_word' id='word_1_130' title='bbox 67 1541 123 1603; x_wconf 91' lang='lat' dir='ltr'><strong>sed</strong></span> <span class='ocrx_word' id='word_1_131' title='bbox 144 1525 227 1620; x_wconf 86' lang='lat' dir='ltr'><strong>qnod</strong></span> <span class='ocrx_word' id='word_1_132' title='bbox 242 1539 391 1622; x_wconf 69' lang='lat' dir='ltr'><strong>Dominus</strong></span> <span class='ocrx_word' id='word_1_133' title='bbox 411 1540 573 1620; x_wconf 86' lang='lat' dir='ltr'><strong>promittit.¹</strong></span> <span class='ocrx_word' id='word_1_134' title='bbox 598 1541 682 1600; x_wconf 81' lang='lat' dir='ltr'><strong>Haec</strong></span> <span class='ocrx_word' id='word_1_135' title='bbox 701 1540 714 1598; x_wconf 87' lang='lat'><strong>1&#39;</strong></span> <span class='ocrx_word' id='word_1_136' title='bbox 734 1541 792 1600; x_wconf 88' lang='lat' dir='ltr'><strong>itur</strong></span> <span class='ocrx_word' id='word_1_137' title='bbox 810 1539 955 1603; x_wconf 78' lang='lat' dir='ltr'><strong>sobrietas</strong></span> <span class='ocrx_word' id='word_1_138' title='bbox 976 1542 1104 1601; x_wconf 85' lang='lat' dir='ltr'><strong>tenenda</strong></span> <span class='ocrx_word' id='word_1_139' title='bbox 1125 1553 1178 1618; x_wconf 86' lang='lat' dir='ltr'><strong>est,</strong></span> <span class='ocrx_word' id='word_1_140' title='bbox 1198 1563 1238 1603; x_wconf 92' lang='lat' dir='ltr'><strong>ne</strong></span> <span class='ocrx_word' id='word_1_141' title='bbox 1281 1530 1296 1550; x_wconf 73' lang='lat'><strong><em>‘</em></strong></span> 
     </span>
     <span class='ocr_line' id='line_1_16' title="bbox 68 1618 1240 1708; baseline 0.003 -32"><span class='ocrx_word' id='word_1_142' title='bbox 68 1619 139 1699; x_wconf 91' lang='lat' dir='ltr'><strong>plus</strong></span> <span class='ocrx_word' id='word_1_143' title='bbox 158 1627 328 1698; x_wconf 86' lang='lat' dir='ltr'><strong>appetamus</strong></span> <span class='ocrx_word' id='word_1_144' title='bbox 348 1635 435 1708; x_wconf 82' lang='lat' dir='ltr'><strong>qnam</strong></span> <span class='ocrx_word' id='word_1_145' title='bbox 455 1619 536 1696; x_wconf 88' lang='lat' dir='ltr'><strong>qnod</strong></span> <span class='ocrx_word' id='word_1_146' title='bbox 556 1618 644 1678; x_wconf 91' lang='lat' dir='ltr'><strong>nobis</strong></span> <span class='ocrx_word' id='word_1_147' title='bbox 656 1637 696 1698; x_wconf 94' lang='lat' dir='ltr'><strong>po</strong></span> <span class='ocrx_word' id='word_1_148' title='bbox 721 1618 805 1687; x_wconf 79' lang='lat' dir='ltr'><strong>scitus</strong></span> <span class='ocrx_word' id='word_1_149' title='bbox 824 1627 878 1692; x_wconf 88' lang='lat' dir='ltr'><strong>est,</strong></span> <span class='ocrx_word' id='word_1_150' title='bbox 898 1629 986 1698; x_wconf 86' lang='lat' dir='ltr'><strong>atque</strong></span> <span class='ocrx_word' id='word_1_151' title='bbox 1006 1628 1039 1676; x_wconf 89' lang='lat' dir='ltr'><strong>ut</strong></span> <span class='ocrx_word' id='word_1_152' title='bbox 1057 1638 1161 1707; x_wconf 86' lang='lat' dir='ltr'><strong>preces</strong></span> <span class='ocrx_word' id='word_1_153' title='bbox 1180 1639 1240 1679; x_wconf 79' lang='lat' dir='ltr'><strong>no-</strong></span> 
     </span>
     <span class='ocr_line' id='line_1_17' title="bbox 68 1693 1239 1776; baseline 0.001 -21"><span class='ocrx_word' id='word_1_154' title='bbox 68 1707 150 1756; x_wconf 87' lang='lat' dir='ltr'><strong>strae</strong></span> <span class='ocrx_word' id='word_1_155' title='bbox 169 1694 321 1764; x_wconf 72' lang='lat' dir='ltr'><strong>restrictae</strong></span> <span class='ocrx_word' id='word_1_156' title='bbox 340 1695 457 1765; x_wconf 78' lang='lat' dir='ltr'><strong>suntad</strong></span> <span class='ocrx_word' id='word_1_157' title='bbox 477 1715 540 1754; x_wconf 90' lang='lat' dir='ltr'><strong>eam</strong></span> <span class='ocrx_word' id='word_1_158' title='bbox 562 1715 649 1773; x_wconf 85' lang='lat' dir='ltr'><strong>quam</strong></span> <span class='ocrx_word' id='word_1_159' title='bbox 670 1695 791 1759; x_wconf 78' lang='lat' dir='ltr'><strong>dietavit</strong></span> <span class='ocrx_word' id='word_1_160' title='bbox 800 1693 944 1776; x_wconf 81' lang='lat' dir='ltr'><strong>regulam.</strong></span> <span class='ocrx_word' id='word_1_161' title='bbox 957 1693 999 1754; x_wconf 83' lang='lat' dir='ltr'><strong>·si</strong></span> <span class='ocrx_word' id='word_1_162' title='bbox 1020 1715 1084 1774; x_wconf 76' lang='lat' dir='ltr'><strong>quus</strong></span> <span class='ocrx_word' id='word_1_163' title='bbox 1104 1694 1239 1772; x_wconf 73' lang='lat' dir='ltr'><strong>obiiciat,</strong></span> 
     </span>
     <span class='ocr_line' id='line_1_18' title="bbox 68 1769 1238 1861; baseline 0.003 -31"><span class='ocrx_word' id='word_1_164' title='bbox 68 1770 200 1832; x_wconf 79' lang='lat' dir='ltr'><strong>nescisse</strong></span> <span class='ocrx_word' id='word_1_165' title='bbox 220 1769 403 1850; x_wconf 74' lang='lat' dir='ltr'><strong>discipulos,</strong></span> <span class='ocrx_word' id='word_1_166' title='bbox 418 1791 455 1831; x_wconf 92' lang='lat' dir='ltr'><strong>an</strong></span> <span class='ocrx_word' id='word_1_167' title='bbox 476 1770 609 1830; x_wconf 83' lang='lat' dir='ltr'><strong>Domino</strong></span> <span class='ocrx_word' id='word_1_168' title='bbox 625 1769 761 1861; x_wconf 66' lang='lat' dir='ltr'><strong>,placeret</strong></span> <span class='ocrx_word' id='word_1_169' title='bbox 780 1771 938 1830; x_wconf 86' lang='lat' dir='ltr'><strong>lunaticum</strong></span> <span class='ocrx_word' id='word_1_170' title='bbox 958 1772 1070 1844; x_wconf 89' lang='lat' dir='ltr'><strong>sanari,</strong></span> <span class='ocrx_word' id='word_1_171' title='bbox 1098 1785 1238 1852; x_wconf 85' lang='lat' dir='ltr'><strong>prompta</strong></span> 
     </span>
     <span class='ocr_line' id='line_1_19' title="bbox 67 1845 1239 1930; baseline 0.001 -22"><span class='ocrx_word' id='word_1_172' title='bbox 67 1869 118 1908; x_wconf 88' lang='lat' dir='ltr'><strong>res</strong></span> <span class='ocrx_word' id='word_1_173' title='bbox 142 1845 228 1908; x_wconf 88' lang='lat' dir='ltr'><strong>ousio</strong></span> <span class='ocrx_word' id='word_1_174' title='bbox 249 1859 310 1920; x_wconf 85' lang='lat' dir='ltr'><strong>est,</strong></span> <span class='ocrx_word' id='word_1_175' title='bbox 328 1847 400 1908; x_wconf 86' lang='lat' dir='ltr'><strong>baec</strong></span> <span class='ocrx_word' id='word_1_176' title='bbox 420 1847 559 1908; x_wconf 86' lang='lat' dir='ltr'><strong>accidisse</strong></span> <span class='ocrx_word' id='word_1_177' title='bbox 579 1866 613 1907; x_wconf 82' lang='lat' dir='ltr'><strong>ex</strong></span> <span class='ocrx_word' id='word_1_178' title='bbox 634 1867 737 1908; x_wconf 88' lang='lat' dir='ltr'><strong>corum</strong></span> <span class='ocrx_word' id='word_1_179' title='bbox 757 1847 857 1928; x_wconf 86' lang='lat' dir='ltr'><strong>culpa:</strong></span> <span class='ocrx_word' id='word_1_180' title='bbox 878 1869 945 1908; x_wconf 89' lang='lat' dir='ltr'><strong>uam</strong></span> <span class='ocrx_word' id='word_1_181' title='bbox 966 1867 1020 1924; x_wconf 85' lang='lat' dir='ltr'><strong>pro</strong></span> <span class='ocrx_word' id='word_1_182' title='bbox 1045 1849 1088 1907; x_wconf 86' lang='lat' dir='ltr'><strong>rie</strong></span> <span class='ocrx_word' id='word_1_183' title='bbox 1108 1849 1145 1908; x_wconf 90' lang='lat' dir='ltr'><strong>dc</strong></span> <span class='ocrx_word' id='word_1_184' title='bbox 1169 1869 1239 1930; x_wconf 91' lang='lat' dir='ltr'><strong>spe-</strong></span> 
     </span>
     <span class='ocr_line' id='line_1_20' title="bbox 68 1867 1239 2006; baseline 0.001 -21"><span class='ocrx_word' id='word_1_185' title='bbox 68 1867 222 1986; x_wconf 59' lang='lat' dir='ltr'><strong>ciadide</strong></span> <span class='ocrx_word' id='word_1_186' title='bbox 238 1943 317 1984; x_wconf 86' lang='lat' dir='ltr'><strong>nnnc</strong></span> <span class='ocrx_word' id='word_1_187' title='bbox 337 1925 399 2005; x_wconf 83' lang='lat' dir='ltr'><strong>agit</strong></span> <span class='ocrx_word' id='word_1_188' title='bbox 415 1923 568 1999; x_wconf 79' lang='lat' dir='ltr'><strong>Christos,</strong></span> <span class='ocrx_word' id='word_1_189' title='bbox 589 1944 679 2004; x_wconf 88' lang='lat' dir='ltr'><strong>quac,</strong></span> <span class='ocrx_word' id='word_1_190' title='bbox 699 1936 790 2006; x_wconf 88' lang='lat' dir='ltr'><strong>prout</strong></span> <span class='ocrx_word' id='word_1_191' title='bbox 808 1945 855 1985; x_wconf 88' lang='lat' dir='ltr'><strong>res</strong></span> <span class='ocrx_word' id='word_1_192' title='bbox 875 1936 943 1985; x_wconf 91' lang='lat' dir='ltr'><strong>nata</strong></span> <span class='ocrx_word' id='word_1_193' title='bbox 964 1925 1026 1984; x_wconf 86' lang='lat' dir='ltr'><strong>sere</strong></span> <span class='ocrx_word' id='word_1_194' title='bbox 1066 1937 1094 1998; x_wconf 87' lang='lat' dir='ltr'><strong>t-,</strong></span> <span class='ocrx_word' id='word_1_195' title='bbox 1113 1945 1239 1986; x_wconf 82' lang='lat' dir='ltr'><strong>arcanos</strong></span> 
     </span>
     <span class='ocr_line' id='line_1_21' title="bbox 68 1999 1277 2086; baseline 0.002 -24"><span class='ocrx_word' id='word_1_196' title='bbox 68 1999 204 2063; x_wconf 83' lang='lat' dir='ltr'><strong>babebat</strong></span> <span class='ocrx_word' id='word_1_197' title='bbox 221 2000 382 2084; x_wconf 80' lang='lat' dir='ltr'><strong>instinctus.</strong></span> <span class='ocrx_word' id='word_1_198' title='bbox 402 2003 502 2081; x_wconf 78' lang='lat' dir='ltr'><strong>Atque</strong></span> <span class='ocrx_word' id='word_1_199' title='bbox 522 2001 596 2062; x_wconf 87' lang='lat' dir='ltr'><strong>baec</strong></span> <span class='ocrx_word' id='word_1_200' title='bbox 614 2002 693 2063; x_wconf 69' lang='lat' dir='ltr'><strong>fides.</strong></span> <span class='ocrx_word' id='word_1_201' title='bbox 707 2013 761 2076; x_wconf 79' lang='lat' dir='ltr'><strong>cst,</strong></span> <span class='ocrx_word' id='word_1_202' title='bbox 781 2002 861 2070; x_wconf 87' lang='lat' dir='ltr'><strong>cuius</strong></span> <span class='ocrx_word' id='word_1_203' title='bbox 880 2001 988 2064; x_wconf 88' lang='lat' dir='ltr'><strong>Paulus</strong></span> <span class='ocrx_word' id='word_1_204' title='bbox 1008 2002 1142 2064; x_wconf 84' lang='lat' dir='ltr'><strong>meminit</strong></span> <span class='ocrx_word' id='word_1_205' title='bbox 1152 2004 1237 2086; x_wconf 83' lang='lat' dir='ltr'><strong>prip-</strong></span> <span class='ocrx_word' id='word_1_206' title='bbox 1265 2047 1277 2071; x_wconf 40' lang='lat' dir='ltr'><strong>s</strong></span> 
     </span>
     <span class='ocr_line' id='line_1_22' title="bbox 10 2076 1237 2170; baseline 0 -32"><span class='ocrx_word' id='word_1_207' title='bbox 10 2091 14 2096; x_wconf 83' lang='grc'><strong>“</strong></span> <span class='ocrx_word' id='word_1_208' title='bbox 67 2079 110 2139; x_wconf 83' lang='lat' dir='ltr'><strong>ris</strong></span> <span class='ocrx_word' id='word_1_209' title='bbox 131 2076 169 2137; x_wconf 88' lang='lat' dir='ltr'><strong>ad</strong></span> <span class='ocrx_word' id='word_1_210' title='bbox 182 2076 354 2138; x_wconf 88' lang='lat' dir='ltr'><strong>Corinthios</strong></span> <span class='ocrx_word' id='word_1_211' title='bbox 374 2099 437 2158; x_wconf 77' lang='lat' dir='ltr'><strong>cap.</strong></span> <span class='ocrx_word' id='word_1_212' title='bbox 453 2085 501 2152; x_wconf 84' lang='lat'><strong>12,</strong></span> <span class='ocrx_word' id='word_1_213' title='bbox 520 2084 549 2141; x_wconf 76' lang='lat'><strong>2.</strong></span> <span class='ocrx_word' id='word_1_214' title='bbox 589 2079 677 2138; x_wconf 84' lang='lat' dir='ltr'><strong>Unde</strong></span> <span class='ocrx_word' id='word_1_215' title='bbox 697 2098 773 2170; x_wconf 69' lang='lat' dir='ltr'><strong>ergo</strong></span> <span class='ocrx_word' id='word_1_216' title='bbox 793 2077 902 2138; x_wconf 86' lang='lat' dir='ltr'><strong>suctum</strong></span> <span class='ocrx_word' id='word_1_217' title='bbox 922 2091 977 2152; x_wconf 80' lang='lat' dir='ltr'><strong>cst,</strong></span> <span class='ocrx_word' id='word_1_218' title='bbox 996 2089 1029 2138; x_wconf 92' lang='lat' dir='ltr'><strong>ut</strong></span> <span class='ocrx_word' id='word_1_219' title='bbox 1048 2080 1149 2138; x_wconf 89' lang='lat' dir='ltr'><strong>nudati</strong></span> <span class='ocrx_word' id='word_1_220' title='bbox 1170 2079 1237 2138; x_wconf 88' lang='lat' dir='ltr'><strong>lue-</strong></span> 
     </span>
     <span class='ocr_line' id='line_1_23' title="bbox 68 2153 1239 2234; baseline -0.001 -19"><span class='ocrx_word' id='word_1_221' title='bbox 68 2156 131 2215; x_wconf 91' lang='lat' dir='ltr'><strong>rint</strong></span> <span class='ocrx_word' id='word_1_222' title='bbox 139 2153 279 2234; x_wconf 76' lang='lat' dir='ltr'><strong>Apostoli</strong></span> <span class='ocrx_word' id='word_1_223' title='bbox 299 2153 426 2233; x_wconf 82' lang='lat' dir='ltr'><strong>Spiritus</strong></span> <span class='ocrx_word' id='word_1_224' title='bbox 443 2153 563 2228; x_wconf 68' lang='lat' dir='ltr'><strong>uirtute,</strong></span> <span class='ocrx_word' id='word_1_225' title='bbox 583 2175 669 2234; x_wconf 83' lang='lat' dir='ltr'><strong>qnam</strong></span> <span class='ocrx_word' id='word_1_226' title='bbox 690 2173 770 2234; x_wconf 85' lang='lat' dir='ltr'><strong>prrus</strong></span> <span class='ocrx_word' id='word_1_227' title='bbox 790 2155 1050 2234; x_wconf 76' lang='lat' dir='ltr'><strong>apprehenderant</strong></span> <span class='ocrx_word' id='word_1_228' title='bbox 1068 2154 1106 2214; x_wconf 89' lang='lat' dir='ltr'><strong>ad</strong></span> <span class='ocrx_word' id='word_1_229' title='bbox 1122 2155 1239 2214; x_wconf 63' lang='lat' dir='ltr'><strong>edendi</strong></span> 
     </span>
     <span class='ocr_line' id='line_1_24' title="bbox 67 2229 1237 2311; baseline -0.002 -19"><span class='ocrx_word' id='word_1_230' title='bbox 67 2230 211 2292; x_wconf 85' lang='lat' dir='ltr'><strong>miracula</strong></span> <span class='ocrx_word' id='word_1_231' title='bbox 240 2229 298 2290; x_wconf 86' lang='lat' dir='ltr'><strong>nisi</strong></span> <span class='ocrx_word' id='word_1_232' title='bbox 317 2231 399 2310; x_wconf 84' lang='lat' dir='ltr'><strong>quod</strong></span> <span class='ocrx_word' id='word_1_233' title='bbox 418 2249 468 2288; x_wconf 80' lang='lat' dir='ltr'><strong>sna</strong></span> <span class='ocrx_word' id='word_1_234' title='bbox 487 2229 604 2311; x_wconf 83' lang='lat' dir='ltr'><strong>ignavia</strong></span> <span class='ocrx_word' id='word_1_235' title='bbox 624 2249 688 2289; x_wconf 87' lang='lat' dir='ltr'><strong>eam</strong></span> <span class='ocrx_word' id='word_1_236' title='bbox 702 2229 906 2290; x_wconf 76' lang='lat' dir='ltr'><strong>suffocarunt?</strong></span> <span class='ocrx_word' id='word_1_237' title='bbox 925 2229 989 2294; x_wconf 85' lang='lat' dir='ltr'><strong>Sed</strong></span> <span class='ocrx_word' id='word_1_238' title='bbox 1029 2230 1088 2290; x_wconf 89' lang='lat' dir='ltr'><strong>nod</strong></span> <span class='ocrx_word' id='word_1_239' title='bbox 1109 2229 1147 2291; x_wconf 87' lang='lat' dir='ltr'><strong>de</strong></span> <span class='ocrx_word' id='word_1_240' title='bbox 1167 2251 1237 2311; x_wconf 89' lang='lat' dir='ltr'><strong>par-</strong></span> 
     </span>
     <span class='ocr_line' id='line_1_25' title="bbox 66 2249 1238 2395; baseline 0 -25"><span class='ocrx_word' id='word_1_241' title='bbox 66 2307 187 2375; x_wconf 81' lang='lat' dir='ltr'><strong>ticulari</strong></span> <span class='ocrx_word' id='word_1_242' title='bbox 206 2273 264 2379; x_wconf 65' lang='lat' dir='ltr'><strong>ide</strong></span> <span class='ocrx_word' id='word_1_243' title='bbox 284 2325 339 2395; x_wconf 79' lang='lat' dir='ltr'><strong>pro</strong></span> <span class='ocrx_word' id='word_1_244' title='bbox 361 2306 576 2366; x_wconf 86' lang='lat' dir='ltr'><strong>circumstantia</strong></span> <span class='ocrx_word' id='word_1_245' title='bbox 595 2305 656 2366; x_wconf 92' lang='lat' dir='ltr'><strong>loci</strong></span> <span class='ocrx_word' id='word_1_246' title='bbox 676 2306 813 2368; x_wconf 84' lang='lat' dir='ltr'><strong>disseruit</strong></span> <span class='ocrx_word' id='word_1_247' title='bbox 825 2305 972 2382; x_wconf 85' lang='lat' dir='ltr'><strong>Christus,</strong></span> <span class='ocrx_word' id='word_1_248' title='bbox 991 2249 1028 2366; x_wconf 78' lang='lat' dir='ltr'><strong>ad</strong></span> <span class='ocrx_word' id='word_1_249' title='bbox 1049 2326 1238 2370; x_wconf 83' lang='lat' dir='ltr'><strong>communem</strong></span> 
     </span>
     <span class='ocr_line' id='line_1_26' title="bbox 67 2381 635 2446; baseline -0.009 -2"><span class='ocrx_word' id='word_1_250' title='bbox 67 2385 161 2446; x_wconf 89' lang='lat' dir='ltr'><strong>totius</strong></span> <span class='ocrx_word' id='word_1_251' title='bbox 181 2383 333 2444; x_wconf 76' lang='lat' dir='ltr'><strong>Ecclesiae</strong></span> <span class='ocrx_word' id='word_1_252' title='bbox 353 2381 438 2442; x_wconf 85' lang='lat' dir='ltr'><strong>fidem</strong></span> <span class='ocrx_word' id='word_1_253' title='bbox 461 2381 635 2441; x_wconf 83' lang='lat' dir='ltr'><strong>extenditur.</strong></span> 
     </span>
    </p>

    <p class='ocr_par' dir='ltr' id='par_1_6' title="bbox 66 2455 1273 3000">
     <span class='ocr_line' id='line_1_27' title="bbox 145 2455 1237 2534; baseline 0.002 -16"><span class='ocrx_word' id='word_1_254' title='bbox 145 2465 196 2526; x_wconf 67' lang='grc' dir='ltr'><strong>Ἡ.</strong></span> <span class='ocrx_word' id='word_1_255' title='bbox 236 2458 307 2518; x_wconf 82' lang='lat' dir='ltr'><strong>Hoc</strong></span> <span class='ocrx_word' id='word_1_256' title='bbox 323 2479 416 2533; x_wconf 69' lang='lat' dir='ltr'><strong>gentse</strong></span> <span class='ocrx_word' id='word_1_257' title='bbox 432 2479 493 2517; x_wconf 77' lang='lat' dir='ltr'><strong>uon</strong></span> <span class='ocrx_word' id='word_1_258' title='bbox 510 2455 664 2534; x_wconf 76' lang='lat' dir='ltr'><strong>egreditur.</strong></span> <span class='ocrx_word' id='word_1_259' title='bbox 691 2457 754 2518; x_wconf 85' lang='lat' dir='ltr'><strong>lia&#39;c</strong></span> <span class='ocrx_word' id='word_1_260' title='bbox 773 2477 848 2517; x_wconf 80' lang='lat' dir='ltr'><strong>voce</strong></span> <span class='ocrx_word' id='word_1_261' title='bbox 869 2455 1003 2516; x_wconf 84' lang='lat' dir='ltr'><strong>Christus</strong></span> <span class='ocrx_word' id='word_1_262' title='bbox 1023 2457 1237 2520; x_wconf 86' lang='lat' dir='ltr'><strong>nonnullorum</strong></span> 
     </span>
     <span class='ocr_line' id='line_1_28' title="bbox 68 2533 1239 2630; baseline -0.003 -30"><span class='ocrx_word' id='word_1_263' title='bbox 68 2537 230 2630; x_wconf 71' lang='lat' dir='ltr'><strong>segnitiem</strong></span> <span class='ocrx_word' id='word_1_264' title='bbox 242 2535 424 2616; x_wconf 76' lang='lat' dir='ltr'><strong>perstrinxit,</strong></span> <span class='ocrx_word' id='word_1_265' title='bbox 442 2547 475 2596; x_wconf 87' lang='lat' dir='ltr'><strong>ut</strong></span> <span class='ocrx_word' id='word_1_266' title='bbox 484 2535 604 2610; x_wconf 84' lang='lat' dir='ltr'><strong>scirent,</strong></span> <span class='ocrx_word' id='word_1_267' title='bbox 623 2553 686 2594; x_wconf 90' lang='lat' dir='ltr'><strong>uon</strong></span> <span class='ocrx_word' id='word_1_268' title='bbox 696 2534 744 2597; x_wconf 74' lang='lat' dir='ltr'><strong>vul</strong></span> <span class='ocrx_word' id='word_1_269' title='bbox 767 2534 810 2594; x_wconf 88' lang='lat' dir='ltr'><strong>ari</strong></span> <span class='ocrx_word' id='word_1_270' title='bbox 823 2553 898 2613; x_wconf 92' lang='lat' dir='ltr'><strong>opus</strong></span> <span class='ocrx_word' id='word_1_271' title='bbox 911 2553 974 2592; x_wconf 86' lang='lat' dir='ltr'><strong>esse</strong></span> <span class='ocrx_word' id='word_1_272' title='bbox 985 2533 1060 2593; x_wconf 74' lang='lat' dir='ltr'><strong>fidos</strong></span> <span class='ocrx_word' id='word_1_273' title='bbox 1078 2555 1146 2594; x_wconf 84' lang='lat' dir='ltr'><strong>nam</strong></span> <span class='ocrx_word' id='word_1_274' title='bbox 1160 2535 1239 2612; x_wconf 77' lang='lat' dir='ltr'><strong>alio·¹</strong></span> 
     </span>
     <span class='ocr_line' id='line_1_29' title="bbox 68 2555 1235 2696; baseline 0 -22"><span class='ocrx_word' id='word_1_275' title='bbox 68 2637 122 2696; x_wconf 81' lang='lat' dir='ltr'><strong>qur</strong></span> <span class='ocrx_word' id='word_1_276' title='bbox 143 2613 278 2693; x_wconf 80' lang='lat' dir='ltr'><strong>excipere</strong></span> <span class='ocrx_word' id='word_1_277' title='bbox 297 2622 448 2692; x_wconf 88' lang='lat' dir='ltr'><strong>poterant,</strong></span> <span class='ocrx_word' id='word_1_278' title='bbox 468 2631 499 2672; x_wconf 91' lang='lat' dir='ltr'><strong>se</strong></span> <span class='ocrx_word' id='word_1_279' title='bbox 520 2632 601 2671; x_wconf 71' lang='lat' dir='ltr'><strong>non,</strong></span> <span class='ocrx_word' id='word_1_280' title='bbox 624 2631 722 2672; x_wconf 79' lang='lat' dir='ltr'><strong>torsus</strong></span> <span class='ocrx_word' id='word_1_281' title='bbox 742 2555 799 2672; x_wconf 73' lang='lat' dir='ltr'><strong>ine</strong></span> <span class='ocrx_word' id='word_1_282' title='bbox 820 2629 882 2670; x_wconf 86' lang='lat' dir='ltr'><strong>esse</strong></span> <span class='ocrx_word' id='word_1_283' title='bbox 894 2629 1009 2670; x_wconf 85' lang='lat' dir='ltr'><strong>vacuos.</strong></span> <span class='ocrx_word' id='word_1_284' title='bbox 1038 2610 1147 2672; x_wconf 84' lang='lat' dir='ltr'><strong>Sensus</strong></span> <span class='ocrx_word' id='word_1_285' title='bbox 1161 2632 1235 2694; x_wconf 66' lang='lat' dir='ltr'><strong>ergo</strong></span> 
     </span>
     <span class='ocr_line' id='line_1_30' title="bbox 67 2633 1236 2773; baseline -0.003 -21"><span class='ocrx_word' id='word_1_286' title='bbox 67 2703 125 2767; x_wconf 88' lang='lat' dir='ltr'><strong>est,</strong></span> <span class='ocrx_word' id='word_1_287' title='bbox 145 2709 208 2750; x_wconf 89' lang='lat' dir='ltr'><strong>non</strong></span> <span class='ocrx_word' id='word_1_288' title='bbox 228 2688 364 2749; x_wconf 85' lang='lat' dir='ltr'><strong>sulficere</strong></span> <span class='ocrx_word' id='word_1_289' title='bbox 385 2687 549 2770; x_wconf 85' lang='lat' dir='ltr'><strong>quamlibet</strong></span> <span class='ocrx_word' id='word_1_290' title='bbox 566 2633 669 2761; x_wconf 72' lang='lat' dir='ltr'><strong>naim,</strong></span> <span class='ocrx_word' id='word_1_291' title='bbox 699 2685 752 2748; x_wconf 91' lang='lat' dir='ltr'><strong>ubi</strong></span> <span class='ocrx_word' id='word_1_292' title='bbox 771 2685 850 2747; x_wconf 87' lang='lat' dir='ltr'><strong>serio</strong></span> <span class='ocrx_word' id='word_1_293' title='bbox 870 2684 1076 2773; x_wconf 42' lang='lat' dir='ltr'><strong>propiandum</strong></span> <span class='ocrx_word' id='word_1_294' title='bbox 1104 2699 1147 2747; x_wconf 90' lang='lat' dir='ltr'><strong>est</strong></span> <span class='ocrx_word' id='word_1_295' title='bbox 1169 2710 1236 2753; x_wconf 86' lang='lat' dir='ltr'><strong>cum</strong></span> 
     </span>
     <span class='ocr_line' id='line_1_31' title="bbox 68 2763 1235 2846; baseline -0.003 -18"><span class='ocrx_word' id='word_1_296' title='bbox 68 2769 200 2839; x_wconf 85' lang='lat' dir='ltr'><strong>Satana,</strong></span> <span class='ocrx_word' id='word_1_297' title='bbox 233 2765 284 2826; x_wconf 90' lang='lat' dir='ltr'><strong>sed</strong></span> <span class='ocrx_word' id='word_1_298' title='bbox 304 2765 415 2846; x_wconf 89' lang='lat' dir='ltr'><strong>requiri</strong></span> <span class='ocrx_word' id='word_1_299' title='bbox 435 2776 571 2824; x_wconf 88' lang='lat' dir='ltr'><strong>strenuos</strong></span> <span class='ocrx_word' id='word_1_300' title='bbox 591 2776 722 2826; x_wconf 88' lang='lat' dir='ltr'><strong>conatus.</strong></span> <span class='ocrx_word' id='word_1_301' title='bbox 761 2764 823 2824; x_wconf 89' lang='lat' dir='ltr'><strong>Lan</strong></span> <span class='ocrx_word' id='word_1_302' title='bbox 867 2763 1029 2824; x_wconf 77' lang='lat' dir='ltr'><strong>otiantem</strong></span> <span class='ocrx_word' id='word_1_303' title='bbox 1050 2763 1235 2824; x_wconf 77' lang='lat' dir='ltr'><strong>ideireme-</strong></span> 
     </span>
     <span class='ocr_line' id='line_1_32' title="bbox 68 2783 1273 2934; baseline -0.002 -30"><span class='ocrx_word' id='word_1_304' title='bbox 68 2846 150 2904; x_wconf 90' lang='lat' dir='ltr'><strong>dium</strong></span> <span class='ocrx_word' id='word_1_305' title='bbox 166 2840 345 2934; x_wconf 84' lang='lat' dir='ltr'><strong>prnesoribit</strong></span> <span class='ocrx_word' id='word_1_306' title='bbox 365 2841 548 2916; x_wconf 85' lang='lat' dir='ltr'><strong>orationem,</strong></span> <span class='ocrx_word' id='word_1_307' title='bbox 574 2840 622 2900; x_wconf 90' lang='lat' dir='ltr'><strong>cui</strong></span> <span class='ocrx_word' id='word_1_308' title='bbox 645 2841 789 2900; x_wconf 89' lang='lat' dir='ltr'><strong>ieiunium</strong></span> <span class='ocrx_word' id='word_1_309' title='bbox 813 2783 947 2923; x_wconf 63' lang='lat' dir='ltr'><strong>adiungit</strong></span> <span class='ocrx_word' id='word_1_310' title='bbox 972 2839 1141 2901; x_wconf 88' lang='lat' dir='ltr'><strong>adminiculi</strong></span> <span class='ocrx_word' id='word_1_311' title='bbox 1160 2841 1235 2901; x_wconf 79' lang='lat' dir='ltr'><strong>vice.</strong></span> <span class='ocrx_word' id='word_1_312' title='bbox 1266 2909 1273 2924; x_wconf 84' lang='lat'><strong>.</strong></span> 
     </span>
     <span class='ocr_line' id='line_1_33' title="bbox 66 2916 1236 3000; baseline -0.003 -18"><span class='ocrx_word' id='word_1_313' title='bbox 66 2923 145 2996; x_wconf 80' lang='lat' dir='ltr'><strong>Vos,</strong></span> <span class='ocrx_word' id='word_1_314' title='bbox 164 2919 270 3000; x_wconf 74' lang='lat' dir='ltr'><strong>iuquit,</strong></span> <span class='ocrx_word' id='word_1_315' title='bbox 289 2919 395 2979; x_wconf 90' lang='lat' dir='ltr'><strong>molles</strong></span> <span class='ocrx_word' id='word_1_316' title='bbox 415 2919 576 2990; x_wconf 80' lang='lat' dir='ltr'><strong>exorcistae</strong></span> <span class='ocrx_word' id='word_1_317' title='bbox 617 2918 678 2978; x_wconf 88' lang='lat' dir='ltr'><strong>nasi</strong></span> <span class='ocrx_word' id='word_1_318' title='bbox 698 2919 741 2980; x_wconf 88' lang='lat' dir='ltr'><strong>ad&#39;</strong></span> <span class='ocrx_word' id='word_1_319' title='bbox 753 2916 910 2980; x_wconf 87' lang='lat' dir='ltr'><strong>umbratile</strong></span> <span class='ocrx_word' id='word_1_320' title='bbox 930 2925 961 2978; x_wconf 90' lang='lat' dir='ltr'><strong>et</strong></span> <span class='ocrx_word' id='word_1_321' title='bbox 979 2916 1119 2981; x_wconf 89' lang='lat' dir='ltr'><strong>lusorium</strong></span> <span class='ocrx_word' id='word_1_322' title='bbox 1138 2929 1236 2979; x_wconf 87' lang='lat' dir='ltr'><strong>certa·</strong></span> 
     </span>
    </p>

    <p class='ocr_par' dir='ltr' id='par_1_7' title="bbox 39 2939 1361 3768">
     <span class='ocr_line' id='line_1_34' title="bbox 39 2939 1361 3080; baseline -0.003 -23"><span class='ocrx_word' id='word_1_323' title='bbox 39 3031 43 3043; x_wconf 92' lang='lat'><strong>·</strong></span> <span class='ocrx_word' id='word_1_324' title='bbox 67 3018 140 3058; x_wconf 90' lang='lat' dir='ltr'><strong>rnen</strong></span> <span class='ocrx_word' id='word_1_325' title='bbox 161 2995 352 3076; x_wconf 71' lang='lat' dir='ltr'><strong>descenditis:</strong></span> <span class='ocrx_word' id='word_1_326' title='bbox 385 2995 466 3076; x_wconf 83' lang='lat' dir='ltr'><strong>atqui</strong></span> <span class='ocrx_word' id='word_1_327' title='bbox 487 3016 553 3054; x_wconf 92' lang='lat' dir='ltr'><strong>cum</strong></span> <span class='ocrx_word' id='word_1_328' title='bbox 573 2939 670 3057; x_wconf 78' lang='lat' dir='ltr'><strong>vilido</strong></span> <span class='ocrx_word' id='word_1_329' title='bbox 690 2995 877 3080; x_wconf 82' lang='lat' dir='ltr'><strong>antagonista</strong></span> <span class='ocrx_word' id='word_1_330' title='bbox 897 2993 981 3056; x_wconf 78' lang='lat' dir='ltr'><strong>vobis</strong></span> <span class='ocrx_word' id='word_1_331' title='bbox 1007 3006 1051 3055; x_wconf 90' lang='lat' dir='ltr'><strong>est</strong></span> <span class='ocrx_word' id='word_1_332' title='bbox 1069 2995 1236 3080; x_wconf 81' lang='lat' dir='ltr'><strong>negotium,</strong></span> <span class='ocrx_word' id='word_1_333' title='bbox 1354 2983 1361 3006; x_wconf 88' lang='lat'>&#39;</span> 
     </span>
     <span class='ocr_line' id='line_1_35' title="bbox 67 3071 1235 3232; baseline -0.002 -22"><span class='ocrx_word' id='word_1_334' title='bbox 67 3071 334 3210; x_wconf 57' lang='lat' dir='ltr'><strong>ild‘idl&#39;lii</strong></span> <span class='ocrx_word' id='word_1_335' title='bbox 347 3071 1235 3232; x_wconf 52' lang='lat' dir='ltr'><strong>‘ttttitttbittitttnittt&#39;’Jttlgtt‘tt:</strong></span> 
     </span>
     <span class='ocr_line' id='line_1_36' title="bbox 68 3192 1235 3307; baseline -0.001 -20"><span class='ocrx_word' id='word_1_336' title='bbox 68 3227 177 3288; x_wconf 89' lang='lat' dir='ltr'><strong>cedere</strong></span> <span class='ocrx_word' id='word_1_337' title='bbox 197 3225 286 3286; x_wconf 88' lang='lat' dir='ltr'><strong>etiam</strong></span> <span class='ocrx_word' id='word_1_338' title='bbox 306 3192 435 3302; x_wconf 76' lang='lat' dir='ltr'><strong>debebat</strong></span> <span class='ocrx_word' id='word_1_339' title='bbox 453 3223 612 3285; x_wconf 89' lang='lat' dir='ltr'><strong>subsidium</strong></span> <span class='ocrx_word' id='word_1_340' title='bbox 626 3225 794 3286; x_wconf 86' lang='lat' dir='ltr'><strong>exiciunio.</strong></span> <span class='ocrx_word' id='word_1_341' title='bbox 815 3225 895 3286; x_wconf 87' lang='lat' dir='ltr'><strong>Hinc</strong></span> <span class='ocrx_word' id='word_1_342' title='bbox 906 3224 984 3286; x_wconf 82' lang='lat' dir='ltr'><strong>clare</strong></span> <span class='ocrx_word' id='word_1_343' title='bbox 995 3238 1128 3306; x_wconf 86' lang='lat' dir='ltr'><strong>apparet,</strong></span> <span class='ocrx_word' id='word_1_344' title='bbox 1148 3193 1235 3307; x_wconf 71' lang='lat' dir='ltr'><strong>duam</strong></span> 
     </span>
     <span class='ocr_line' id='line_1_37' title="bbox 67 3300 1237 3394; baseline 0 -32"><span class='ocrx_word' id='word_1_345' title='bbox 67 3300 195 3364; x_wconf 88' lang='lat' dir='ltr'><strong>ridicule</strong></span> <span class='ocrx_word' id='word_1_346' title='bbox 214 3301 351 3394; x_wconf 82' lang='lat' dir='ltr'><strong>Papistae</strong></span> <span class='ocrx_word' id='word_1_347' title='bbox 372 3301 537 3362; x_wconf 87' lang='lat' dir='ltr'><strong>antidotum</strong></span> <span class='ocrx_word' id='word_1_348' title='bbox 558 3302 589 3361; x_wconf 91' lang='lat' dir='ltr'><strong>in</strong></span> <span class='ocrx_word' id='word_1_349' title='bbox 609 3301 722 3361; x_wconf 90' lang='lat' dir='ltr'><strong>ieiunio</strong></span> <span class='ocrx_word' id='word_1_350' title='bbox 743 3302 923 3363; x_wconf 88' lang='lat' dir='ltr'><strong>constituant</strong></span> <span class='ocrx_word' id='word_1_351' title='bbox 943 3300 1079 3386; x_wconf 82' lang='lat' dir='ltr'><strong>iugandis</strong></span> <span class='ocrx_word' id='word_1_352' title='bbox 1099 3302 1237 3378; x_wconf 87' lang='lat' dir='ltr'><strong>diabolis,</strong></span> 
     </span>
     <span class='ocr_line' id='line_1_38' title="bbox 69 3377 1234 3460; baseline -0.001 -21"><span class='ocrx_word' id='word_1_353' title='bbox 69 3399 162 3460; x_wconf 87' lang='lat' dir='ltr'><strong>quum</strong></span> <span class='ocrx_word' id='word_1_354' title='bbox 176 3377 324 3439; x_wconf 77' lang='lat' dir='ltr'><strong>Dominus</strong></span> <span class='ocrx_word' id='word_1_355' title='bbox 344 3397 405 3438; x_wconf 91' lang='lat' dir='ltr'><strong>non</strong></span> <span class='ocrx_word' id='word_1_356' title='bbox 426 3377 484 3438; x_wconf 90' lang='lat' dir='ltr'><strong>alio</strong></span> <span class='ocrx_word' id='word_1_357' title='bbox 504 3378 617 3446; x_wconf 79' lang='lat' dir='ltr'><strong>referat</strong></span> <span class='ocrx_word' id='word_1_358' title='bbox 636 3399 722 3458; x_wconf 87' lang='lat' dir='ltr'><strong>quam</strong></span> <span class='ocrx_word' id='word_1_359' title='bbox 743 3379 779 3438; x_wconf 95' lang='lat' dir='ltr'><strong>ad</strong></span> <span class='ocrx_word' id='word_1_360' title='bbox 800 3379 963 3439; x_wconf 87' lang='lat' dir='ltr'><strong>acuendum</strong></span> <span class='ocrx_word' id='word_1_361' title='bbox 983 3378 1125 3459; x_wconf 87' lang='lat' dir='ltr'><strong>precandi</strong></span> <span class='ocrx_word' id='word_1_362' title='bbox 1145 3379 1234 3438; x_wconf 88' lang='lat' dir='ltr'><strong>ardo-</strong></span> 
     </span>
     <span class='ocr_line' id='line_1_39' title="bbox 67 3453 1236 3546; baseline -0.004 -30"><span class='ocrx_word' id='word_1_363' title='bbox 67 3477 143 3516; x_wconf 85' lang='lat' dir='ltr'><strong>rem.</strong></span> <span class='ocrx_word' id='word_1_364' title='bbox 183 3455 285 3546; x_wconf 74' lang='lat' dir='ltr'><strong>Quum</strong></span> <span class='ocrx_word' id='word_1_365' title='bbox 310 3465 531 3546; x_wconf 27' lang='lat' dir='ltr'><strong>autemtge&#39;uus</strong></span> <span class='ocrx_word' id='word_1_366' title='bbox 556 3453 629 3514; x_wconf 89' lang='lat' dir='ltr'><strong>illud</strong></span> <span class='ocrx_word' id='word_1_367' title='bbox 656 3455 807 3546; x_wconf 72' lang='lat' dir='ltr'><strong>daemonii</strong></span> <span class='ocrx_word' id='word_1_368' title='bbox 830 3455 915 3516; x_wconf 88' lang='lat' dir='ltr'><strong>aliter</strong></span> <span class='ocrx_word' id='word_1_369' title='bbox 941 3455 1008 3546; x_wconf 75' lang='lat' dir='ltr'><strong>eiici</strong></span> <span class='ocrx_word' id='word_1_370' title='bbox 1031 3475 1119 3546; x_wconf 77' lang='lat' dir='ltr'><strong>posse</strong></span> <span class='ocrx_word' id='word_1_371' title='bbox 1144 3463 1236 3533; x_wconf 86' lang='lat' dir='ltr'><strong>negat</strong></span> 
     </span>
     <span class='ocr_line' id='line_1_40' title="bbox 68 3530 1236 3689; baseline -0.006 -20"><span class='ocrx_word' id='word_1_372' title='bbox 68 3530 1236 3689; x_wconf 67' lang='lat' dir='ltr'><strong>tt&#39;t..t¹.t⁶:¹tt.‘tt‘.¹t¹.¹¹tstttt³tt‘.t¹&#39;¹.?l.²:t‘tt¹ttt.s²¹,¹tiitt:</strong></span> 
     </span>
     <span class='ocr_line' id='line_1_41' title="bbox 69 3681 1233 3768; baseline -0.008 -20"><span class='ocrx_word' id='word_1_373' title='bbox 69 3685 222 3749; x_wconf 82' lang='lat' dir='ltr'><strong>difficilem</strong></span> <span class='ocrx_word' id='word_1_374' title='bbox 242 3705 305 3747; x_wconf 86' lang='lat' dir='ltr'><strong>esse</strong></span> <span class='ocrx_word' id='word_1_375' title='bbox 326 3697 356 3746; x_wconf 90' lang='lat' dir='ltr'><strong>et</strong></span> <span class='ocrx_word' id='word_1_376' title='bbox 376 3685 495 3748; x_wconf 83' lang='lat' dir='ltr'><strong>arduam</strong></span> <span class='ocrx_word' id='word_1_377' title='bbox 505 3684 670 3762; x_wconf 86' lang='lat' dir='ltr'><strong>victoriam,</strong></span> <span class='ocrx_word' id='word_1_378' title='bbox 688 3685 817 3766; x_wconf 91' lang='lat' dir='ltr'><strong>ideoque</strong></span> <span class='ocrx_word' id='word_1_379' title='bbox 828 3685 900 3747; x_wconf 87' lang='lat' dir='ltr'><strong>totis</strong></span> <span class='ocrx_word' id='word_1_380' title='bbox 912 3683 1023 3746; x_wconf 84' lang='lat' dir='ltr'><strong>viribus</strong></span> <span class='ocrx_word' id='word_1_381' title='bbox 1031 3681 1233 3768; x_wconf 81' lang='lat' dir='ltr'><strong>pugnandum.</strong></span> 
     </span>
    </p>
   </div>
   <div class='ocr_carea' id='block_1_6' title="bbox 64 3932 1236 4444">
    <p class='ocr_par' dir='ltr' id='par_1_8' title="bbox 64 3932 1236 4444">
     <span class='ocr_line' id='line_1_42' title="bbox 152 3932 1236 4022; baseline -0.006 -18"><span class='ocrx_word' id='word_1_382' title='bbox 152 3935 260 4018; x_wconf 80' lang='lat'><strong>(147.)</strong></span> <span class='ocrx_word' id='word_1_383' title='bbox 302 3933 477 4002; x_wconf 80' lang='grc' dir='ltr'><strong>ΜΑΤΤΗ.</strong></span> <span class='ocrx_word' id='word_1_384' title='bbox 504 3932 607 4000; x_wconf 82' lang='lat' dir='ltr'><strong>xvtt</strong></span> <span class='ocrx_word' id='word_1_385' title='bbox 667 3935 720 4000; x_wconf 76' lang='lat'><strong>22</strong></span> <span class='ocrx_word' id='word_1_386' title='bbox 749 3933 861 4022; x_wconf 87' lang='lat' dir='ltr'><strong>Quum</strong></span> <span class='ocrx_word' id='word_1_387' title='bbox 896 3941 1001 4000; x_wconf 83' lang='lat' dir='ltr'><strong>entem</strong></span> <span class='ocrx_word' id='word_1_388' title='bbox 1027 3939 1236 3998; x_wconf 81' lang='lat' dir='ltr'><strong>versarentur</strong></span> 
     </span>
     <span class='ocr_line' id='line_1_43' title="bbox 68 4033 1234 4118; baseline -0.005 -13"><span class='ocrx_word' id='word_1_389' title='bbox 68 4043 102 4108; x_wconf 88' lang='lat' dir='ltr'><strong>in</strong></span> <span class='ocrx_word' id='word_1_390' title='bbox 125 4037 291 4118; x_wconf 82' lang='lat' dir='ltr'><strong>Galilaea,</strong></span> <span class='ocrx_word' id='word_1_391' title='bbox 320 4039 400 4108; x_wconf 83' lang='lat' dir='ltr'><strong>dixit</strong></span> <span class='ocrx_word' id='word_1_392' title='bbox 419 4036 485 4104; x_wconf 85' lang='lat' dir='ltr'><strong>illis</strong></span> <span class='ocrx_word' id='word_1_393' title='bbox 505 4037 611 4117; x_wconf 85' lang='lat' dir='ltr'><strong>lesus,</strong></span> <span class='ocrx_word' id='word_1_394' title='bbox 642 4039 797 4106; x_wconf 84' lang='lat' dir='ltr'><strong>Futurum</strong></span> <span class='ocrx_word' id='word_1_395' title='bbox 820 4047 881 4115; x_wconf 88' lang='lat' dir='ltr'><strong>est,</strong></span> <span class='ocrx_word' id='word_1_396' title='bbox 913 4045 949 4101; x_wconf 93' lang='lat' dir='ltr'><strong>ut</strong></span> <span class='ocrx_word' id='word_1_397' title='bbox 969 4033 1073 4100; x_wconf 85' lang='lat' dir='ltr'><strong>Filius</strong></span> <span class='ocrx_word' id='word_1_398' title='bbox 1093 4033 1234 4101; x_wconf 83' lang='lat' dir='ltr'><strong>bominis</strong></span> 
     </span>
     <span class='ocr_line' id='line_1_44' title="bbox 66 4139 1232 4232; baseline -0.004 -22"><span class='ocrx_word' id='word_1_399' title='bbox 66 4144 214 4210; x_wconf 85' lang='lat' dir='ltr'><strong>tradatur</strong></span> <span class='ocrx_word' id='word_1_400' title='bbox 234 4144 268 4209; x_wconf 87' lang='lat' dir='ltr'><strong>in</strong></span> <span class='ocrx_word' id='word_1_401' title='bbox 290 4163 401 4210; x_wconf 87' lang='lat' dir='ltr'><strong>manus</strong></span> <span class='ocrx_word' id='word_1_402' title='bbox 421 4142 596 4208; x_wconf 88' lang='lat' dir='ltr'><strong>bominum.</strong></span> <span class='ocrx_word' id='word_1_403' title='bbox 636 4143 688 4208; x_wconf 57' lang='grc' dir='ltr'><em>Β</em></span> <span class='ocrx_word' id='word_1_404' title='bbox 719 4143 761 4232; x_wconf 81' lang='lat' dir='ltr'><strong>Et</strong></span> <span class='ocrx_word' id='word_1_405' title='bbox 782 4139 934 4208; x_wconf 83' lang='lat' dir='ltr'><strong>occident</strong></span> <span class='ocrx_word' id='word_1_406' title='bbox 956 4157 1042 4218; x_wconf 86' lang='lat' dir='ltr'><strong>eum,</strong></span> <span class='ocrx_word' id='word_1_407' title='bbox 1071 4159 1110 4204; x_wconf 85' lang='lat' dir='ltr'><strong>nc</strong></span> <span class='ocrx_word' id='word_1_408' title='bbox 1135 4140 1232 4205; x_wconf 86' lang='lat' dir='ltr'><strong>tertio</strong></span> 
     </span>
     <span class='ocr_line' id='line_1_45' title="bbox 66 4241 1233 4334; baseline -0.007 -20"><span class='ocrx_word' id='word_1_409' title='bbox 66 4247 122 4314; x_wconf 84' lang='lat' dir='ltr'><strong>die</strong></span> <span class='ocrx_word' id='word_1_410' title='bbox 149 4258 306 4332; x_wconf 72' lang='lat' dir='ltr'><strong>resurget</strong></span> <span class='ocrx_word' id='word_1_411' title='bbox 346 4245 392 4313; x_wconf 89' lang='lat' dir='ltr'><strong>Et</strong></span> <span class='ocrx_word' id='word_1_412' title='bbox 423 4264 575 4313; x_wconf 86' lang='lat' dir='ltr'><strong>moerore</strong></span> <span class='ocrx_word' id='word_1_413' title='bbox 608 4241 718 4312; x_wconf 83' lang='lat' dir='ltr'><strong>nifcoti</strong></span> <span class='ocrx_word' id='word_1_414' title='bbox 753 4253 828 4312; x_wconf 89' lang='lat' dir='ltr'><strong>suut</strong></span> <span class='ocrx_word' id='word_1_415' title='bbox 858 4241 1075 4309; x_wconf 83' lang='lat' dir='ltr'><strong>vehementer.</strong></span> <span class='ocrx_word' id='word_1_416' title='bbox 1105 4241 1233 4334; x_wconf 62' lang='lat' dir='ltr'><strong>tvm.</strong></span> 
     </span>
     <span class='ocr_line' id='line_1_46' title="bbox 64 4343 1232 4444; baseline -0.006 -26"><span class='ocrx_word' id='word_1_417' title='bbox 64 4353 95 4418; x_wconf 90' lang='lat'><strong>1.</strong></span> <span class='ocrx_word' id='word_1_418' title='bbox 124 4352 165 4425; x_wconf 87' lang='lat' dir='ltr'><strong>lu</strong></span> <span class='ocrx_word' id='word_1_419' title='bbox 190 4348 256 4444; x_wconf 70' lang='lat' dir='ltr'><strong>⁴illo</strong></span> <span class='ocrx_word' id='word_1_420' title='bbox 282 4360 428 4440; x_wconf 84' lang='lat' dir='ltr'><strong>temporo</strong></span> <span class='ocrx_word' id='word_1_421' title='bbox 455 4357 662 4420; x_wconf 71' lang='lat' dir='ltr'><strong>scemenum</strong></span> <span class='ocrx_word' id='word_1_422' title='bbox 681 4344 832 4435; x_wconf 73' lang='lat' dir='ltr'><strong>discipuli</strong></span> <span class='ocrx_word' id='word_1_423' title='bbox 857 4343 901 4414; x_wconf 82' lang='lat' dir='ltr'><strong>sd</strong></span> <span class='ocrx_word' id='word_1_424' title='bbox 920 4345 1042 4430; x_wconf 85' lang='lat' dir='ltr'><strong>lesum,</strong></span> <span class='ocrx_word' id='word_1_425' title='bbox 1076 4345 1232 4421; x_wconf 83' lang='lat' dir='ltr'><strong>dicentes.</strong></span> 
     </span>
    </p>
   </div>
   <div class='ocr_carea' id='block_1_7' title="bbox 0 0 1394 4838">
    <p class='ocr_par' dir='ltr' id='par_1_9' title="bbox 0 0 1394 4838">
     <span class='ocr_line' id='line_1_47' title="bbox 0 0 1394 4838; baseline 0 1"><span class='ocrx_word' id='word_1_426' title='bbox 0 0 1394 4838; x_wconf 95' lang='lat' dir='ltr'><strong> </strong></span> 
     </span>
    </p>
   </div>
  </div>
 </body>
</html>
