2768 4834
179 241 237 304 ,ω
638 228 791 324 semro
812 231 870 302 vt,

178 389 246 450 mit:
275 405 332 450 noc
352 386 424 450 ve'ro
445 387 503 448 hoc
521 383 658 456 inaliam
678 407 765 466 quam
790 385 879 465 ipsius
898 400 1055 476 personam
1069 381 1215 465 'quadran
1246 384 1323 444 Do-

179 465 265 528 cnisti
282 466 314 524 in
334 464 438 546 plateis
457 463 575 527 nostris.
615 463 764 524 Tenemus
783 483 861 522 nunc
878 482 941 522 erus
958 459 1123 535 consilium,
1142 482 1182 522 ne
1199 459 1325 529 scilicet

65 593 72 611 χ
178 541 281 679 lqplaei
299 562 351 602 sna
370 540 553 623 negligentia
572 560 659 621 quam
678 551 808 621 ,possunt
830 537 953 612 salutem
973 538 1116 618 consequi
1140 537 1198 601 sibi
1217 537 1322 599 inter-

178 619 205 680 οἰ
228 639 277 678 ere
300 617 407 678 sinant.
833 629 842 654 t

181 729 192 734 ··
254 700 302 760 28.
344 693 440 776 (laum
467 693 595 754 videritis
622 689 787 754 Atratum.
837 691 938 766 Quum
967 690 1070 752 Iudaei
1101 689 1175 750 nibil
1205 691 1323 751 sanctis

179 771 310 852 patribus
330 769 423 830 simile
436 770 586 830 babentes
607 790 711 830 eorum
730 781 828 828 umen
850 769 966 850 origine
986 765 1093 828 frustra
1113 767 1322 847 superbirent,

177 869 235 910 nec
254 847 410 926 quicquam
429 847 520 928 magis
540 847 598 907 illis
617 847 718 905 tritum
738 845 819 928 leret⁸
836 866 922 924 quarn
938 843 1090 908 Ecclesiae
1110 841 1198 904 titulo
1220 843 1321 920 abuti,

179 923 314 984 Christus
342 923 388 982 hic
411 923 527 985 turbam
558 923 753 1004 degenerem,
793 942 868 1001 quae
888 943 905 982 a
926 931 1041 1001 patrum
1068 920 1126 982 fide
1151 933 1181 980 et
1200 921 1320 1001 pietate

178 1001 325 1074 discessit,
354 1019 485 1082 aregno
505 999 564 1060 Dei
590 1011 756 1060 extraneam
781 1019 843 1058 esse
862 1009 994 1060 testatam.
1033 998 1077 1056 Ae
1102 997 1203 1058 subest
1221 999 1319 1059 tacita

178 1077 359 1160 obiurgatio,
380 1078 459 1156 quod
479 1097 541 1136 non
562 1077 670 1156 potius,
691 1077 741 1154 qui
761 1075 948 1156 quaerendae
968 1071 1068 1134 salutis
1088 1074 1186 1134 socios
1199 1071 1318 1136 babere

178 1154 315 1233 eupiunt,
335 1151 488 1226 Abrahae,
507 1153 665 1245 Prophetis
686 1164 717 1212 et
734 1151 841 1213 sanctis
861 1151 993 1231 patribus
1013 1171 1045 1211 se
1065 1170 1230 1234 aggregare
1249 1165 1318 1212 stu-

177 1230 277 1304 deant,
317 1250 383 1288 uam
399 1229 636 1309 circumspiceret
655 1229 692 1288 ad
703 1249 771 1290 snos
783 1228 930 1309 aequales,
971 1228 1000 1287 ui
1012 1226 1048 1286 ab
1062 1247 1164 1286 eorum
1176 1229 1318 1309 exemplo

176 1307 283 1387 procul
296 1249 414 1385 delapsi
433 1305 551 1365 fuerant
571 1307 607 1366 ad
626 1305 794 1366 innumeras
814 1248 1011 1396 corruptelam
1027 1303 1098 1394 ¹acsi
1118 1303 1246 1379 diceret,
1278 1305 1317 1366 si

176 1405 256 1444 nunc
275 1403 331 1462 per
350 1395 502 1464 angustam
529 1395 645 1462 portam
666 1381 833 1473 intraqene
856 1381 962 1518 ligrtis,
988 1400 1056 1460 quaa
1075 1401 1128 1440 vos
1149 1381 1317 1444 errantium

176 1459 334 1520 multitudo
354 1458 499 1532 retardat,
525 1479 561 1518 an
581 1479 645 1520 nou
663 1459 768 1519 videtu
787 1480 803 1519 a
846 1460 880 1518 de
893 1459 953 1517 inm
974 1455 1079 1518 ordine
1098 1475 1151 1516 vos
1170 1460 1317 1537 separari,

177 1537 245 1596 dum
271 1535 339 1596 estis
362 1535 401 1594 im
424 1534 497 1596 liciti
522 1535 698 1597 incredulis?
737 1534 859 1609 Quodsi
886 1555 965 1594 nuuc
994 1533 1077 1594 vobis
1109 1531 1215 1594 oculos
1241 1557 1316 1616 per-

175 1613 296 1694 stringit
319 1557 422 1672 muudi
445 1624 593 1692 aspectus,
622 1609 684 1673 dics
712 1613 831 1680 ultimus
856 1612 931 1672 banc
950 1610 1117 1671 socordiam
1136 1631 1204 1672 sero
1224 1613 1316 1675 vobis

176 1690 295 1749 enimet:
322 1699 392 1748 tune
413 1687 490 1747 enim
510 1688 624 1763 scietis,
636 1707 702 1754 ⁴vos
721 1709 788 1749 cum
806 1686 947 1748 similibus
967 1687 1057 1748 vestri
1076 1685 1189 1746 alienos
1210 1708 1275 1750 esse
1295 1711 1315 1752 a

175 1761 365 1846 Deiregno,
384 1785 441 1824 nec
461 1764 615 1843 quicquam
635 1764 719 1825 vobis
739 1784 895 1825 commune
915 1784 977 1824 esse
997 1783 1063 1824 cum
1082 1761 1241 1824 Abraham.
1289 1762 1295 1777 '

251 1847 300 1904 29.
342 1839 468 1899 Veniatia
485 1839 524 1899 ab
541 1845 657 1910 mimate.
695 1840 953 1921 Ampliltcatioest
972 1861 1007 1902 ex
1027 1861 1064 1900 eo
1083 1852 1209 1920 sumpta,
1230 1844 1314 1922 quod

175 1917 291 1978 Iudaeis
312 1915 469 1990 abdicatis,
490 1917 540 1996 qui
559 1937 590 1976 se
611 1916 755 1996 putabant
773 1917 852 1977 solos
873 1916 1022 1999 legitimos
1043 1937 1105 1992 esse
1124 1916 1185 1978 Dei
1206 1919 1314 1980 baere-

176 1994 243 2068 des‚
262 1993 294 2052 in
315 2011 418 2052 eorum
438 1993 536 2052 locum
557 1992 671 2054 Gentes
691 1994 749 2054 sint
768 2016 781 2055 s
803 1993 990 2075 hrogandae,
1012 2005 1045 2053 ut
1062 1994 1151 2054 vitam
1170 1993 1314 2058 Abrahae

176 2083 208 2131 et
226 2069 331 2151 generi
357 2069 417 2129 eius
443 2064 614 2150 promissam
635 2017 802 2130 ottinsand
840 2071 955 2132 Gentes
974 2083 1072 2130 autem
1092 2069 1148 2130 illis
1169 2074 1314 2152 opponit,

175 2157 209 2206 nt
227 2157 327 2206 sancta
347 2145 593 2238 zelotypia'ipsos
613 2148 649 2207 ad
670 2145 757 2208 fidem
774 2146 955 2226 exstimuletr
973 2147 1219 2227 quemadmodum
1230 2149 1314 2210 Pau-

174 2224 220 2284 lus
240 2224 297 2283 boc
313 2222 469 2284 artinisterri
488 2244 533 2282 em
553 2223 642 2284 decus
662 2223 728 2285 fore
747 2224 867 2299 scribit,
897 2224 922 2284 si
949 2245 1023 2304 quos
1044 2245 1079 2285 ex
1098 2235 1187 2307 gente
1206 2225 1258 2286 sud
1280 2239 1314 2288 et

173 2321 225 2360 san
268 2299 318 2359 ine
338 2300 374 2359 ad
393 2299 482 2360 talem
501 2299 727 2366 aemulationem
747 2312 892 2382 provocet
912 2299 1013 2379 (Rom.
1026 2309 1078 2374 11,
1098 2301 1170 2376 Μ).
1207 2303 1313 2390 Atque

173 2377 216 2436 ita
251 2376 361 2438 udaeos
386 2377 480 2460 pungi
501 2383 622 2438 necesse
649 2389 728 2456 erat,
759 2398 848 2459 quum
873 2377 930 2438 sibi
956 2376 1020 2456 plus
1044 2377 1136 2438 nimio
1156 2378 1312 2470 placentes

173 2453 272 2513 Deum
293 2473 358 2512 cum
378 2453 436 2512 suis
463 2453 548 2512 donis
568 2453 696 2532 superbe
716 2466 951 2516 contemnerent
991 2454 1053 2516 Sed
1073 2475 1214 2535 quomam
1234 2457 1311 2518 baec

171 2530 321 2621 [sententia
338 2529 429 2621 paulo
449 2529 642 2611 post'iterum
662 2544 799 2592 occurret
817 2531 895 2611 apud
914 2531 1110 2608 Matthaeus,
1142 2553 1224 2598 nune
1243 2555 1311 2595 eam

196 2627 288 2668 arctus
309 2618 381 2666 attan
407 2626 434 2667 o.
614 2665 619 2670 .
1257 2616 1261 2624 '
1377 2615 1378 2620 ’

174 2627 194 2688 p
248 2689 295 2749 30.
333 2626 413 2744 Beda
429 2697 496 2744 suot
509 2687 658 2759 postrenri.
696 2683 805 2746 Iisdem
835 2681 933 2744 verbis
955 2685 1071 2766 saepius
1104 2703 1188 2746 usum
1212 2687 1311 2761 desisse

130 2773 138 2785 '
174 2759 324 2821 Christum
343 2759 415 2820 alibi
433 2759 612 2834 videbimus,
639 2759 759 2822 diverso
783 2773 882 2821 manen
907 2781 1002 2822 sensu.
1047 2764 1115 2824 Hoc
1142 2763 1211 2824 loco
1232 2765 1311 2826 nibil

172 2836 253 2897 alind
270 2835 380 2910 voluit,
405 2857 491 2927 quam
517 2835 636 2896 inanem
655 2836 686 2895 in
707 2837 822 2899 Iudaeis
843 2839 1052 2910 confidentiam
1072 2840 1219 2916 deiicere,
1247 2843 1310 2922 qui,

173 2933 262 2992 quum
282 2912 453 2991 posthabito
474 2909 589 2991 reliquo
609 2914 720 2972 mundo
741 2911 877 2976 diviuitds
899 2915 985 2975 electi
1005 2928 1112 2992 essent,
1132 2918 1186 2977 bac
1207 2917 1307 3000 digni-
1377 2959 1378 2962 =

172 2999 234 3048 tate
255 2988 323 3047 sreti
342 2989 440 3048 Deum
459 2987 516 3048 sibi
537 2988 618 3068 quasi
637 2989 810 3052 obstrictum
830 2991 993 3075 fingebant.
1031 2993 1096 3054 Hae
1115 2995 1233 3054 ratione
1253 2999 1309 3056 de-

172 3063 289 3124 nuntiat
307 3063 364 3123 illis
377 3062 520 3139 Christus,
540 3065 623 3125 brevi
641 3068 809 3128 mutandam
822 3089 883 3140 esse
903 3080 1076 3144 sortem-nt
1117 3081 1210 3146 entes,
1230 3093 1309 3152 quae

171 3152 243 3200 tunc
262 3139 429 3202 reiecticiae
450 3141 548 3218 erant,
577 3142 707 3223 priorem
738 3143 895 3208 obtineant
917 3145 1056 3228 gradum,
1100 3147 1187 3207 udaei
1208 3160 1307 3210 autem

169 3217 366 3352 1⁴lgqnpresno
391 3215 518 3298 abdicati
542 3237 581 3279 ne
606 3231 788 3300 postremum
814 3225 933 3306 quidem
959 3222 1099 3306 angulum
1124 3236 1250 3287 teneant
1273 3225 1306 3286 in

199 3315 231 3354 cc
244 3313 311 3354 esra.

211 3451 295 3532 (67.)
335 3451 506 3518 ΜΑΤΤΗ,
536 3455 607 3518 Vll.
650 3455 700 3522 15.
736 3453 861 3521 Cavete
887 3475 968 3520 vero
993 3455 1091 3522 vobis
1115 3480 1133 3522 a
1161 3461 1307 3544 pseudo-

105 3569 110 3590 ·
168 3551 348 3639 prophetis,
384 3557 440 3640 qui
455 3557 596 3620 ueniunt
618 3554 659 3620 ad
678 3577 738 3620 ros
759 3559 793 3620 in
813 3555 932 3620 vestitu
953 3560 1076 3635 ovium,
1110 3557 1170 3624 sed
1192 3561 1307 3626 intrin-
1377 3641 1378 3646 γ

168 3675 262 3719 secus
283 3664 358 3719 sunt
378 3653 447 3740 lupi
468 3677 610 3741 rapaces.
652 3657 702 3721 16.
731 3657 760 3722 Α
787 3654 944 3721 fructibus
966 3679 1078 3723 eorum
1100 3665 1305 3746 cognoscetis
1377 3647 1378 3686 ³

139 3776 234 3838 ,eos
277 3753 443 3842 Numquid
472 3755 628 3842 colligunt
655 3755 698 3821 de
729 3759 829 3843 spinis
865 3779 972 3835 nram,
1015 3769 1070 3823 aut
1101 3759 1143 3824 de
1176 3762 1306 3852 tribalis
1377 3749 1378 3756 ἵ

112 3918 115 3929 ,
167 3854 270 3920 ficus?
312 3857 361 3920 17.
384 3855 563 3930 Sio‘omnis
584 3854 682 3922 arbor
703 3855 791 3924 bona
811 3859 933 3924 fructus
953 3857 1060 3925 bonos
1082 3859 1170 3938 lacit,
1201 3864 1306 3948 putris

167 3965 273 4020 autem
297 3954 395 4022 arbor
415 3957 537 4022 lructus
558 3953 659 4025 malos
681 3957 765 4024 lacit.
809 3960 859 4026 18.
882 3959 959 4026 Non
981 3961 1200 4048 potestarbor
1213 3961 1304 4030 bona

68 4071 77 4092 ’
166 4054 559 4140 fruetusnraloslaeere,
592 4079 699 4145 neque
729 4057 827 4124 arbor
853 4061 954 4145 putris
979 4061 1101 4126 fructus
1129 4061 1238 4130 bonos
1259 4065 1305 4130 la-

163 4175 251 4218 cere.
287 4156 342 4219 ts.
363 4155 478 4223 Omnis
501 4157 609 4238 arbor,
631 4181 715 4246 quae
735 4181 802 4226 non
825 4159 902 4224 lacit
922 4159 1060 4226 fructum
1082 4161 1205 4231 bonum
1218 4169 1304 4231 cxci·
1377 4153 1378 4158 ἵ

166 4253 265 4334 ditur,
303 4267 335 4320 et
360 4259 395 4322 iu
424 4261 529 4345 ignem
558 4262 735 4328 coniicitur.
778 4263 830 4328 20.
857 4261 954 4348 lgitur
976 4283 1015 4328 ex
1036 4262 1195 4332 fructibus
1216 4269 1303 4353 ipso-

163 4368 235 4422 rum
254 4361 457 4443 cognoscetis
478 4381 543 4426 eos.
634 4408 638 4416 ,
