2768 4834
208 221 273 289 144Δ
660 211 813 278 steno
834 215 888 277 VI.
956 159 965 182 =
1180 313 1188 356 t

208 381 357 434 sectaret
386 391 421 432 ea
444 371 574 434 novitas:
604 369 662 431 iam
691 379 816 430 testatur
840 369 991 444 Christus,
1024 366 1099 428 adeo
1130 366 1244 428 nullum
1275 389 1348 432 esse

231 449 363 511 octrinae
387 469 456 508 suae
485 469 550 509 crm
574 447 655 530 Lege
685 447 848 524 dissidium,
877 458 911 506 ut
938 444 1049 526 optime
1080 445 1247 504 consentiat
1272 469 1346 506 cum

210 527 292 608 Lege
310 537 341 586 et
351 523 519 604 Prophetis,
539 543 635 603 neque
648 523 676 584 id
696 524 803 597 modo,
822 523 874 583 scd
893 533 926 582 ut
944 521 1070 596 solidum
1090 521 1348 602 complementum

208 602 324 664 aflerat.
367 599 489 661 Duabus
509 612 605 660 autem
630 600 751 659 maxime
772 601 862 659 causis
888 600 1028 660 adductus
1052 597 1139 658 fuisse
1165 598 1284 658 videtur
1305 601 1346 659 ad

207 679 374 740 testandum
393 677 470 772 hunc
489 676 531 736 Le
555 676 577 736 is
602 688 633 736 et
649 675 805 758 Evangelii
829 697 1013 736 consensum.
1059 673 1187 734 Simulat
1213 677 1346 758 emergit

210 777 287 815 nova
308 754 404 832 aliqua
424 754 520 813 doeen
542 776 552 812 ι
571 753 664 828 ratio,
688 753 718 811 id
737 751 861 832 perinde
886 753 991 836 vulgus
1011 749 1129 830 arripit,
1156 751 1214 811 acsi
1238 773 1345 812 rerum

210 831 341 893 omnium
368 829 523 890 conversio
549 828 645 890 fieret:
671 828 735 888 talis
761 839 856 902 autem
884 839 948 887 erat
974 826 1129 908 Evangelii
1154 829 1343 907 praedicatio

208 907 308 986 (sicuti
328 927 425 985 nuper
442 905 552 987 attigi),
571 917 604 964 ut
623 927 703 986 spem
724 905 837 964 laceret
855 904 941 964 aliter
953 903 1176 964 constituendae
1188 904 1345 966 Ecclesiae

232 1005 297 1042 uam
322 983 402 1062 prius
426 982 532 1042 suerat
581 981 731 1040 Putabant
755 981 847 1062 igitur
868 993 951 1041 vetus
983 992 1013 1039 et
1038 979 1173 1039 usitatum
1204 982 1343 1061 regimen

209 1005 332 1120 dhaoleri.
372 1060 459 1135 Quae
481 1058 583 1139 opinio
603 1058 700 1117 multis
719 1057 814 1118 modis
833 1057 916 1117 valde
930 1058 1016 1117 noxia
1029 1067 1105 1116 erat:
1120 1057 1168 1146 pii
1188 1059 1266 1117 enim
1279 1057 1344 1118 Dei

209 1136 337 1218 cultores
363 1157 512 1215 nunquam
531 1132 724 1216 Evangelium
750 1133 875 1213 amplexi
902 1143 1012 1207 essent,
1036 1132 1061 1192 si
1087 1131 1189 1192 luisset
1212 1155 1228 1196 a
1252 1135 1342 1214 Lege

209 1213 356 1286 delectio,
385 1211 463 1272 leves
488 1221 585 1272 autem
613 1222 643 1270 et
667 1209 829 1270 turbulenti
855 1210 981 1292 Spiritus
1006 1229 1075 1268 ansa
1100 1220 1215 1288 arrepta
1241 1221 1343 1270 totum

207 1288 363 1370 religionis
389 1300 495 1348 statum
520 1286 687 1348 convellere
709 1287 813 1366 cupide
839 1286 954 1368 aggresi
981 1297 1090 1345 essent:
1115 1285 1222 1346 scimus
1247 1287 1343 1362 enim,

208 1387 296 1446 quam
316 1375 455 1445 proterve
476 1364 506 1424 in
528 1363 615 1424 rebus
635 1363 720 1424 novis
741 1363 864 1424 exsultet
882 1361 1040 1422 temeritas.
1084 1360 1131 1420 dd
1154 1361 1225 1422 haee
1247 1362 1341 1424 Chri-

207 1453 268 1504 stus
287 1441 446 1522 plerosque
466 1463 500 1501 ex
519 1439 651 1514 Iudaeis,
674 1439 790 1501 tametsi
811 1439 1027 1520 profitebantur
1051 1459 1083 1500 se
1102 1437 1177 1520 Legi
1203 1441 1341 1516 credere,

205 1517 328 1580 videbat
346 1531 444 1577 tamen
465 1517 606 1598 profanos
628 1537 690 1577 esse
710 1537 744 1576 ac
764 1517 941 1598 degeneres:
961 1516 1003 1575 sic
1023 1515 1102 1574 enim
1121 1535 1168 1575 res
1188 1515 1341 1596 collapsae

208 1607 293 1657 erant
312 1594 342 1652 in
363 1595 477 1674 populo
497 1593 567 1667 illo,
586 1593 673 1652 tantis
694 1613 781 1652 corru
805 1593 868 1654 telis
887 1593 997 1654 referta
1019 1603 1103 1650 erant
1123 1593 1238 1668 omnia,
1258 1595 1339 1654 adeo

229 1693 310 1731 uram
330 1671 482 1730 doctrinae
500 1669 597 1728 lucem
616 1689 667 1729 sua
686 1613 822 1728 socordia
842 1669 889 1730 vel
909 1668 1017 1728 malitia
1035 1669 1228 1728 exstinxerant
1236 1691 1339 1729 saeer-

207 1693 309 1820 dotes,
334 1757 368 1805 ut
394 1766 456 1805 non
475 1766 581 1826 magua
606 1745 727 1826 amplius
748 1745 835 1827 Legis
859 1747 1025 1806 reverentia
1050 1745 1172 1838 vigeret.
1218 1747 1340 1822 Quodsi

207 1825 327 1885 allatum
354 1821 456 1882 luisset
480 1841 575 1887 novae
600 1821 752 1880 doctrinae
777 1843 884 1902 genus,
914 1824 994 1902 quod
1020 1822 1063 1882 Le
1087 1847 1095 1882 1
1122 1834 1152 1881 et
1176 1820 1340 1903 Prophetis

207 1901 295 1960 fidem
315 1897 485 1980 abrogaret,
503 1898 608 1959 misere
628 1917 768 1958 concussa
788 1899 888 1958 suisset
897 1899 1012 1980 religio.
1052 1843 1133 1958 llaec
1150 1899 1233 1979 prior
1252 1899 1340 1958 vide-

104 2009 113 2020 ·
204 1989 256 2036 tur
280 1974 367 2036 luisse
391 1974 482 2047 ratio,
510 1995 562 2035 cur
585 1985 711 2056 negaret
736 1972 884 2051 Christus,
908 1997 940 2034 se
964 1975 1078 2036 venisse
1104 1973 1139 2034 ad
1163 1975 1338 2038 solvendam

205 2053 334 2135 Legem:
359 2051 439 2130 quod
464 2050 535 2111 licet
554 2071 588 2111 ex
608 2061 745 2110 contextu
770 2052 856 2112 etiam
884 2051 1033 2132 colligere.
1077 2053 1151 2112 Nam
1177 2052 1340 2112 confirma-

204 2129 296 2189 tionis
315 2127 379 2189 vice
398 2148 466 2187 mox
480 2127 609 2200 subiicit,
628 2126 692 2186 fieri
713 2147 774 2186 non
794 2149 881 2209 posse
902 2140 934 2188 ut
952 2129 999 2187 vel
1020 2151 1093 2188 unus
1113 2148 1185 2208 apex
1206 2149 1240 2188 ex
1251 2129 1339 2220 Lege

206 2206 336 2278 excidat,
361 2215 393 2264 et
416 2225 467 2277 eos
487 2204 625 2264 doctores
644 2203 807 2280 maledicit,
833 2205 883 2284 qui
908 2225 969 2264 uon
995 2204 1122 2264 fideliter
1146 2205 1284 2264 laborant
1304 2229 1337 2266 ιη

206 2281 268 2342 eius
294 2282 470 2342 auctoritate
490 2281 653 2340 asserenda.
697 2280 833 2340 Secunda
854 2295 949 2342 autem
970 2283 1045 2340 ratio
1067 2282 1137 2358 luit,
1162 2293 1195 2340 ut
1214 2303 1337 2362 pravam

206 2357 380 2439 calumniam
401 2357 543 2433 dilueret,
564 2376 671 2437 quase
693 2358 769 2437 apud
790 2358 922 2419 rudiores
941 2367 973 2416 'et
992 2359 1109 2440 ignaros
1130 2358 1244 2442 gravari
1263 2381 1337 2420 sen-

204 2435 312 2504 tiebat:
345 2433 421 2512 hanc
446 2434 523 2494 enim
550 2446 650 2493 notam
678 2434 738 2495 eius
764 2435 915 2494 doctrinae
940 2433 1063 2493 inustam
1094 2457 1109 2494 a
1135 2433 1237 2496 scribis
1263 2435 1336 2496 inde

205 2523 341 2648 apparet,
366 2512 446 2590 quod
470 2509 567 2572 statim
594 2510 624 2570 in
648 2509 728 2646 ipsos
748 2511 903 2570 invehitur.
951 2511 1018 2570 Hoc
1040 2509 1149 2572 Christi
1177 2511 1337 2574 consilium

203 2609 244 2648 no
269 2589 291 2650 is
310 2590 471 2648 tenendum
490 2599 544 2661 est,
564 2587 644 2666 quod
674 2587 782 2648 ndaeos
803 2587 842 2646 ita
861 2585 964 2646 invitat
983 2598 1014 2647 et
1032 2586 1166 2647 hortatur
1185 2587 1220 2647 ad
1240 2591 1337 2649 susci-

203 2665 346 2756 piendum
365 2664 575 2756 Evangelium,
599 2674 632 2722 ut
649 2675 747 2723 tamen
768 2663 895 2723 retineat
913 2664 943 2720 in
963 2662 1052 2746 Legis
1073 2657 1255 2725 ob‘edientia:
1280 2667 1336 2726 de-

202 2742 273 2803 inde
294 2743 374 2821 quod
393 2741 516 2822 indigna
536 2741 647 2873 probra
667 2751 698 2798 et
717 2738 873 2798 calumnias
893 2729 1142 2814 sortiterrelellit,
1163 2740 1267 2820 quibus
1279 2763 1337 2801 co-

203 2817 266 2876 nati
286 2828 371 2878 eraut
390 2817 488 2878 hostes
507 2815 538 2874 in
553 2835 647 2874 amem
666 2815 712 2874 vel
731 2837 777 2874 sus
802 2827 894 2875 cctam
916 2815 977 2875 eius
993 2815 1242 2896 praedicationem
1262 2821 1335 2878 red-

204 2895 285 2954 dere.
322 2893 398 2951 Nam
418 2891 442 2950 si
462 2911 508 2952 res
519 2891 669 2970 dissipatas
687 2892 718 2949 in
738 2913 767 2950 m
798 2892 840 2952 ius
852 2891 1006 2952 restituere
1019 2895 1130 2953 animus
1141 2906 1194 2970 est,
1213 2915 1273 2954 sem
1299 2917 1335 2956 cr

203 2968 370 3029 adhibenda
390 2978 435 3027 est
453 2969 526 3028 haec
549 2967 705 3047 prudentia
725 2980 756 3028 et
773 2967 955 3041 moderatio,
980 2982 1013 3029 ut
1032 2983 1174 3052 agnoscat
1194 2919 1334 3051 populhs,

203 3049 266 3103 noh
286 3043 415 3104 convelli
434 3057 595 3136 propterea
614 3056 765 3104 aeternum
784 3045 843 3103 Dei
862 3044 998 3121 verbum,
1023 3067 1078 3106 nee
1097 3047 1193 3130 ingeri
1213 3049 1333 3110 novita-

202 3131 264 3180 tem
287 3140 362 3256 guae
382 3121 552 3200 Scripturae
572 3119 713 3203 deroget,
738 3142 776 3181 ne
804 3141 861 3201 qua
880 3124 1093 3204 repugnantiae
1118 3123 1244 3204 suspicio
1263 3126 1333 3216 pio-

202 3217 267 3256 nrm
313 3196 379 3256 dem
403 3197 579 3270 labefactet,
605 3217 638 3257 ae
658 3219 697 3258 ne
717 3197 894 3258 insolescant
918 3200 1066 3259 temerarii
1085 3200 1218 3261 homines
1243 3223 1335 3261 novr-

202 3273 270 3332 tatis
290 3285 455 3354 praetextu:
481 3273 608 3352 denique
629 3287 662 3334 ut
680 3275 808 3354 profano
828 3273 911 3334 verbi
930 3275 989 3334 Dei
1010 3277 1191 3357 contemptui
1212 3275 1333 3338 obviam

203 3361 301 3423 eatur,
337 3370 434 3429 neque
465 3350 542 3432 apud
571 3349 706 3412 indoctos
737 3351 856 3412 vilescat
887 3351 1001 3434 religio.
1054 3350 1201 3414 Defensio
1232 3365 1332 3414 autem

203 3424 324 3500 Christi,
343 3446 399 3505 qua
419 3427 583 3486 doctrinam
602 3449 682 3488 suam
702 3439 818 3510 purgat,
838 3427 967 3486 animare
988 3449 1042 3488 nos
1063 3429 1169 3504 debet,
1194 3429 1218 3488 si
1240 3431 1332 3491 hodie

201 3502 246 3562 bis
288 3513 397 3562 atemus
417 3503 576 3564 calumniis.
621 3503 780 3564 Obiectum
808 3503 894 3564 etiam
915 3503 1008 3564 l'aulo
1035 3504 1091 3565 suit
1110 3507 1185 3567 istud
1207 3507 1333 3584 crimen,

201 3523 285 3670 quod
302 3591 434 3659 apostata
456 3591 531 3640 esset
550 3601 564 3640 a
586 3579 667 3662 Lege
678 3579 736 3640 Dei
755 3581 836 3660 (Act
852 3586 903 3654 21,
912 3585 988 3654 21.):
1009 3602 1098 3660 quare
1119 3583 1191 3642 nihil
1212 3584 1334 3661 mirum,

199 3677 224 3714 sr
250 3677 284 3716 ex
309 3657 415 3716 codem
439 3656 581 3740 figmento
606 3657 746 3716 invidiam
771 3656 858 3716 nobis
883 3657 1023 3718 conflare
1038 3659 1157 3718 student
1181 3659 1332 3750 Papistae.

198 3731 343 3868 Exemplo
363 3745 459 3793 autem
475 3731 585 3796 Christi
605 3733 675 3794 falsa
696 3732 817 3792 crlmina
838 3731 949 3794 diluere
969 3735 1120 3810 convenit:
1141 3735 1262 3796 interim
1282 3748 1331 3796 ta-

198 3831 267 3870 men
298 3808 379 3870 rbere
421 3809 565 3870 rofitenda
586 3821 629 3870 est
647 3811 763 3884 veritas,
784 3809 913 3890 quamvis
933 3809 1199 3870 obtrectationibus
1213 3813 1331 3874 iniustis

198 3885 336 3946 obnoxia.
413 3907 451 3946 on
469 3889 533 3945 ueni
554 3901 586 3948 ut
604 3884 757 3946 destruerem.
808 3885 962 3946 Pollicitus
986 3887 1105 3966 quidem
1130 3887 1227 3948 fuerat
1246 3889 1331 3950 Deus

197 3982 306 4022 novum
327 3962 430 4022 foedus
452 3961 563 4022 Christi
583 3963 724 4037 adventu,
750 3963 802 4023 sed
826 3961 911 4022 simul
932 3964 1114 4038 ostenderat,
1141 3963 1261 4026 minime
1282 3967 1330 4026 di-

197 4057 312 4096 versum
338 4037 403 4098 sure
429 4037 577 4118 apriano,
603 4039 674 4117 quin
700 4038 797 4118 potius
824 4039 901 4099 hunc
929 4059 991 4100 esse
1017 4039 1122 4113 linem,
1150 4054 1184 4100 ut
1208 4041 1330 4118 foedus,

115 4165 119 4182 ,
199 4113 279 4189 quod
298 4113 334 4172 ab
355 4113 440 4173 initio
461 4115 616 4196 pepigerat
636 4115 779 4188 cumsuis,
800 4113 829 4174 in
850 4127 1026 4197 perpetuum
1038 4117 1175 4177 sanciret.
1216 4117 1327 4178 Inscri-

197 4187 281 4261 bam,
302 4187 331 4246 in
356 4190 413 4266 nit,
432 4189 526 4270 Leges
546 4211 624 4252 meas
646 4191 677 4250 in
697 4193 786 4252 corda
807 4191 951 4270 ipsorum,
976 4205 1007 4252 et
1025 4203 1144 4271 peccata
1166 4192 1327 4254 obliviscar

197 4262 317 4351 (Iercm,
335 4210 392 4337 31,
415 4271 493 4341 33.):
519 4265 563 4328 his
587 4266 694 4328 verbis:
711 4267 786 4328 adeo
806 4288 867 4327 non
888 4268 1011 4328 discedit
1035 4289 1050 4326 a
1077 4268 1170 4348 priori
1191 4269 1328 4347 foedere,

198 4348 230 4400 ut
250 4349 347 4418 potrus
368 4341 532 4422 denuntiet,
551 4341 655 4406 stabile
669 4344 784 4408 demum
804 4342 876 4404 illud
896 4363 929 4405 ac
940 4355 1034 4406 ratum
1054 4343 1130 4424 lore,
1150 4343 1327 4410 rutinorum
