2778 4838
368 199 557 334 (tw-tbi.
595 243 717 314 lbannis
736 251 887 338 baptistae
906 253 987 330 ner.)
1051 337 1060 380 ἱ
1210 259 1249 321 67

171 405 280 488 (tao.)
300 407 472 476 ΜΑΤΤΗ.
485 410 571 475 XIV.
592 409 622 477 3.
634 409 717 476 Nam
730 409 882 477 llerodes
895 418 1026 497 caperat
1036 410 1198 488 loannem,
1216 419 1249 476 et

84 511 248 590 vinxerat,
269 520 302 577 et
323 525 477 599 posuerat
495 516 530 580 iu
551 535 681 580 carcere
700 525 836 603 propter
855 511 1249 593 Herodiadem„uxorem

84 612 231 704 Philippi
251 613 359 681 fratria
380 619 438 682 sui.
482 623 511 681 4.
538 613 693 684 Dicebat·
706 618 792 682 enim
820 615 871 683 illi
890 619 1046 697 loannes,
1075 617 1153 684 Non
1173 615 1250 683 licet

84 715 146 784 tibi
168 716 293 784 babere
315 740 393 785 eam.
435 721 465 785 5.
487 721 530 786 Et
549 743 646 808 quum
669 717 770 785 vellet
790 742 862 787 eum
884 720 1052 801 occidere,
1085 718 1250 786 metuebat

83 820 340 901 multitudinem,
375 835 549 911 propterea
584 821 673 912 quorl
706 820 796 890 illum
827 845 889 892 con
921 824 1115 912 Prophetanr
1150 821 1250 890 balre-

82 925 174 992 bant.
215 929 246 992 o.
281 925 390 1011 Quum
420 938 525 994 autem
554 924 776 992 celebraretur
802 929 916 996 natalis
936 929 1095 1007 Herodis,
1123 924 1251 991 saltavit

84 1029 152 1096 tilia
180 1029 381 1095 Herodiadis
407 1034 439 1096 in
469 1032 593 1110 medio,
626 1039 659 1095 ct
679 1028 800 1116 placuit
820 1031 957 1100 Herodi.
998 1035 1028 1099 7.
1057 1030 1155 1096 Unde
1178 1049 1250 1093 cum

82 1131 297 1200 iureiurando
324 1131 488 1218 pollicitus
515 1148 577 1213 est,
619 1155 655 1200 sc
683 1121 829 1200 daturum
856 1134 906 1201 illi
932 1133 1088 1224 quicquid
1114 1141 1248 1221 peteret.

82 1236 113 1302 8
143 1237 189 1302 At
208 1233 267 1302 illa
288 1237 379 1322 prius
399 1239 555 1302 instructa
576 1258 594 1302 a
615 1247 717 1302 matre
742 1255 815 1312 sua,
845 1235 899 1304 Da
921 1239 1013 1318 mihi,
1047 1240 1167 1325 inquit,
1196 1234 1249 1300 hic
1327 1299 1330 1305 .

84 1341 117 1404 in
139 1339 251 1426 patina
272 1347 370 1424 caput
389 1341 520 1408 loannis
541 1341 715 1427 Baptistae.
756 1337 787 1402 9.
813 1337 856 1404 Et
875 1340 1018 1410 indoluit
1038 1363 1111 1408 rex:
1141 1349 1249 1405 tamen

83 1455 221 1530 propter
248 1442 485 1520 iusimandum,
525 1455 557 1508 ct
585 1463 643 1510 eos
671 1439 731 1528 bui
764 1437 858 1506 simul
894 1442 1128 1512 accumbebant
1159 1443 1250 1508 iussit

83 1546 166 1612 dari.
233 1548 288 1614 tu
330 1545 501 1634 Misitqoe,
543 1557 576 1613 et
618 1544 794 1613 decollavit
834 1543 989 1611 loannem
1030 1549 1064 1614 in
1109 1564 1249 1611 carcere.

83 1651 136 1717 11.
166 1649 209 1716 Et
237 1647 367 1716 allatum
396 1661 445 1717 est
472 1661 569 1736 caput
595 1652 665 1716 eius
691 1650 726 1714 in
752 1649 876 1734 patina,
908 1647 1082 1737 datumque
1109 1645 1250 1737 puellae,

82 1763 118 1821 et
142 1751 204 1819 illa
229 1751 349 1820 obtulit
376 1758 471 1822 matri
496 1774 584 1821 suae.
625 1751 675 1818 12
705 1751 747 1818 Et
774 1764 981 1820 accesserunt
1007 1751 1157 1841 discipuli
1179 1753 1250 1818 cius

83 1867 116 1924 et
135 1855 338 1923 sustulemnt
359 1849 492 1946 corpus,
513 1879 551 1921 ac
572 1855 771 1942 sepelierunt
791 1853 889 1931 illud,
910 1851 1124 1944 abieruntque
1145 1868 1179 1920 et
1199 1877 1251 1922 re·

82 1963 316 2028 nuntiaverunt
335 1961 417 2028 lesu.

165 2211 307 2284 MARC.
329 2213 384 2278 Vl.
428 2212 478 2278 17.
508 2211 590 2276 Nam
611 2211 682 2292 ipse
704 2207 856 2274 Herodes
884 2214 1028 2291 miserat,
1065 2223 1098 2280 et
1118 2221 1250 2298 ceperat

80 2316 253 2396 loannem,
293 2317 502 2402 vinxeratque
536 2333 609 2380 eum
637 2316 672 2378 iu
699 2333 831 2376 carcere
858 2325 993 2398 psopter
1018 2313 1250 2380 Herodiodem

83 2441 216 2487 uxorem
258 2415 402 2508 Philippi
444 2421 549 2484 fratris
591 2417 656 2494 sui,
699 2417 774 2501 quia
817 2413 954 2481 duxerat
996 2438 1065 2482 eam
1108 2439 1248 2500 uxorem.

82 2525 132 2590 18.
151 2520 296 2590 Dicebat
317 2525 403 2590 enim
427 2522 567 2589 loannes
588 2517 730 2594 Herodi,
750 2516 826 2588 lion
847 2515 926 2584 licet
944 2515 1004 2584 tibi
1025 2517 1147 2587 habero
1170 2543 1250 2588 oxu

80 2647 149 2692 rem
178 2625 285 2692 fratris
311 2629 367 2691 tui.
412 2627 461 2692 to.
497 2595 659 2696 Herodias
687 2630 791 2684 autom
826 2617 1039 2684 insidiabatur
1064 2620 1130 2700 illi,
1158 2622 1249 2706 vole,-
1277 2646 1282 2663 ¹

81 2728 204 2816 batque
227 2752 299 2796 cum
323 2729 489 2808 occidere,
510 2751 573 2796 nec
593 2735 729 2816 poterat.
770 2724 820 2788 20.
848 2719 1000 2789 Herodes
1022 2723 1106 2790 anim
1129 2735 1249 2790 metue-

81 2831 138 2900 bat
159 2836 328 2911 loannem,
356 2835 461 2898 sciens
484 2853 557 2898 eum
578 2833 680 2896 vinem
702 2832 818 2894 iustum
841 2847 878 2890 ac
898 2833 1056 2905 sanctum,
1084 2838 1116 2892 et
1138 2826 1249 2900 ohser-

80 2935 180 3004 vabat
208 2958 297 3014 urm,
339 2931 515 3022 auditoque
551 2953 593 3000 co
624 2929 722 3001 multa
749 2926 904 3008 iaciebat,
942 2941 975 2994 et
1003 2927 1144 2996 libenter
1175 2953 1264 2998 eum·

81 3039 246 3111 audiebat.
308 3039 360 3104 21.
403 3037 446 3104 Et
474 3053 572 3125 quum
601 3035 671 3103 dics
699 3041 903 3120 opportunus
925 3031 1107 3113 accidisset,
1150 3019 1248 3123 quum

81 3145 235 3230 lleroples
262 3145 295 3209 in
324 3140 480 3209 natalitiis
509 3143 575 3206 orris
604 3161 740 3208 coenam
770 3137 894 3202 laceret
920 3129 1109 3222 primatibus
1136 3159 1174 3202 ac
1195 3141 1250 3204 tri-

78 3249 194 3329 bunis,
223 3258 256 3312 et
276 3243 473 3336 primoribus
492 3243 679 3311 Galilaeae:
720 3241 770 3332 22.
798 3237 974 3326 Quumque
995 3240 1249 3312 introisset'filia

79 3356 181 3439 ipsius
202 3347 417 3427 Herodiadis,
448 3371 487 3413 ac
506 3345 666 3426 saltasset,
686 3344 925 3431 placuissetque
946 3342 1072 3410 Herodi
1095 3368 1134 3412 ac
1155 3343 1249 3414 simul

80 3453 363 3532 accumbentibus,
394 3472 451 3518 rex
473 3455 517 3516 nit
538 3447 685 3538 puellae,
717 3449 796 3513 Pete
818 3467 837 3512 a
856 3467 907 3512 me
928 3448 1072 3534 quidvis,
1107 3459 1139 3513 et
1160 3445 1248 3516 dabo

3 3623 5 3630 ,
78 3557 148 3624 tibi.
191 3559 241 3624 22
273 3557 315 3624 Et
342 3559 459 3622 iuravit
484 3554 548 3636 illi,
582 3552 748 3642 Quicquid
770 3573 789 3616 a
810 3571 860 3616 me
888 3553 1031 3637 petieris,
1065 3550 1151 3616 dabo
1179 3547 1250 3630 tibi,

78 3683 183 3750 usque
213 3662 255 3729 ad
282 3660 450 3730 dimidium
476 3661 569 3746 regni
590 3661 662 3726 mei.
703 3657 755 3724 24.
788 3653 831 3723 At
858 3649 916 3720 illa
937 3673 1068 3739 egressa
1087 3651 1164 3717 dixit
1185 3673 1250 3718 ma-

77 3769 119 3830 tri
140 3787 236 3847 snae,
270 3766 511 3856 Quid‘petam?
544 3761 603 3828 llla
623 3785 704 3830 vcro
719 3760 823 3838 dixit,
854 3755 964 3842 Caput
991 3757 1121 3822 loannis
1141 3757 1250 3839 Bapti-

79 3877 159 3936 stae.
202 3867 254 3936 25.
281 3871 324 3938 Et
346 3875 488 3956 ingressa
515 3869 619 3933 statim
647 3857 719 3932 cum
741 3863 948 3930 festinatione
979 3857 1019 3924 ad
1041 3879 1164 3944 rogero,
1194 3878 1250 3942 pc·

79 3976 131 4041 tiit
152 3971 282 4051 dicens,
308 3971 419 4051 Volo,
445 3981 481 4036 ut
507 3973 656 4057 protinus
684 3969 743 4038 des
764 3967 842 4034 mihi
867 3963 902 4030 in
922 3961 1018 4028 lance
1041 3977 1137 4047 caput
1157 3967 1250 4030 loan-

76 4079 129 4143 nis
156 4078 333 4165 Baptistae.
382 4075 434 4140 26.
466 4075 509 4140 Et
537 4069 655 4142 dolore
685 4074 821 4140 allectus
854 4089 909 4133 rex
934 4076 1069 4153 propter
1092 4071 1251 4134 iusiuran-

77 4179 171 4262 dum,
208 4187 331 4266 eo'squc
365 4182 424 4266 qui
451 4177 547 4244 simul
574 4173 823 4254 accumbebant,
841 4167 963 4254 ¹noluit
999 4191 1068 4235 eam
1103 4171 1249 4235 reiicere.

76 4285 130 4350 27.
166 4285 338 4370 blissuque
359 4282 530 4350 confestim
553 4265 765 4366 spiculatore,
795 4277 885 4341 iussit
911 4273 1027 4342 inierri
1048 4285 1143 4360 caput
1166 4277 1250 4340 eius:

78 4384 137 4453 ille
165 4407 247 4452 vcro
275 4385 369 4465 abiit,
403 4397 435 4452 et
462 4381 638 4452 decollavit
667 4405 740 4448 cum
764 4383 799 4446 in
820 4398 958 4446 carcerc.
993 4379 1052 4524 ᾖ.
1077 4379 1118 4442 Et
1147 4377 1251 4441 attulit
