2768 4834
447 209 584 308 omno
603 259 640 308 n«
660 259 788 312 norm.
1069 327 1080 341 ι
1124 253 1181 318 aas
1294 311 1297 320 ,

48 399 159 464 tientes
191 407 331 486 propter
362 421 432 466 maz
477 401 527 470 12
565 403 716 478 Gaudete
750 377 796 472 et'
816 400 988 470 exsultate:
1029 407 1180 492 quoniam

46 521 162 565 merces
188 513 302 566 vestra
328 501 428 568 multa
456 514 504 568 est
529 506 563 570 in
584 505 701 572 coelis:
730 509 778 571 sio
799 507 883 570 enim
904 508 1092 592 persequuti
1112 505 1182 572 fuo-

46 602 330 688 runtaPropbetas,
352 606 409 689 qui
430 601 561 670 luerunt
580 617 653 672 ante
675 627 742 672 vos.

119 735 232 804 LUC.
250 735 315 802 xill.
362 739 414 804 20.
444 738 486 804 Et
512 743 582 826 ipse
609 739 760 806 attollens
788 738 902 805 oculos
927 759 1005 804 suos
1031 739 1065 804 iu
1087 737 1183 803 disci·

47 832 149 917 pulos,
186 835 351 916 discebat,
385 839 477 903 Beati
503 861 675 928 pauperes:
712 843 787 926 quia
813 851 955 906 vestrum
978 847 1027 904 est
1047 840 1196 939 regnum!

47 935 111 1000 liei.
154 939 270 1017 Beati,
293 943 351 1026 qui
373 943 498 1006 esuritis
517 961 619 1006 nunc:
640 941 714 1026 qnia
735 939 962 1006 saturabimini.
1004 938 1056 1004 21.
1079 925 1182 1004 nesii,

47 1039 94 1122 qui
119 1037 213 1105 fletis
239 1060 344 1105 nunc:
376 1042 450 1127 quia
472 1040 627 1107 ridebitis.
668 1039 723 1110 22:
748 1041 843 1108 Beati
864 1044 967 1119 eritis,
1003 1059 1100 1126 quum
1120 1061 1186 1106 vos·

48 1137 173 1204 oderint
202 1140 367 1220 homines,
399 1152 431 1207 et
450 1145 670 1228 separaverim
690 1123 767 1220 voi,
798 1151 830 1206 et
850 1140 979 1226 probris
1002 1139 1181 1219 allecerint,
1296 1167 1309 1186 =

47 1249 73 1302 et
92 1243 257 1306 eiecerint
276 1263 398 1308 nomen
418 1252 572 1320 vestrum,
599 1251 751 1328 tauquam
772 1240 886 1306 malum
908 1251 1042 1328 propter
1060 1241 1180 1311 Filium

47 1339 197 1406 bominis:
241 1344 293 1408 23
316 1341 468 1410 Gaudete
491 1345 525 1408 in
546 1341 605 1408 illo
628 1341 761 1420 die,«et
782 1339 958 1408 exsultate:
995 1361 1072 1406 ecce
1095 1346 1181 1408 enim
1218 1371 1225 1379 ·

47 1461 164 1506 merces
187 1455 296 1507 vestra
316 1441 415 1508 multa
437 1446 539 1508 estin
562 1442 677 1508 coelis:
698 1463 771 1509 nam
792 1440 967 1508 secundum
990 1439 1182 1506 haeciacie·

48 1537 116 1606 bant
150 1543 328 1630 Prophetis
360 1554 468 1630 patres
497 1565 618 1612 eorum.
664 1546 714 1610 24.
747 1545 969 1608 Veruntamen
998 1563 1058 1607 vae
1086 1540 1182 1608 vohis

50 1641 213 1710 divitibus:
256 1646 335 1730 quia
370 1641 493 1723 hahetis
525 1643 780 1713 consolationem
811 1655 959 1708 vestram.
1020 1643 1071 1708 25.
1107 1643 1180 1707 Vae

49 1743 151 1824 robis,
180 1747 238 1831 qui
257 1747 392 1810 saturati
413 1749 502 1810 estis:
536 1749 611 1832 quia
634 1749 790 1812 esurietis.
832 1746 905 1808 Vae
927 1742 1035 1820 vohis,
1062 1745 1118 1830 qui
1139 1744 1182 1806 ri·

49 1843 126 1910 detis
145 1867 251 1910 nunc:
285 1848 361 1934 quia
382 1843 531 1930 lugebitis
553 1857 585 1912 et
605 1845 735 1914 flebitis.
776 1845 827 1912 26.
847 1845 921 1909 Vae
941 1843 1053 1924 vobis,
1082 1850 1180 1930 quum

50 1943 249 2012 laudaverint
276 1969 337 2012 vos
364 1967 475 2012 omnes
497 1947 658 2014 hominess
689 1969 763 2013 nam
783 1945 959 2014 secuudum
981 1945 1064 2011 haee
1083 1944 1181 2011 lacie-
1262 2008 1265 2020 ,
1320 1956 1326 1966 ’

52 2045 120 2114 hant
142 2046 443 2136 pseudoprophetis
467 2051 578 2112 Patres
600 2069 721 2114 eorum.

122 2213 231 2272 Matth.
258 2219 286 2277 1.
325 2209 468 2271 Ascmdr't
491 2215 523 2270 θη
544 2227 674 2272 monam.
716 2201 778 2286 Qui
804 2211 889 2276 aliam
908 2211 956 2270 hic
977 2209 1087 2270 Christi
1107 2229 1181 2269 con-

54 2289 161 2349 cionem
187 2289 296 2362 referri
321 2288 440 2362 volunt,
472 2311 557 2370 quam
583 2309 657 2367 quae
684 2288 809 2348 habetur
832 2300 914 2347 sexto
945 2287 1040 2366 capite
1070 2285 1181 2360 Lucae,

57 2366 132 2428 nimis
151 2366 211 2426 levi
232 2387 266 2425 ac
288 2364 396 2425 frivolo
417 2376 590 2447 argumento
610 2375 780 2424 moventur:
802 2364 869 2444 quia
889 2362 1052 2422 Matthaeus
1071 2371 1180 2436 narrat,

56 2441 198 2504 Christum
219 2443 250 2502 in
271 2453 374 2500 monte
395 2441 424 2501 lo
449 2456 548 2501 autum
571 2461 631 2501 esse
653 2440 816 2518 discipulis,
847 2441 940 2498 Lucas
959 2451 1055 2496 autern
1076 2449 1181 2495 notare

55 2521 178 2598 ridetur,
211 2518 345 2580 habitum
365 2518 433 2598 inp
465 2519 537 2578 nitie
559 2518 645 2576 luisse
665 2536 840 2578 sermonem.
884 2514 1081 2591 Praepostcre
1101 2511 1180 2570 enim

56 2597 145 2657 hucac
170 2597 261 2658 verba
288 2615 350 2653 uno
375 2607 513 2656 contextu
541 2595 658 2675 legunt,
691 2593 770 2671 quod
791 2588 976 2652 descenderit
997 2589 1130 2648 Christus
1149 2586 1180 2644 in

56 2673 147 2734 locum
171 2683 382 2765 campestrem,
412 2683 442 2731 et
466 2671 547 2751 quod
567 2669 669 2730 oculos
689 2668 826 2728 attollens
846 2668 877 2727 in
898 2663 1055 2743 discipulos
1073 2663 1114 2722 sic
1134 2661 1181 2722 lo-

58 2767 154 2828 quuurs
175 2753 275 2811 iuerat.
314 2749 440 2828 Utrique
462 2749 539 2807 enim
558 2745 764 2828 Evangelistae
784 2742 968 2829 propositum
989 2740 1061 2813 suit,
1090 2737 1181 2797 semel

58 2850 138 2889 unum
164 2830 194 2888 in
222 2829 322 2888 tocutn
343 2825 504 2917 praecipua
525 2845 656 2904 quaeque
677 2822 772 2900 capita
793 2819 945 2883 doctrinae
966 2815 1076 2880 Christi
1096 2813 1181 2874 colli-

59 2927 137 2986 gere,
166 2926 240 2984 quae
263 2902 300 2962 ad
321 2923 370 2980 pre
389 2913 547 2980 sancteque
567 2900 684 2960 vivendi
704 2899 834 2992 regulam
854 2895 1036 2977 spectabant.
1075 2893 1181 2967 Quan-

60 3005 135 3119 quarn
143 3003 215 3065 ergo
223 2983 318 3040 Lucas
331 2979 409 3059 prius
418 2978 474 3038 loci
483 2969 1181 3106 campestrisnrenrrneraunonprosequiturean-

76 3083 117 3118 ern
136 3061 287 3120 historiam
308 3057 447 3115 continua
466 3055 553 3127 serie,
571 3056 623 3114 sed
642 3075 658 3112 a
678 3053 823 3113 miraculis
843 3050 947 3128 transit
959 3049 993 3108 ad
1026 3060 1181 3120 octrrnam,

59 3157 90 3196 ne
112 3158 145 3196 ue
176 3149 294 3216 tempus
311 3145 421 3212 'neque
453 3131 551 3193 locum
580 3130 748 3190 desinaus:
787 3128 872 3188 sicuti
899 3125 976 3206 apud
1000 3123 1181 3182 blatthaeum

61 3158 130 3272 ruha
156 3225 199 3272 est
218 3209 378 3290 temporis,
409 3211 459 3269 sed
479 3219 591 3267 tautum
611 3151 699 3266 solius
720 3206 778 3266 loci
798 3204 922 3264 nonno.
960 3203 1004 3260 Ac
1023 3199 1181 3259 verisimile

62 3303 107 3364 est,
127 3311 188 3350 non
208 3288 267 3348 nisi
287 3297 356 3365 post
376 3285 485 3346 electos
507 3283 661 3344 duodecim
684 3283 830 3344 Christum
852 3280 890 3340 ita
912 3279 998 3338 luisse
1018 3275 1181 3338 conciona-

62 3377 122 3426 tum.
164 3366 225 3426 Sed
250 3364 282 3423 iu
309 3363 438 3422 tenendo
460 3361 564 3422 ordine
585 3359 742 3439 temporis,
771 3378 859 3437 quem
878 3355 1011 3418 videbam
1032 3375 1048 3412 a
1069 3352 1182 3432 Spiritu

61 3443 111 3502 Dei
135 3442 323 3523 neglectum,
352 3437 434 3498 nolui
460 3459 521 3497 esse
545 3435 825 3496 minium-curiosus.
864 3433 1008 3493 Sufficere
1029 3429 1106 3489 enim
1126 3429 1182 3507 piis

62 3531 86 3576 et
104 3515 239 3583 modestis
259 3515 419 3576 lectoribus
440 3515 527 3575 dehet
559 3515 638 3594 quod
660 3513 707 3571 hic
727 3524 795 3572 ante
806 3509 907 3572 oculos
918 3508 1042 3588 positam
1054 3504 1184 3565 habeant
1218 3509 1224 3516 '

62 3593 169 3656 brevem
189 3613 330 3654 summam
352 3592 502 3652 doctrinae
546 3589 637 3664 hristi,
658 3586 810 3648 collectam
832 3609 865 3648 ex
905 3584 1015 3646 luribus
1036 3593 1066 3642 et
1085 3582 1182 3640 diver-

61 3673 94 3730 sis
112 3674 169 3731 cius
189 3668 399 3743 concionibus,
444 3689 545 3726 uarum
567 3668 638 3726 baec
659 3665 752 3746 prima
771 3664 844 3740 fuit,
869 3609 920 3724 uhi
941 3663 977 3724 de
997 3681 1066 3720 vera
1086 3655 1182 3717 heati-

62 3749 153 3808 tudine
172 3747 310 3808 disseruit
330 3747 407 3824 apud
424 3689 594 3824 discipulos.

129 3833 157 3890 ‘L
193 3826 343 3900 Apertam
361 3843 394 3880 os
411 3843 501 3884 mum.
541 3821 598 3880 ttic
616 3824 791 3898 πλεονασμὸς
809 3815 975 3876 hebraicam
996 3808 1113 3893 phrasin
1132 3827 1181 3867 re-

64 3901 131 3980 sipit.
175 3903 251 3962 Nam
279 3899 408 3980 quod-in
429 3898 491 3956 aliis
512 3896 619 3979 linguis
637 3895 773 3956 vitiosum
795 3894 889 3966 soret,
919 3887 1061 3950 Hebraeis
1080 3884 1182 3944 tritum

66 3991 112 4052 est,
129 3990 159 4038 ut
177 3979 295 4050 dicant,
314 3975 370 4034 Ille
391 3995 424 4036 os
444 3973 569 4054 aperuit,
588 3993 643 4051 pro
664 3973 792 4032 Exorsus'
811 3981 855 4030 est
873 3966 965 4048 loqui.
1005 3962 1183 4052 Quanquam

66 4067 149 4116 autem
173 4054 260 4115 multi
288 4073 332 4112 em
355 4053 479 4112 haticanr
503 4049 706 4129 loquutionem
733 4069 795 4108 esse
815 4057 935 4125 putant,
964 4061 1053 4120 quum
1072 4037 1184 4118 ahquid

67 4153 143 4210 grave
172 4143 203 4193 et
229 4073 361 4189 notabile
386 4130 415 4187 in
440 4127 566 4188 medium
592 4125 758 4203 profertur,
788 4123 895 4182 sivein
915 4121 1041 4190 honam,
1071 4115 1183 4178 sivein
1241 4187 1246 4198 ι

69 4211 157 4268 malam
732 4201 827 4260 uidam
841 4199 1009 4278 Scripturas
1022 4192 1092 4269 loci,
1111 4191 1185 4262 mihi

68 4286 136 4362 prior
156 4231 219 4346 ‘illa
251 4295 392 4374 expositio
419 4281 510 4364 magis
536 4278 653 4340 arridet.
710 4223 816 4336 l'aleat
839 4275 927 4335 etiam
952 4282 1054 4355 arguta
1079 4289 1183 4331 eorum
1285 4299 1291 4316 ι

67 4363 228 4440 speculatio,
249 4379 299 4438 qur
318 4359 477 4442 allegorice
497 4353 646 4420 Christum
660 4353 823 4434 discipulos
842 4373 910 4414 suos
929 4351 959 4410 in
978 4359 1109 4409 montem
1130 4347 1182 4406 du-

201 4219 308 4268 artem:
329 4205 395 4296 quia
414 4217 512 4266 tamen
531 4201 692 4262 reclamant
