2766 4834
427 231 538 312 Ι(30·
561 227 646 295 tau
664 163 854 314 tarnum.)
951 333 955 346 Ι
1172 246 1266 330 teo·

72 377 242 516 rppmbos
257 385 334 444 iero
354 382 414 444 ism
429 383 467 445 in
487 395 571 446 reatu
590 385 727 458 ardorem
747 384 825 448 illius
845 387 922 468 ignis
935 388 1119 475 concipere,
1148 393 1229 464 orius

72 479 86 516 s
122 457 211 517 idam
238 459 392 520 ustionem
418 455 549 520 extremo
577 462 624 524 die
651 463 788 523 sentient
827 461 876 524 De
902 464 974 546 igne
1001 478 1139 540 aeterno,
1169 489 1228 559 quo

72 535 252 612 torquendi
277 548 347 596 sunt
372 533 607 628 post'Uindicium
632 539 730 630 impii,
759 539 821 600 seio
845 553 951 624 argente
978 563 995 606 a
1021 543 1118 604 multis
1143 544 1229 608 luisse

59 609 119 693 ¹dis
146 623 285 672 ututum:
305 625 389 692 atqui
412 634 447 672 ex
465 614 598 693 pluribus
614 615 789 695 ,Scripturas
809 615 891 678 locis·
903 617 1044 699 colligere
1066 619 1147 692 licet,
1165 641 1228 682 me-

76 631 274 766 taplroricnm
294 710 359 771 esse
381 690 601 826 loqputionem:
616 715 688 752 nam
701 694 725 752 si
737 694 838 830 {poem
852 694 960 760 realem
978 697 1025 755 vel
1038 696 1229 772 materialem,

76 775 112 820 ut
131 777 262 842 vocang
280 777 412 828 statuere
445 766 516 840 ibet,
535 768 620 828 simul
640 769 734 830 adden
757 791 805 828 um
827 770 1229 852 eritsulpburctllabellum,

78 841 154 916 qnia
181 843 338 932 utriusque
365 843 400 902 fit
425 845 538 904 mentio
563 847 641 925 apud
666 845 788 908 Iesoiam
815 862 878 932 cap.
898 853 954 919 3⁰‚.
972 855 1018 914 33.
1058 849 1121 910 Nec
1147 863 1228 915 certe

78 915 137 976 alia
162 929 210 978 est
230 917 307 998 ignis
327 933 417 998 opatu
437 920 541 980 vernus
560 921 650 982 ratio:
683 923 789 1002 quodsi
813 923 844 982 in
862 929 964 989 omneis
989 927 1112 994 nomine
1132 939 1227 986 mcta-

80 992 181 1070 pbora
208 995 342 1054 omnium
368 1017 515 1058 consensu
538 997 679 1078 recipitur

81 1145 166 1204 lectu
188 1145 333 1229 fatigant,
365 1161 470 1210 tenere
489 1150 636 1225 sufficiat}
660 1151 704 1212 bis
723 1151 866 1232 loquendi
891 1154 992 1215 formis
1016 1175 1072 1235 pro
1093 1156 1226 1218 ruditatis

83 1235 205 1282 nostrae
227 1237 317 1306 captu
338 1223 482 1286 horribile
503 1239 683 1288 tormentum
704 1228 818 1303 notari,
848 1231 930 1309 quod
949 1251 1005 1297 uec
1024 1253 1110 1293 seusu
1130 1231 1227 1294 bomi-

84 1319 155 1358 uum
175 1301 269 1364 bodie
290 1305 373 1383 capi,
393 1323 450 1364 nec
469 1303 708 1385 verbisexprirui
730 1315 838 1384 potest.
873 1345 878 1353 ,
946 1382 949 1390 Ι
988 1373 992 1379 ,
1212 1323 1218 1334 ’

122 1547 218 1628 (30.)
251 1499 1226 1621 MATTH.lll.»13.TunoucceditlesuseGoliloee
1307 1567 1308 1574 ’
1378 1535 1380 1544 ⁴

82 1647 122 1713 ed
145 1648 324 1718 lordanem
347 1651 390 1717 ad
413 1653 584 1732 Ioannem,
605 1661 640 1718 nt
660 1647 883 1740 baptizaretur
903 1651 945 1718 ab
968 1675 1018 1720 eo.
1061 1655 1112 1721 14.
1134 1653 1227 1721 toan„

81 1771 139 1814 nes
164 1773 252 1818 vero
278 1738 478 1838 prohibebat
504 1751 610 1832 illum,
643 1753 769 1831 dicens,
798 1752 883 1844 Mihi
916 1776 998 1840 opus
1031 1765 1080 1822 est
1107 1745 1166 1822 ebs
1194 1763 1225 1822 te

80 1847 265 1938 baptizari,
295 1863 328 1920 et
347 1865 384 1921 tu
405 1855 497 1920 venis
519 1853 559 1920 ed
579 1847 651 1920 ine?
694 1855 743 1921 15.
764 1854 992 1940 Respondeas¹
1005 1862 1117 1922 eutem'
1136 1859 1225 1922 lesus

82 1951 163 2017 dixit
190 1953 236 2019 ad
266 1976 358 2032 eum,
390 1953 513 2020 Omitte
540 1957 641 2020 n'uucz
672 1957 718 2018 sic
740 1955 825 2019 enim
848 1955 944 2020 decet
969 1977 1030 2021 nos
1059 1957 1224 2046 complere

82 2077 212 2120 onuem
235 2057 399 2124 iustitium.
444 2055 539 2120 Tunc
560 2057 677 2120 omittit
697 2054 797 2120 illurn.
840 2057 889 2120 16.
909 2055 952 2120 Et
971 2054 1154 2142 baptizatus
1178 2061 1226 2126 le-

81 2177 136 2220 sus
158 2156 310 2222 ascendit
331 2151 480 2242 plotinus
501 2153 543 2220 sb
566 2177 663 2242 aque:
686 2168 718 2223 et
740 2179 816 2222 ecce
838 2160 941 2243 aperti
963 2169 1039 2223 sunt
1059 2157 1107 2223 illi
1130 2159 1225 2237 coeli,

84 2266 114 2321 et
135 2257 221 2322 vidit
242 2257 397 2344 Spiritum
419 2257 485 2322 Dei
507 2256 759 2322 descendentem
781 2268 930 2344 tanquam
949 2257 1161 2337 'columbam
1192 2271 1225 2328 et
1302 2259 1306 2266 ’

82 2363 271 2424 venientem
292 2380 392 2445 super
411 2360 525 2444 ipsum.
568 2358 616 2423 17.
643 2357 685 2424 Et
707 2379 784 2422 ecce
805 2379 867 2421 vor
890 2357 932 2422 de
955 2358 1072 2438 coelis,
1099 2359 1224 2438 dicens,

86 2459 147 2523 ttic
169 2471 221 2526 est
240 2459 330 2524 filius
351 2479 443 2524 meus
464 2453 617 2534 dilectus,
644 2461 677 2523 in
702 2477 768 2542 quo
790 2457 866 2520 mihi
888 2457 1112 2544 complacitum
1136 2474 1191 2526 est.

166 2576 312 2644 Mene.
334 2577 356 2642 Ι.
398 2577 429 2640 9.
451 2577 489 2642 Et
509 2575 626 2640 factum
650 2585 700 2638 cst
721 2576 753 2638 in
776 2553 899 2636 diebus¹
914 2571 992 2650 illis,
1025 2577 1113 2640 venit
1135 2577 1223 2644 lesus

86 2704 104 2742 a
123 2677 291 2746 Nazareth
305 2675 484 2762 Galilaeae,
506 2688 538 2742 et
557 2674 739 2762 baptizatus
763 2685 812 2739 est
833 2695 852 2738 a
873 2672 996 2760 lounpe
1017 2673 1052 2737 in
1076 2675 1223 2746 iordane.

88 2782 136 2845 ΙΙΙ.
155 2781 199 2846 Et
219 2781 325 2844 statim
347 2798 445 2864 quum
466 2777 658 2843 ascenderet
680 2798 721 2840 ex
744 2797 836 2864 aqua,
856 2771 939 2837 vidit
961 2772 1238 2856 diffindicoelos,

88 2893 120 2946 et
157 2881 314 2968 Spiritum
352 2881 444 2966 qnasi
474 2875 662 2944 ‘columbam
700 2875 953 2960 descendentem
989 2897 1088 2964 snper
1122 2876 1223 2944 illum.
1317 2878 1322 2891 ‘

88 2986 137 3048 11.
155 2982 199 3047 Et
219 3003 283 3046 vos
305 2979 388 3046 iacta
411 2991 459 3046 est
480 2999 499 3045 e
520 2978 636 3056 coelis,
661 2979 714 3054 Tu
735 3001 770 3044 cs
791 2977 879 3044 filius
899 2999 991 3044 meus
1011 2977 1161 3058 dilectus,
1188 2983 1223 3045 in
1246 3038 1252 3073 ,
1292 3053 1297 3076 ι
1324 3010 1328 3018 ’

89 3103 152 3169 quo
167 3081 254 3178 ¹mibi
273 3080 363 3147 bene
385 3079 610 3167 complacitum
634 3090 691 3146 est.
918 3149 921 3152 ,

169 3197 273 3266 LUC.
300 3199 353 3263 ΙΙΙ.
400 3197 451 3263 21.
479 3197 612 3291 Factum
640 3209 687 3264 est
720 3209 840 3276 autem,
873 3219 970 3283 quum
1002 3194 1223 3283 baptizaretur

91 3303 192 3366 omnis
212 3299 370 3388 populus,
403 3312 438 3364 ut
462 3311 498 3365 et
518 3301 592 3364 lesu
616 3297 782 3386 baptizato
810 3309 842 3365 et
870 3308 985 3363 orente
1013 3303 1222 3384 apertumsit
1257 3311 1263 3323 “

94 3401 230 3480 coelum,
270 3401 322 3466 22
347 3403 397 3466 Ao
425 3411 459 3464 ut
485 3399 701 3466 descenderet
727 3399 865 3486 Spiritus
897 3409 1024 3464 sanetus
1058 3401 1223 3489 corporali

91 3504 195 3588 specie
218 3503 310 3588 quasi
331 3499 601 3588 columba'super
620 3503 740 3588 ipsum,
761 3511 795 3566 et
811 3521 877 3566 vox
900 3521 918 3564 e
940 3495 1035 3565 coelo
1056 3499 1153 3564 ficret
1174 3499 1222 3571 di-

92 3623 173 3680 eens,
195 3605 250 3670 Tu
272 3625 308 3668 es
327 3601 415 3668 filius
436 3623 527 3668 meus
548 3601 699 3668 dilectus:
721 3603 754 3668 io
775 3612 808 3665 te
829 3599 907 3666 mihi
926 3581 1152 3686 complacitum
1163 3609 1220 3666 est

92 3705 138 3771 ΖΙ
155 3705 200 3770 Et
220 3707 291 3792 ipse
314 3705 404 3769 lesus
424 3703 601 3790 incipiebat
628 3721 699 3796 esse
726 3722 883 3782 annorum
905 3701 1006 3768 ferme
1027 3704 1164 3786 triginta.

142 3895 247 3955 March.
254 3899 302 3961 13
327 3891 368 3952 Ut
377 3889 573 3970 baptizaretur
584 3889 621 3950 ad
630 3914 672 3952 eo.
693 3891 730 3952 In
742 3913 829 3971 quem
841 3887 1079 3970 finembaptizari
1090 3885 1220 3948 voluerit

94 3971 145 4032 Dei
154 3971 257 4047 Filius,
277 3970 375 4049 aliqua
388 3991 421 4029 ex
440 3982 524 4050 parte
545 3967 709 4050 colligimus
729 3989 763 4028 ex
783 3970 844 4030 eius
864 3988 1016 4048 responso.
1051 3964 1140 4056 'Prius
1173 3964 1218 4024 ui.

98 4051 152 4109 dem
171 4047 307 4131 specialis
329 4045 405 4106 ratio
425 4047 549 4108 adducta
569 4045 641 4120 tuit,
671 4045 751 4126 quod
776 4065 961 4106 communem
985 4041 1139 4104 nobiscum
1186 4062 1218 4102 a·

97 4127 220 4207 ptlsuuim
241 4124 418 4215 susceperit,
436 4137 470 4184 ut
481 4122 588 4185 certius
607 4121 664 4182 sibi
684 4121 883 4202 persuadeant,
898 4118 997 4208 fideles
1017 4117 1048 4178 in
1069 4118 1129 4178 cius
1150 4139 1217 4208 cor-

95 4227 139 4285 pus
156 4226 220 4268 sese
240 4203 344 4275 inseri,
364 4213 395 4260 et
413 4197 590 4281 consepeliri
610 4220 675 4260 oum
695 4219 732 4259 eo
753 4197 910 4278 baptismo,
931 4207 964 4253 ut
983 4217 1014 4258 m
1034 4195 1111 4256 vitae
1131 4215 1217 4256 novi-

92 4295 170 4346 tatem
195 4290 367 4362 resurgunt.
409 4277 492 4338 Finis
516 4297 604 4352 vero,
635 4297 721 4358 quem
746 4273 794 4334 bic
820 4295 856 4354 pr
899 4272 978 4346 onit,
1006 4269 1091 4332 latius
1122 4282 1216 4352 patet:

89 4364 147 4449 quia
164 4361 211 4428 sic
232 4355 372 4420 decuerit
391 4352 518 4438 implere
542 4373 661 4417 omnem
685 4351 833 4416 iustitiam.
901 4369 991 4413 omen
1009 4351 1133 4410 ictericiae
1151 4361 1216 4408 tan·

266 1073 313 1085 ..
483 1074 490 1087 ‚
536 1074 543 1087 ,
673 1075 680 1090 ,
724 1001 801 1060 idem
827 1011 857 1070 ti
883 1001 1227 1092 ‹leiguesentiendum
1275 1055 1280 1064 .
1365 1031 1370 1039 ·

82 1069 191 1142 Quare
213 1093 334 1144 omissis,
346 1073 610 1153 speculationibus,
631 1043 737 1155 quibus
756 1097 787 1138 se
807 1078 875 1136 vani
895 1078 1028 1144 hommes
1042 1079 1134 1148 Juullo
1154 1100 1226 1158 prs·
1251 1106 1256 1118 ·
