<?xml version="1.0" encoding="UTF-8"?>
<!DOCTYPE html PUBLIC "-//W3C//DTD XHTML 1.0 Transitional//EN"
    "http://www.w3.org/TR/xhtml1/DTD/xhtml1-transitional.dtd">
<html xmlns="http://www.w3.org/1999/xhtml" xml:lang="en" lang="en">
 <head>
  <title>
</title>
<meta http-equiv="Content-Type" content="text/html;charset=utf-8" />
  <meta name='ocr-system' content='tesseract 3.04.00' />
  <meta name='ocr-capabilities' content='ocr_page ocr_carea ocr_par ocr_line ocrx_word'/>
</head>
<body>
  <div class='ocr_page' id='page_1' title='image "./innovumtestamen00calvgoog_0131.png"; bbox 0 0 2766 4834; ppageno 0'>
   <div class='ocr_carea' id='block_1_1' title="bbox 188 193 1141 361">
    <p class='ocr_par' dir='ltr' id='par_1_1' title="bbox 188 193 1141 361">
     <span class='ocr_line' id='line_1_1' title="bbox 188 193 1141 361; baseline -0.009 -46"><span class='ocrx_word' id='word_1_1' title='bbox 188 255 232 361; x_wconf 72' lang='lat'><strong>⁵²,</strong></span> <span class='ocrx_word' id='word_1_2' title='bbox 277 249 280 260; x_wconf 85' lang='lat'>&#39;</span> <span class='ocrx_word' id='word_1_3' title='bbox 366 193 519 312; x_wconf 67' lang='lat' dir='ltr'><strong>ductio</strong></span> <span class='ocrx_word' id='word_1_4' title='bbox 539 203 596 314; x_wconf 81' lang='lat' dir='ltr'><strong>ill.</strong></span> <span class='ocrx_word' id='word_1_5' title='bbox 635 245 712 310; x_wconf 82' lang='lat' dir='ltr'><strong>Itsu</strong></span> <span class='ocrx_word' id='word_1_6' title='bbox 731 247 885 321; x_wconf 73' lang='lat' dir='ltr'><strong>uariata</strong></span> <span class='ocrx_word' id='word_1_7' title='bbox 905 245 949 308; x_wconf 68' lang='grc' dir='ltr'><strong>ιη’</strong></span> <span class='ocrx_word' id='word_1_8' title='bbox 967 261 1141 312; x_wconf 71' lang='lat' dir='ltr'><strong>utranam.</strong></span> 
     </span>
    </p>
   </div>
   <div class='ocr_carea' id='block_1_2' title="bbox 11 397 1371 4465">
    <p class='ocr_par' dir='ltr' id='par_1_2' title="bbox 189 397 1337 486">
     <span class='ocr_line' id='line_1_2' title="bbox 189 397 1337 486; baseline -0.003 -22"><span class='ocrx_word' id='word_1_9' title='bbox 189 403 318 465; x_wconf 80' lang='lat' dir='ltr'>Perinde</span> <span class='ocrx_word' id='word_1_10' title='bbox 337 423 410 486; x_wconf 89' lang='lat' dir='ltr'><strong>ergo</strong></span> <span class='ocrx_word' id='word_1_11' title='bbox 430 411 475 464; x_wconf 84' lang='lat' dir='ltr'><strong>est</strong></span> <span class='ocrx_word' id='word_1_12' title='bbox 494 401 552 462; x_wconf 88' lang='lat' dir='ltr'><strong>acsi</strong></span> <span class='ocrx_word' id='word_1_13' title='bbox 570 399 712 483; x_wconf 78' lang='lat' dir='ltr'><strong>llngelus,</strong></span> <span class='ocrx_word' id='word_1_14' title='bbox 732 397 825 460; x_wconf 86' lang='lat' dir='ltr'><strong>allatis</strong></span> <span class='ocrx_word' id='word_1_15' title='bbox 844 401 875 460; x_wconf 88' lang='lat' dir='ltr'><strong>in</strong></span> <span class='ocrx_word' id='word_1_16' title='bbox 894 399 1023 461; x_wconf 88' lang='lat' dir='ltr'><strong>medium</strong></span> <span class='ocrx_word' id='word_1_17' title='bbox 1032 397 1252 479; x_wconf 76' lang='lat' dir='ltr'><strong>Prophetarum</strong></span> <span class='ocrx_word' id='word_1_18' title='bbox 1274 420 1337 461; x_wconf 84' lang='lat' dir='ltr'><strong>va-</strong></span> 
     </span>
    </p>

    <p class='ocr_par' dir='ltr' id='par_1_3' title="bbox 113 476 1339 562">
     <span class='ocr_line' id='line_1_3' title="bbox 113 476 1339 562; baseline 0.004 -31"><span class='ocrx_word' id='word_1_19' title='bbox 113 516 120 531; x_wconf 82' lang='grc'><strong>.</strong></span> <span class='ocrx_word' id='word_1_20' title='bbox 190 480 309 556; x_wconf 89' lang='lat' dir='ltr'><strong>ticiniis,</strong></span> <span class='ocrx_word' id='word_1_21' title='bbox 328 491 445 562; x_wconf 90' lang='lat' dir='ltr'><strong>pararet</strong></span> <span class='ocrx_word' id='word_1_22' title='bbox 458 478 585 538; x_wconf 88' lang='lat' dir='ltr'><strong>animuin</strong></span> <span class='ocrx_word' id='word_1_23' title='bbox 596 476 704 558; x_wconf 88' lang='lat' dir='ltr'><strong>loseph</strong></span> <span class='ocrx_word' id='word_1_24' title='bbox 716 477 752 538; x_wconf 86' lang='lat' dir='ltr'><strong>ad</strong></span> <span class='ocrx_word' id='word_1_25' title='bbox 762 476 980 558; x_wconf 80' lang='lat' dir='ltr'><strong>amplexandam</strong></span> <span class='ocrx_word' id='word_1_26' title='bbox 994 488 1177 558; x_wconf 81' lang='lat' dir='ltr'><strong>praesentem</strong></span> <span class='ocrx_word' id='word_1_27' title='bbox 1189 477 1339 557; x_wconf 83' lang='lat' dir='ltr'><strong>gratiani.</strong></span> 
     </span>
    </p>

    <p class='ocr_par' dir='ltr' id='par_1_4' title="bbox 11 543 1371 712">
     <span class='ocr_line' id='line_1_4' title="bbox 11 543 1341 644; baseline 0.002 -34"><span class='ocrx_word' id='word_1_28' title='bbox 11 543 12 560; x_wconf 56' lang='lat'>¹</span> <span class='ocrx_word' id='word_1_29' title='bbox 268 563 316 622; x_wconf 79' lang='lat'><strong>21.</strong></span> <span class='ocrx_word' id='word_1_30' title='bbox 359 554 488 616; x_wconf 80' lang='lat' dir='ltr'><strong>Vocudis</strong></span> <span class='ocrx_word' id='word_1_31' title='bbox 504 575 608 614; x_wconf 77' lang='lat' dir='ltr'><strong>nomeu</strong></span> <span class='ocrx_word' id='word_1_32' title='bbox 631 557 691 614; x_wconf 80' lang='lat' dir='ltr'><strong>eiiii</strong></span> <span class='ocrx_word' id='word_1_33' title='bbox 710 553 816 615; x_wconf 73' lang='lat' dir='ltr'><strong>lemni.</strong></span> <span class='ocrx_word' id='word_1_34' title='bbox 861 554 916 614; x_wconf 77' lang='lat' dir='ltr'><strong>De‘</strong></span> <span class='ocrx_word' id='word_1_35' title='bbox 928 554 991 644; x_wconf 88' lang='lat' dir='ltr'><strong>ipsa</strong></span> <span class='ocrx_word' id='word_1_36' title='bbox 1010 573 1084 613; x_wconf 87' lang='lat' dir='ltr'><strong>voce</strong></span> <span class='ocrx_word' id='word_1_37' title='bbox 1109 552 1240 612; x_wconf 86' lang='lat' dir='ltr'><strong>breviter</strong></span> <span class='ocrx_word' id='word_1_38' title='bbox 1307 554 1341 612; x_wconf 94' lang='lat' dir='ltr'><strong>i-</strong></span> 
     </span>
     <span class='ocr_line' id='line_1_5' title="bbox 196 629 1371 712; baseline -0.003 -18"><span class='ocrx_word' id='word_1_39' title='bbox 196 635 279 708; x_wconf 89' lang='lat' dir='ltr'><strong>dern,</strong></span> <span class='ocrx_word' id='word_1_40' title='bbox 303 633 354 693; x_wconf 91' lang='lat' dir='ltr'><strong>sed</strong></span> <span class='ocrx_word' id='word_1_41' title='bbox 375 643 516 712; x_wconf 87' lang='lat' dir='ltr'><strong>quantum</strong></span> <span class='ocrx_word' id='word_1_42' title='bbox 535 630 603 690; x_wconf 88' lang='lat' dir='ltr'><strong>satis</strong></span> <span class='ocrx_word' id='word_1_43' title='bbox 624 641 701 703; x_wconf 88' lang='lat' dir='ltr'><strong>crat,</strong></span> <span class='ocrx_word' id='word_1_44' title='bbox 726 651 813 711; x_wconf 90' lang='lat' dir='ltr'><strong>supra</strong></span> <span class='ocrx_word' id='word_1_45' title='bbox 833 630 961 710; x_wconf 79' lang='lat' dir='ltr'><strong>disserui.</strong></span> <span class='ocrx_word' id='word_1_46' title='bbox 1004 629 1092 689; x_wconf 87' lang='lat' dir='ltr'><strong>Nunc</strong></span> <span class='ocrx_word' id='word_1_47' title='bbox 1112 650 1202 690; x_wconf 91' lang='lat' dir='ltr'><strong>unum</strong></span> <span class='ocrx_word' id='word_1_48' title='bbox 1223 631 1261 690; x_wconf 87' lang='lat' dir='ltr'><strong>ad</strong></span> <span class='ocrx_word' id='word_1_49' title='bbox 1285 649 1344 690; x_wconf 85' lang='lat' dir='ltr'><strong>ain</strong></span> <span class='ocrx_word' id='word_1_50' title='bbox 1370 637 1371 644; x_wconf 76' lang='grc'>’</span> 
     </span>
    </p>

    <p class='ocr_par' dir='ltr' id='par_1_5' title="bbox 196 705 1342 798">
     <span class='ocr_line' id='line_1_6' title="bbox 196 705 1342 798; baseline -0.004 -28"><span class='ocrx_word' id='word_1_51' title='bbox 196 710 349 780; x_wconf 78' lang='lat' dir='ltr'><strong>duntaxat,</strong></span> <span class='ocrx_word' id='word_1_52' title='bbox 374 707 496 767; x_wconf 87' lang='lat' dir='ltr'><strong>refutari</strong></span> <span class='ocrx_word' id='word_1_53' title='bbox 521 705 630 788; x_wconf 77' lang='lat' dir='ltr'><strong>Angcli</strong></span> <span class='ocrx_word' id='word_1_54' title='bbox 654 707 750 766; x_wconf 82' lang='lat' dir='ltr'><strong>verbis</strong></span> <span class='ocrx_word' id='word_1_55' title='bbox 775 727 879 768; x_wconf 86' lang='lat' dir='ltr'><strong>eorum</strong></span> <span class='ocrx_word' id='word_1_56' title='bbox 902 705 1055 779; x_wconf 89' lang='lat' dir='ltr'><strong>delirium,</strong></span> <span class='ocrx_word' id='word_1_57' title='bbox 1089 706 1138 798; x_wconf 90' lang='lat' dir='ltr'><strong>qui</strong></span> <span class='ocrx_word' id='word_1_58' title='bbox 1164 725 1179 764; x_wconf 91' lang='lat' dir='ltr'><strong>a</strong></span> <span class='ocrx_word' id='word_1_59' title='bbox 1204 705 1342 782; x_wconf 85' lang='lat' dir='ltr'><strong>lebova,</strong></span> 
     </span>
    </p>

    <p class='ocr_par' dir='ltr' id='par_1_6' title="bbox 197 781 1341 864">
     <span class='ocr_line' id='line_1_7' title="bbox 197 781 1341 864; baseline -0.005 -17"><span class='ocrx_word' id='word_1_60' title='bbox 197 785 343 848; x_wconf 79' lang='lat' dir='ltr'><strong>essentiali</strong></span> <span class='ocrx_word' id='word_1_61' title='bbox 360 783 419 843; x_wconf 89' lang='lat' dir='ltr'><strong>Dei</strong></span> <span class='ocrx_word' id='word_1_62' title='bbox 439 783 576 858; x_wconf 90' lang='lat' dir='ltr'><strong>nomine,</strong></span> <span class='ocrx_word' id='word_1_63' title='bbox 602 783 764 844; x_wconf 86' lang='lat' dir='ltr'><strong>deducunt:</strong></span> <span class='ocrx_word' id='word_1_64' title='bbox 790 803 905 844; x_wconf 85' lang='lat' dir='ltr'><strong>causam</strong></span> <span class='ocrx_word' id='word_1_65' title='bbox 925 781 1003 842; x_wconf 89' lang='lat' dir='ltr'><strong>enini</strong></span> <span class='ocrx_word' id='word_1_66' title='bbox 1031 782 1165 862; x_wconf 86' lang='lat' dir='ltr'><strong>exprimit</strong></span> <span class='ocrx_word' id='word_1_67' title='bbox 1182 781 1341 864; x_wconf 76' lang='lat' dir='ltr'><strong>Angelus,</strong></span> 
     </span>
    </p>

    <p class='ocr_par' dir='ltr' id='par_1_7' title="bbox 197 858 1340 940">
     <span class='ocr_line' id='line_1_8' title="bbox 197 858 1340 940; baseline -0.003 -18"><span class='ocrx_word' id='word_1_68' title='bbox 197 885 251 922; x_wconf 91' lang='lat' dir='ltr'><strong>cur</strong></span> <span class='ocrx_word' id='word_1_69' title='bbox 274 861 314 920; x_wconf 89' lang='lat' dir='ltr'><strong>ita</strong></span> <span class='ocrx_word' id='word_1_70' title='bbox 344 859 492 922; x_wconf 84' lang='lat' dir='ltr'><strong>vocandus</strong></span> <span class='ocrx_word' id='word_1_71' title='bbox 517 858 556 919; x_wconf 88' lang='lat' dir='ltr'><strong>sit</strong></span> <span class='ocrx_word' id='word_1_72' title='bbox 579 859 670 920; x_wconf 85' lang='lat' dir='ltr'><strong>Filius</strong></span> <span class='ocrx_word' id='word_1_73' title='bbox 695 860 770 934; x_wconf 88' lang='lat' dir='ltr'><strong>Dei,</strong></span> <span class='ocrx_word' id='word_1_74' title='bbox 804 859 884 934; x_wconf 84' lang='lat' dir='ltr'><strong>Quia</strong></span> <span class='ocrx_word' id='word_1_75' title='bbox 913 879 953 940; x_wconf 94' lang='lat' dir='ltr'><strong>po</strong></span> <span class='ocrx_word' id='word_1_76' title='bbox 977 859 1056 917; x_wconf 89' lang='lat' dir='ltr'><strong>ulum</strong></span> <span class='ocrx_word' id='word_1_77' title='bbox 1083 879 1166 920; x_wconf 90' lang='lat' dir='ltr'><strong>suuni</strong></span> <span class='ocrx_word' id='word_1_78' title='bbox 1196 859 1340 919; x_wconf 73' lang='lat' dir='ltr'><strong>servabit.</strong></span> 
     </span>
    </p>

    <p class='ocr_par' dir='ltr' id='par_1_8' title="bbox 196 880 1340 1029">
     <span class='ocr_line' id='line_1_9' title="bbox 196 880 1340 1029; baseline 0.001 -34"><span class='ocrx_word' id='word_1_79' title='bbox 196 937 286 1029; x_wconf 50' lang='lat' dir='ltr'><strong>{inde</strong></span> <span class='ocrx_word' id='word_1_80' title='bbox 306 935 420 996; x_wconf 85' lang='lat' dir='ltr'><strong>elicitur</strong></span> <span class='ocrx_word' id='word_1_81' title='bbox 439 935 587 996; x_wconf 90' lang='lat' dir='ltr'><strong>contraria</strong></span> <span class='ocrx_word' id='word_1_82' title='bbox 606 935 804 1018; x_wconf 85' lang='lat' dir='ltr'><strong>etymologia,</strong></span> <span class='ocrx_word' id='word_1_83' title='bbox 824 957 910 1016; x_wconf 86' lang='lat' dir='ltr'><strong>qnam</strong></span> <span class='ocrx_word' id='word_1_84' title='bbox 929 880 981 1007; x_wconf 36' lang='lat' dir='ltr'><strong>illl,</strong></span> <span class='ocrx_word' id='word_1_85' title='bbox 993 935 1115 1027; x_wconf 86' lang='lat' dir='ltr'><strong>lingant.</strong></span> <span class='ocrx_word' id='word_1_86' title='bbox 1154 936 1198 995; x_wconf 77' lang='lat' dir='ltr'><strong>Ac</strong></span> <span class='ocrx_word' id='word_1_87' title='bbox 1219 937 1340 997; x_wconf 81' lang='lat' dir='ltr'><strong>frustra</strong></span> 
     </span>
    </p>

    <p class='ocr_par' dir='ltr' id='par_1_9' title="bbox 197 1010 1338 1113">
     <span class='ocr_line' id='line_1_10' title="bbox 197 1010 1338 1113; baseline -0.001 -39"><span class='ocrx_word' id='word_1_88' title='bbox 197 1024 255 1074; x_wconf 87' lang='lat' dir='ltr'><strong>isto</strong></span> <span class='ocrx_word' id='word_1_89' title='bbox 276 1012 380 1076; x_wconf 84' lang='lat' dir='ltr'><strong>cavillo</strong></span> <span class='ocrx_word' id='word_1_90' title='bbox 400 1012 478 1072; x_wconf 90' lang='lat' dir='ltr'><strong>elabi</strong></span> <span class='ocrx_word' id='word_1_91' title='bbox 497 1022 654 1086; x_wconf 87' lang='lat' dir='ltr'><strong>conantur,</strong></span> <span class='ocrx_word' id='word_1_92' title='bbox 673 1013 795 1113; x_wconf 90' lang='lat' dir='ltr'><strong>proprie</strong></span> <span class='ocrx_word' id='word_1_93' title='bbox 815 1026 845 1072; x_wconf 88' lang='lat' dir='ltr'><strong>et</strong></span> <span class='ocrx_word' id='word_1_94' title='bbox 864 1023 932 1094; x_wconf 87' lang='lat' dir='ltr'><strong>apte</strong></span> <span class='ocrx_word' id='word_1_95' title='bbox 952 1011 1070 1086; x_wconf 86' lang='lat' dir='ltr'><strong>subiici,</strong></span> <span class='ocrx_word' id='word_1_96' title='bbox 1090 1010 1240 1072; x_wconf 84' lang='lat' dir='ltr'><strong>Christum</strong></span> <span class='ocrx_word' id='word_1_97' title='bbox 1261 1013 1338 1073; x_wconf 82' lang='lat' dir='ltr'><strong>sore</strong></span> 
     </span>
    </p>

    <p class='ocr_par' dir='ltr' id='par_1_10' title="bbox 198 1087 1339 1170">
     <span class='ocr_line' id='line_1_11' title="bbox 198 1087 1339 1170; baseline -0.002 -20"><span class='ocrx_word' id='word_1_98' title='bbox 198 1089 297 1150; x_wconf 88' lang='lat' dir='ltr'><strong>salutis</strong></span> <span class='ocrx_word' id='word_1_99' title='bbox 317 1101 479 1162; x_wconf 87' lang='lat' dir='ltr'><strong>auctorem,</strong></span> <span class='ocrx_word' id='word_1_100' title='bbox 498 1087 565 1169; x_wconf 89' lang='lat' dir='ltr'><strong>quia</strong></span> <span class='ocrx_word' id='word_1_101' title='bbox 585 1101 721 1148; x_wconf 87' lang='lat' dir='ltr'><strong>aeternus</strong></span> <span class='ocrx_word' id='word_1_102' title='bbox 741 1089 777 1150; x_wconf 88' lang='lat' dir='ltr'><strong>sit</strong></span> <span class='ocrx_word' id='word_1_103' title='bbox 795 1089 886 1148; x_wconf 84' lang='lat' dir='ltr'><strong>Deus.</strong></span> <span class='ocrx_word' id='word_1_104' title='bbox 930 1089 1035 1167; x_wconf 87' lang='lat' dir='ltr'><strong>Neque</strong></span> <span class='ocrx_word' id='word_1_105' title='bbox 1055 1089 1133 1148; x_wconf 91' lang='lat' dir='ltr'><strong>enim</strong></span> <span class='ocrx_word' id='word_1_106' title='bbox 1154 1089 1210 1149; x_wconf 90' lang='lat' dir='ltr'><strong>lioc</strong></span> <span class='ocrx_word' id='word_1_107' title='bbox 1231 1090 1339 1170; x_wconf 89' lang='lat' dir='ltr'><strong>agitur</strong></span> 
     </span>
    </p>

    <p class='ocr_par' dir='ltr' id='par_1_11' title="bbox 197 1161 1340 1245">
     <span class='ocr_line' id='line_1_12' title="bbox 197 1161 1340 1245; baseline 0 -20"><span class='ocrx_word' id='word_1_108' title='bbox 197 1161 306 1240; x_wconf 91' lang='lat' dir='ltr'><strong>solum,</strong></span> <span class='ocrx_word' id='word_1_109' title='bbox 326 1163 502 1245; x_wconf 89' lang='lat' dir='ltr'><strong>quidnobis</strong></span> <span class='ocrx_word' id='word_1_110' title='bbox 520 1165 601 1224; x_wconf 84' lang='lat' dir='ltr'><strong>Deus</strong></span> <span class='ocrx_word' id='word_1_111' title='bbox 622 1177 764 1244; x_wconf 89' lang='lat' dir='ltr'><strong>praestet:</strong></span> <span class='ocrx_word' id='word_1_112' title='bbox 790 1166 841 1225; x_wconf 91' lang='lat' dir='ltr'><strong>sed</strong></span> <span class='ocrx_word' id='word_1_113' title='bbox 862 1164 939 1225; x_wconf 89' lang='lat' dir='ltr'><strong>Filio</strong></span> <span class='ocrx_word' id='word_1_114' title='bbox 960 1165 1021 1224; x_wconf 90' lang='lat' dir='ltr'><strong>eius</strong></span> <span class='ocrx_word' id='word_1_115' title='bbox 1039 1185 1073 1224; x_wconf 84' lang='lat' dir='ltr'><strong>ex</strong></span> <span class='ocrx_word' id='word_1_116' title='bbox 1092 1186 1124 1224; x_wconf 88' lang='lat' dir='ltr'><strong>re</strong></span> <span class='ocrx_word' id='word_1_117' title='bbox 1143 1185 1252 1224; x_wconf 90' lang='lat' dir='ltr'><strong>nornen</strong></span> <span class='ocrx_word' id='word_1_118' title='bbox 1275 1167 1340 1225; x_wconf 86' lang='lat' dir='ltr'><strong>im-</strong></span> 
     </span>
    </p>

    <p class='ocr_par' dir='ltr' id='par_1_12' title="bbox 198 1241 1337 1323">
     <span class='ocr_line' id='line_1_13' title="bbox 198 1241 1337 1323; baseline 0 -21"><span class='ocrx_word' id='word_1_119' title='bbox 198 1242 321 1323; x_wconf 83' lang='lat' dir='ltr'><strong>ponitur</strong></span> <span class='ocrx_word' id='word_1_120' title='bbox 346 1261 379 1301; x_wconf 88' lang='lat' dir='ltr'><strong>eii</strong></span> <span class='ocrx_word' id='word_1_121' title='bbox 398 1242 553 1315; x_wconf 88' lang='lat' dir='ltr'><strong>mandato,</strong></span> <span class='ocrx_word' id='word_1_122' title='bbox 578 1243 658 1319; x_wconf 93' lang='lat' dir='ltr'><strong>qnod</strong></span> <span class='ocrx_word' id='word_1_123' title='bbox 683 1241 727 1300; x_wconf 90' lang='lat' dir='ltr'><strong>illi</strong></span> <span class='ocrx_word' id='word_1_124' title='bbox 746 1242 909 1304; x_wconf 87' lang='lat' dir='ltr'><strong>iniunctum</strong></span> <span class='ocrx_word' id='word_1_125' title='bbox 935 1252 979 1301; x_wconf 88' lang='lat' dir='ltr'><strong>est</strong></span> <span class='ocrx_word' id='word_1_126' title='bbox 998 1261 1013 1300; x_wconf 86' lang='lat' dir='ltr'><strong>a</strong></span> <span class='ocrx_word' id='word_1_127' title='bbox 1034 1241 1122 1301; x_wconf 85' lang='lat' dir='ltr'><strong>Patre</strong></span> <span class='ocrx_word' id='word_1_128' title='bbox 1165 1262 1200 1301; x_wconf 85' lang='lat' dir='ltr'><strong>ex</strong></span> <span class='ocrx_word' id='word_1_129' title='bbox 1224 1241 1337 1302; x_wconf 80' lang='lat' dir='ltr'><strong>officio</strong></span> 
     </span>
    </p>

    <p class='ocr_par' dir='ltr' id='par_1_13' title="bbox 200 1286 1336 1408">
     <span class='ocr_line' id='line_1_14' title="bbox 200 1286 1336 1408; baseline 0.001 -30"><span class='ocrx_word' id='word_1_130' title='bbox 200 1339 260 1398; x_wconf 93' lang='lat' dir='ltr'><strong>quo</strong></span> <span class='ocrx_word' id='word_1_131' title='bbox 285 1317 433 1399; x_wconf 91' lang='lat' dir='ltr'><strong>praeditus</strong></span> <span class='ocrx_word' id='word_1_132' title='bbox 458 1317 494 1376; x_wconf 87' lang='lat' dir='ltr'><strong>ad</strong></span> <span class='ocrx_word' id='word_1_133' title='bbox 513 1337 568 1378; x_wconf 90' lang='lat' dir='ltr'><strong>nos</strong></span> <span class='ocrx_word' id='word_1_134' title='bbox 595 1317 753 1379; x_wconf 87' lang='lat' dir='ltr'><strong>descendit</strong></span> <span class='ocrx_word' id='word_1_135' title='bbox 803 1317 867 1378; x_wconf 90' lang='lat' dir='ltr'><strong>Iam</strong></span> <span class='ocrx_word' id='word_1_136' title='bbox 890 1337 962 1379; x_wconf 89' lang='lat' dir='ltr'><strong>vero</strong></span> <span class='ocrx_word' id='word_1_137' title='bbox 988 1316 1053 1398; x_wconf 90' lang='lat' dir='ltr'><strong>plus</strong></span> <span class='ocrx_word' id='word_1_138' title='bbox 1074 1286 1160 1408; x_wconf 76' lang='lat' dir='ltr'><strong>quain</strong></span> <span class='ocrx_word' id='word_1_139' title='bbox 1185 1318 1336 1379; x_wconf 89' lang='lat' dir='ltr'><strong>insulsum</strong></span> 
     </span>
    </p>

    <p class='ocr_par' dir='ltr' id='par_1_14' title="bbox 174 1393 1337 1551">
     <span class='ocr_line' id='line_1_15' title="bbox 174 1393 1337 1474; baseline 0 -18"><span class='ocrx_word' id='word_1_140' title='bbox 174 1427 176 1444; x_wconf 90' lang='lat'><em>·</em></span> <span class='ocrx_word' id='word_1_141' title='bbox 199 1405 255 1470; x_wconf 91' lang='lat' dir='ltr'><strong>est,</strong></span> <span class='ocrx_word' id='word_1_142' title='bbox 275 1416 364 1474; x_wconf 92' lang='lat' dir='ltr'><strong>quum</strong></span> <span class='ocrx_word' id='word_1_143' title='bbox 377 1395 457 1454; x_wconf 83' lang='lat' dir='ltr'><strong>&#39;dnae</strong></span> <span class='ocrx_word' id='word_1_144' title='bbox 476 1393 547 1453; x_wconf 89' lang='lat' dir='ltr'><strong>istae</strong></span> <span class='ocrx_word' id='word_1_145' title='bbox 566 1413 654 1455; x_wconf 81' lang='lat' dir='ltr'><strong>voees</strong></span> <span class='ocrx_word' id='word_1_146' title='bbox 673 1395 742 1454; x_wconf 90' lang='lat' dir='ltr'><strong>Iesu</strong></span> <span class='ocrx_word' id='word_1_147' title='bbox 762 1405 792 1454; x_wconf 88' lang='lat' dir='ltr'><strong>et</strong></span> <span class='ocrx_word' id='word_1_148' title='bbox 810 1393 921 1456; x_wconf 82' lang='lat' dir='ltr'><strong>labora</strong></span> <span class='ocrx_word' id='word_1_149' title='bbox 939 1393 1067 1454; x_wconf 89' lang='lat' dir='ltr'><strong>nonnisi</strong></span> <span class='ocrx_word' id='word_1_150' title='bbox 1086 1415 1117 1453; x_wconf 93' lang='lat' dir='ltr'><strong>in</strong></span> <span class='ocrx_word' id='word_1_151' title='bbox 1129 1394 1239 1455; x_wconf 87' lang='lat' dir='ltr'><strong>duabus</strong></span> <span class='ocrx_word' id='word_1_152' title='bbox 1260 1395 1337 1456; x_wconf 89' lang='lat' dir='ltr'><strong>lite-</strong></span> 
     </span>
     <span class='ocr_line' id='line_1_16' title="bbox 199 1467 1337 1551; baseline 0 -19"><span class='ocrx_word' id='word_1_153' title='bbox 199 1471 240 1532; x_wconf 85' lang='lat' dir='ltr'><strong>ris</strong></span> <span class='ocrx_word' id='word_1_154' title='bbox 260 1471 447 1542; x_wconf 82' lang='lat' dir='ltr'><strong>conreniant,</strong></span> <span class='ocrx_word' id='word_1_155' title='bbox 466 1468 497 1528; x_wconf 90' lang='lat' dir='ltr'><strong>iu</strong></span> <span class='ocrx_word' id='word_1_156' title='bbox 517 1467 579 1530; x_wconf 88' lang='lat' dir='ltr'><strong>aliis</strong></span> <span class='ocrx_word' id='word_1_157' title='bbox 599 1483 696 1530; x_wconf 88' lang='lat' dir='ltr'><strong>autern</strong></span> <span class='ocrx_word' id='word_1_158' title='bbox 717 1470 872 1546; x_wconf 80' lang='lat' dir='ltr'><strong>differant,</strong></span> <span class='ocrx_word' id='word_1_159' title='bbox 892 1489 966 1550; x_wconf 90' lang='lat' dir='ltr'><strong>quae</strong></span> <span class='ocrx_word' id='word_1_160' title='bbox 986 1470 1058 1530; x_wconf 90' lang='lat' dir='ltr'><strong>nihil</strong></span> <span class='ocrx_word' id='word_1_161' title='bbox 1080 1471 1190 1531; x_wconf 88' lang='lat' dir='ltr'><strong>babent</strong></span> <span class='ocrx_word' id='word_1_162' title='bbox 1208 1492 1337 1551; x_wconf 86' lang='lat' dir='ltr'><strong>prorsus</strong></span> 
     </span>
    </p>

    <p class='ocr_par' dir='ltr' id='par_1_15' title="bbox 91 1545 1338 1788">
     <span class='ocr_line' id='line_1_17' title="bbox 91 1545 1338 1625; baseline 0.002 -19"><span class='ocrx_word' id='word_1_163' title='bbox 91 1547 98 1560; x_wconf 74' lang='lat'><strong><em>¹</em></strong></span> <span class='ocrx_word' id='word_1_164' title='bbox 201 1548 281 1608; x_wconf 89' lang='lat' dir='ltr'><strong>inter</strong></span> <span class='ocrx_word' id='word_1_165' title='bbox 306 1566 336 1607; x_wconf 89' lang='lat' dir='ltr'><strong>se</strong></span> <span class='ocrx_word' id='word_1_166' title='bbox 362 1545 511 1606; x_wconf 81' lang='lat' dir='ltr'><strong>affinitatis</strong></span> <span class='ocrx_word' id='word_1_167' title='bbox 537 1545 622 1605; x_wconf 91' lang='lat' dir='ltr'><strong>simul</strong></span> <span class='ocrx_word' id='word_1_168' title='bbox 647 1547 784 1621; x_wconf 88' lang='lat' dir='ltr'><strong>miscere,</strong></span> <span class='ocrx_word' id='word_1_169' title='bbox 811 1549 891 1625; x_wconf 87' lang='lat' dir='ltr'><strong>quasi</strong></span> <span class='ocrx_word' id='word_1_170' title='bbox 915 1558 1007 1605; x_wconf 84' lang='lat' dir='ltr'><strong>unum¹</strong></span> <span class='ocrx_word' id='word_1_171' title='bbox 1031 1547 1069 1608; x_wconf 84' lang='lat' dir='ltr'><strong>sit</strong></span> <span class='ocrx_word' id='word_1_172' title='bbox 1087 1567 1205 1606; x_wconf 91' lang='lat' dir='ltr'><strong>nomen.</strong></span> <span class='ocrx_word' id='word_1_173' title='bbox 1254 1549 1338 1609; x_wconf 87' lang='lat' dir='ltr'><strong>Tale</strong></span> 
     </span>
     <span class='ocr_line' id='line_1_18' title="bbox 202 1619 1338 1702; baseline 0.002 -18"><span class='ocrx_word' id='word_1_174' title='bbox 202 1623 352 1684; x_wconf 88' lang='lat' dir='ltr'><strong>conflandi</strong></span> <span class='ocrx_word' id='word_1_175' title='bbox 393 1641 464 1682; x_wconf 85' lang='lat' dir='ltr'><strong>enus</strong></span> <span class='ocrx_word' id='word_1_176' title='bbox 482 1619 659 1682; x_wconf 86' lang='lat' dir='ltr'><strong>alchnmistis</strong></span> <span class='ocrx_word' id='word_1_177' title='bbox 674 1623 823 1702; x_wconf 87' lang='lat' dir='ltr'><strong>relinquo,</strong></span> <span class='ocrx_word' id='word_1_178' title='bbox 843 1623 949 1702; x_wconf 91' lang='lat' dir='ltr'><strong>quibus</strong></span> <span class='ocrx_word' id='word_1_179' title='bbox 968 1644 1031 1684; x_wconf 90' lang='lat' dir='ltr'><strong>non</strong></span> <span class='ocrx_word' id='word_1_180' title='bbox 1050 1623 1171 1683; x_wconf 88' lang='lat' dir='ltr'><strong>multum</strong></span> <span class='ocrx_word' id='word_1_181' title='bbox 1184 1624 1338 1686; x_wconf 85' lang='lat' dir='ltr'><strong>absimiles</strong></span> 
     </span>
     <span class='ocr_line' id='line_1_19' title="bbox 202 1642 1337 1788; baseline 0.001 -28"><span class='ocrx_word' id='word_1_182' title='bbox 202 1711 271 1762; x_wconf 89' lang='lat' dir='ltr'><strong>sunt</strong></span> <span class='ocrx_word' id='word_1_183' title='bbox 289 1642 483 1771; x_wconf 66' lang='lat' dir='ltr'><strong>rabodone,</strong></span> <span class='ocrx_word' id='word_1_184' title='bbox 507 1698 558 1776; x_wconf 92' lang='lat' dir='ltr'><strong>qni</strong></span> <span class='ocrx_word' id='word_1_185' title='bbox 577 1697 691 1788; x_wconf 85' lang='lat' dir='ltr'><strong>putidas</strong></span> <span class='ocrx_word' id='word_1_186' title='bbox 716 1700 783 1759; x_wconf 93' lang='lat' dir='ltr'><strong>istas</strong></span> <span class='ocrx_word' id='word_1_187' title='bbox 802 1699 963 1778; x_wconf 89' lang='lat' dir='ltr'><strong>inanesque</strong></span> <span class='ocrx_word' id='word_1_188' title='bbox 984 1700 1110 1781; x_wconf 84' lang='lat' dir='ltr'><strong>argutias</strong></span> <span class='ocrx_word' id='word_1_189' title='bbox 1131 1700 1216 1760; x_wconf 88' lang='lat' dir='ltr'><strong>nobis</strong></span> <span class='ocrx_word' id='word_1_190' title='bbox 1237 1703 1337 1761; x_wconf 86' lang='lat' dir='ltr'><strong>sabri-</strong></span> 
     </span>
    </p>

    <p class='ocr_par' dir='ltr' id='par_1_16' title="bbox 169 1773 1338 2480">
     <span class='ocr_line' id='line_1_20' title="bbox 169 1773 1337 1857; baseline 0.003 -21"><span class='ocrx_word' id='word_1_191' title='bbox 169 1781 173 1798; x_wconf 91' lang='lat'><em>&#39;</em></span> <span class='ocrx_word' id='word_1_192' title='bbox 202 1787 280 1837; x_wconf 91' lang='lat' dir='ltr'><strong>cant.</strong></span> <span class='ocrx_word' id='word_1_193' title='bbox 317 1775 361 1840; x_wconf 81' lang='lat' dir='ltr'><strong>Er</strong></span> <span class='ocrx_word' id='word_1_194' title='bbox 383 1793 401 1834; x_wconf 96' lang='lat' dir='ltr'><strong>o</strong></span> <span class='ocrx_word' id='word_1_195' title='bbox 420 1773 512 1833; x_wconf 81' lang='lat' dir='ltr'><strong>Filius</strong></span> <span class='ocrx_word' id='word_1_196' title='bbox 530 1773 600 1849; x_wconf 89' lang='lat' dir='ltr'><strong>Dei,</strong></span> <span class='ocrx_word' id='word_1_197' title='bbox 620 1793 709 1853; x_wconf 90' lang='lat' dir='ltr'><strong>quuni</strong></span> <span class='ocrx_word' id='word_1_198' title='bbox 723 1775 766 1841; x_wconf 82' lang='lat' dir='ltr'><strong>iad</strong></span> <span class='ocrx_word' id='word_1_199' title='bbox 785 1793 840 1834; x_wconf 85' lang='lat' dir='ltr'><strong>nos</strong></span> <span class='ocrx_word' id='word_1_200' title='bbox 860 1795 948 1835; x_wconf 88' lang='lat' dir='ltr'><strong>earne</strong></span> <span class='ocrx_word' id='word_1_201' title='bbox 967 1775 1084 1836; x_wconf 89' lang='lat' dir='ltr'><strong>indutus</strong></span> <span class='ocrx_word' id='word_1_202' title='bbox 1104 1777 1225 1857; x_wconf 81' lang='lat' dir='ltr'><strong>prodiit,¹</strong></span> <span class='ocrx_word' id='word_1_203' title='bbox 1243 1779 1337 1839; x_wconf 90' lang='lat' dir='ltr'><strong>simul</strong></span> 
     </span>
     <span class='ocr_line' id='line_1_21' title="bbox 203 1794 1338 1987; baseline 0.003 -75"><span class='ocrx_word' id='word_1_204' title='bbox 203 1851 319 1932; x_wconf 90' lang='lat' dir='ltr'><strong>accepit</strong></span> <span class='ocrx_word' id='word_1_205' title='bbox 337 1794 454 1913; x_wconf 50' lang='lat' dir='ltr'><strong>alatro</strong></span> <span class='ocrx_word' id='word_1_206' title='bbox 473 1867 595 1925; x_wconf 92' lang='lat' dir='ltr'><strong>nomen,</strong></span> <span class='ocrx_word' id='word_1_207' title='bbox 614 1871 648 1909; x_wconf 88' lang='lat' dir='ltr'><strong>ex</strong></span> <span class='ocrx_word' id='word_1_208' title='bbox 668 1872 727 1931; x_wconf 92' lang='lat' dir='ltr'><strong>quo</strong></span> <span class='ocrx_word' id='word_1_209' title='bbox 740 1850 841 1987; x_wconf 85' lang='lat' dir='ltr'><strong>palam</strong></span> <span class='ocrx_word' id='word_1_210' title='bbox 858 1849 953 1926; x_wconf 84' lang='lat' dir='ltr'><strong>lieret,</strong></span> <span class='ocrx_word' id='word_1_211' title='bbox 973 1873 1060 1932; x_wconf 88' lang='lat' dir='ltr'><strong>quem</strong></span> <span class='ocrx_word' id='word_1_212' title='bbox 1079 1853 1111 1912; x_wconf 91' lang='lat' dir='ltr'><strong>in</strong></span> <span class='ocrx_word' id='word_1_213' title='bbox 1130 1851 1219 1913; x_wconf 88' lang='lat' dir='ltr'><strong>finem</strong></span> <span class='ocrx_word' id='word_1_214' title='bbox 1238 1876 1338 1916; x_wconf 87' lang='lat' dir='ltr'><strong>vene-</strong></span> 
     </span>
     <span class='ocr_line' id='line_1_22' title="bbox 203 1924 1336 2010; baseline 0.004 -23"><span class='ocrx_word' id='word_1_215' title='bbox 203 1928 258 2004; x_wconf 88' lang='lat' dir='ltr'><strong>rit,</strong></span> <span class='ocrx_word' id='word_1_216' title='bbox 274 1939 356 2008; x_wconf 79' lang='lat' dir='ltr'><strong>‘quae</strong></span> <span class='ocrx_word' id='word_1_217' title='bbox 375 1925 413 1984; x_wconf 88' lang='lat' dir='ltr'><strong>sit</strong></span> <span class='ocrx_word' id='word_1_218' title='bbox 432 1924 493 1984; x_wconf 84' lang='lat' dir='ltr'><strong>eius</strong></span> <span class='ocrx_word' id='word_1_219' title='bbox 511 1925 619 2000; x_wconf 88' lang='lat' dir='ltr'><strong>virtus,</strong></span> <span class='ocrx_word' id='word_1_220' title='bbox 639 1939 669 1986; x_wconf 89' lang='lat' dir='ltr'><strong>et</strong></span> <span class='ocrx_word' id='word_1_221' title='bbox 689 1927 738 2007; x_wconf 93' lang='lat' dir='ltr'><strong>qui</strong></span> <span class='ocrx_word' id='word_1_222' title='bbox 778 1927 899 2009; x_wconf 91' lang='lat' dir='ltr'><strong>proprie</strong></span> <span class='ocrx_word' id='word_1_223' title='bbox 925 1927 962 1988; x_wconf 87' lang='lat' dir='ltr'><strong>ab</strong></span> <span class='ocrx_word' id='word_1_224' title='bbox 983 1949 1019 1989; x_wconf 90' lang='lat' dir='ltr'><strong>eo</strong></span> <span class='ocrx_word' id='word_1_225' title='bbox 1039 1929 1078 1989; x_wconf 90' lang='lat' dir='ltr'><strong>sit</strong></span> <span class='ocrx_word' id='word_1_226' title='bbox 1096 1933 1336 2010; x_wconf 86' lang='lat' dir='ltr'><strong>exspectandum.</strong></span> 
     </span>
     <span class='ocr_line' id='line_1_23' title="bbox 203 2001 1336 2092; baseline 0.003 -28"><span class='ocrx_word' id='word_1_227' title='bbox 203 2004 300 2065; x_wconf 82' lang='lat' dir='ltr'><strong>Radix</strong></span> <span class='ocrx_word' id='word_1_228' title='bbox 328 2001 407 2063; x_wconf 88' lang='lat' dir='ltr'><strong>enirn</strong></span> <span class='ocrx_word' id='word_1_229' title='bbox 430 2001 557 2062; x_wconf 91' lang='lat' dir='ltr'><strong>nominis</strong></span> <span class='ocrx_word' id='word_1_230' title='bbox 583 2003 651 2070; x_wconf 90' lang='lat' dir='ltr'><strong>Iesu</strong></span> <span class='ocrx_word' id='word_1_231' title='bbox 680 2013 724 2063; x_wconf 88' lang='lat' dir='ltr'><strong>est</strong></span> <span class='ocrx_word' id='word_1_232' title='bbox 752 2004 794 2064; x_wconf 90' lang='lat' dir='ltr'><strong>ab</strong></span> <span class='ocrx_word' id='word_1_233' title='bbox 815 2002 954 2065; x_wconf 87' lang='lat' dir='ltr'><strong>hebraico</strong></span> <span class='ocrx_word' id='word_1_234' title='bbox 977 2005 1070 2066; x_wconf 87' lang='lat' dir='ltr'><strong>verbo</strong></span> <span class='ocrx_word' id='word_1_235' title='bbox 1096 2006 1198 2086; x_wconf 89' lang='lat' dir='ltr'><strong>Hipbil</strong></span> <span class='ocrx_word' id='word_1_236' title='bbox 1223 2022 1336 2092; x_wconf 58' lang='lat' dir='ltr'><strong>mutin,</strong></span> 
     </span>
     <span class='ocr_line' id='line_1_24' title="bbox 206 2085 1337 2177; baseline 0.004 -28"><span class='ocrx_word' id='word_1_237' title='bbox 206 2089 288 2170; x_wconf 83' lang='lat' dir='ltr'><strong>quod</strong></span> <span class='ocrx_word' id='word_1_238' title='bbox 317 2107 433 2149; x_wconf 74' lang='lat' dir='ltr'><strong>rernm</strong></span> <span class='ocrx_word' id='word_1_239' title='bbox 459 2085 613 2167; x_wconf 85' lang='lat' dir='ltr'><strong>signifieat.</strong></span> <span class='ocrx_word' id='word_1_240' title='bbox 671 2089 818 2151; x_wconf 84' lang='lat' dir='ltr'><strong>Hebraico</strong></span> <span class='ocrx_word' id='word_1_241' title='bbox 851 2091 968 2171; x_wconf 90' lang='lat' dir='ltr'><strong>quidem</strong></span> <span class='ocrx_word' id='word_1_242' title='bbox 998 2093 1084 2154; x_wconf 88' lang='lat' dir='ltr'><strong>aliter</strong></span> <span class='ocrx_word' id='word_1_243' title='bbox 1112 2094 1337 2177; x_wconf 85' lang='lat' dir='ltr'><strong>pronuntiatur,</strong></span> 
     </span>
     <span class='ocr_line' id='line_1_25' title="bbox 203 2161 1336 2250; baseline 0.01 -30"><span class='ocrx_word' id='word_1_244' title='bbox 203 2185 313 2246; x_wconf 73' lang='lat' dir='ltr'><strong>nempe</strong></span> <span class='ocrx_word' id='word_1_245' title='bbox 332 2161 506 2228; x_wconf 86' lang='lat' dir='ltr'><strong>lehoschua:</strong></span> <span class='ocrx_word' id='word_1_246' title='bbox 532 2164 583 2223; x_wconf 91' lang='lat' dir='ltr'><strong>scd</strong></span> <span class='ocrx_word' id='word_1_247' title='bbox 603 2165 822 2248; x_wconf 84' lang='lat' dir='ltr'><strong>Evangelistae,</strong></span> <span class='ocrx_word' id='word_1_248' title='bbox 870 2191 940 2233; x_wconf 84' lang='lat' dir='ltr'><strong>nuni</strong></span> <span class='ocrx_word' id='word_1_249' title='bbox 958 2167 1063 2250; x_wconf 77' lang='lat' dir='ltr'><strong>grisea</strong></span> <span class='ocrx_word' id='word_1_250' title='bbox 1083 2171 1263 2246; x_wconf 81' lang='lat' dir='ltr'><strong>scriberent,</strong></span> <span class='ocrx_word' id='word_1_251' title='bbox 1282 2193 1336 2231; x_wconf 91' lang='lat' dir='ltr'><strong>re-</strong></span> 
     </span>
     <span class='ocr_line' id='line_1_26' title="bbox 204 2239 1335 2327; baseline 0.004 -23"><span class='ocrx_word' id='word_1_252' title='bbox 204 2253 324 2322; x_wconf 89' lang='lat' dir='ltr'><strong>ceptum</strong></span> <span class='ocrx_word' id='word_1_253' title='bbox 342 2239 485 2320; x_wconf 88' lang='lat' dir='ltr'><strong>loquendi</strong></span> <span class='ocrx_word' id='word_1_254' title='bbox 502 2257 587 2300; x_wconf 85' lang='lat' dir='ltr'><strong>usum</strong></span> <span class='ocrx_word' id='word_1_255' title='bbox 606 2243 721 2322; x_wconf 85' lang='lat' dir='ltr'><strong>sequuti</strong></span> <span class='ocrx_word' id='word_1_256' title='bbox 740 2255 817 2303; x_wconf 89' lang='lat' dir='ltr'><strong>sunt.</strong></span> <span class='ocrx_word' id='word_1_257' title='bbox 889 2266 935 2304; x_wconf 91' lang='lat' dir='ltr'><strong>ain</strong></span> <span class='ocrx_word' id='word_1_258' title='bbox 955 2245 1054 2327; x_wconf 87' lang='lat' dir='ltr'><strong>graeei</strong></span> <span class='ocrx_word' id='word_1_259' title='bbox 1076 2248 1153 2308; x_wconf 88' lang='lat' dir='ltr'><strong>inter</strong></span> <span class='ocrx_word' id='word_1_260' title='bbox 1175 2260 1251 2308; x_wconf 86' lang='lat' dir='ltr'><strong>retes</strong></span> <span class='ocrx_word' id='word_1_261' title='bbox 1272 2259 1335 2308; x_wconf 87' lang='lat' dir='ltr'><strong>tarn</strong></span> 
     </span>
     <span class='ocr_line' id='line_1_27' title="bbox 204 2269 1336 2402; baseline 0.007 -24"><span class='ocrx_word' id='word_1_262' title='bbox 204 2318 283 2402; x_wconf 89' lang='lat' dir='ltr'><strong>apud</strong></span> <span class='ocrx_word' id='word_1_263' title='bbox 295 2319 412 2394; x_wconf 75' lang='lat' dir='ltr'><strong>Mosen,</strong></span> <span class='ocrx_word' id='word_1_264' title='bbox 430 2335 517 2396; x_wconf 89' lang='lat' dir='ltr'><strong>quam</strong></span> <span class='ocrx_word' id='word_1_265' title='bbox 536 2316 566 2376; x_wconf 93' lang='lat' dir='ltr'><strong>iii</strong></span> <span class='ocrx_word' id='word_1_266' title='bbox 587 2316 649 2378; x_wconf 92' lang='lat' dir='ltr'><strong>aliis</strong></span> <span class='ocrx_word' id='word_1_267' title='bbox 668 2318 750 2378; x_wconf 86' lang='lat' dir='ltr'><strong>libris</strong></span> <span class='ocrx_word' id='word_1_268' title='bbox 762 2320 974 2381; x_wconf 83' lang='lat' dir='ltr'><strong>transtulerunt</strong></span> <span class='ocrx_word' id='word_1_269' title='bbox 988 2324 1104 2392; x_wconf 77' lang='grc' dir='ltr'>Ἰησοῦν.</span> <span class='ocrx_word' id='word_1_270' title='bbox 1144 2269 1214 2400; x_wconf 63' lang='grc' dir='ltr'><strong>δυο</strong></span> <span class='ocrx_word' id='word_1_271' title='bbox 1226 2325 1336 2386; x_wconf 85' lang='lat' dir='ltr'><strong>iterum</strong></span> 
     </span>
     <span class='ocr_line' id='line_1_28' title="bbox 205 2391 1337 2480; baseline 0.005 -23"><span class='ocrx_word' id='word_1_272' title='bbox 205 2395 375 2476; x_wconf 82' lang='lat' dir='ltr'><strong>coarguitur</strong></span> <span class='ocrx_word' id='word_1_273' title='bbox 400 2411 504 2453; x_wconf 86' lang='lat' dir='ltr'><strong>eorum</strong></span> <span class='ocrx_word' id='word_1_274' title='bbox 527 2391 656 2469; x_wconf 87' lang='lat' dir='ltr'><strong>inscitia,</strong></span> <span class='ocrx_word' id='word_1_275' title='bbox 681 2395 731 2475; x_wconf 90' lang='lat' dir='ltr'><strong>qui</strong></span> <span class='ocrx_word' id='word_1_276' title='bbox 755 2417 864 2456; x_wconf 89' lang='lat' dir='ltr'><strong>nomen</strong></span> <span class='ocrx_word' id='word_1_277' title='bbox 884 2397 952 2458; x_wconf 90' lang='lat' dir='ltr'><strong>Iesu</strong></span> <span class='ocrx_word' id='word_1_278' title='bbox 976 2419 992 2458; x_wconf 92' lang='lat' dir='ltr'><strong>a</strong></span> <span class='ocrx_word' id='word_1_279' title='bbox 1018 2399 1127 2461; x_wconf 85' lang='lat' dir='ltr'><strong>Iehova</strong></span> <span class='ocrx_word' id='word_1_280' title='bbox 1153 2401 1337 2480; x_wconf 87' lang='lat' dir='ltr'><strong>detorquent</strong></span> 
     </span>
    </p>

    <p class='ocr_par' dir='ltr' id='par_1_17' title="bbox 88 2467 1371 4465">
     <span class='ocr_line' id='line_1_29' title="bbox 204 2467 1336 2605; baseline 0.011 -79"><span class='ocrx_word' id='word_1_281' title='bbox 204 2473 304 2554; x_wconf 82' lang='lat' dir='ltr'><strong>potius</strong></span> <span class='ocrx_word' id='word_1_282' title='bbox 329 2488 416 2605; x_wconf 85' lang='lat' dir='ltr'><strong>quani</strong></span> <span class='ocrx_word' id='word_1_283' title='bbox 444 2467 592 2530; x_wconf 85' lang='lat' dir='ltr'><strong>derivant:</strong></span> <span class='ocrx_word' id='word_1_284' title='bbox 618 2471 730 2532; x_wconf 84' lang='lat' dir='ltr'><strong>ducunt</strong></span> <span class='ocrx_word' id='word_1_285' title='bbox 754 2473 832 2532; x_wconf 86' lang='lat' dir='ltr'><strong>enini</strong></span> <span class='ocrx_word' id='word_1_286' title='bbox 857 2472 900 2532; x_wconf 92' lang='lat' dir='ltr'><strong>illi</strong></span> <span class='ocrx_word' id='word_1_287' title='bbox 926 2495 982 2554; x_wconf 91' lang='lat' dir='ltr'><strong>pro</strong></span> <span class='ocrx_word' id='word_1_288' title='bbox 1006 2497 1115 2558; x_wconf 84' lang='lat' dir='ltr'><strong>magno</strong></span> <span class='ocrx_word' id='word_1_289' title='bbox 1140 2477 1284 2553; x_wconf 89' lang='lat' dir='ltr'><strong>absurdo,</strong></span> <span class='ocrx_word' id='word_1_290' title='bbox 1310 2482 1336 2539; x_wconf 92' lang='lat' dir='ltr'><strong>si</strong></span> 
     </span>
     <span class='ocr_line' id='line_1_30' title="bbox 203 2549 1338 2632; baseline 0.008 -24"><span class='ocrx_word' id='word_1_291' title='bbox 203 2569 318 2613; x_wconf 90' lang='lat' dir='ltr'><strong>sacrum</strong></span> <span class='ocrx_word' id='word_1_292' title='bbox 359 2565 525 2609; x_wconf 80' lang='lat' dir='ltr'><strong>nonomen</strong></span> <span class='ocrx_word' id='word_1_293' title='bbox 544 2563 701 2607; x_wconf 88' lang='lat' dir='ltr'><strong>commune</strong></span> <span class='ocrx_word' id='word_1_294' title='bbox 719 2549 851 2611; x_wconf 87' lang='lat' dir='ltr'><strong>mortalis</strong></span> <span class='ocrx_word' id='word_1_295' title='bbox 868 2550 1013 2632; x_wconf 85' lang='lat' dir='ltr'><strong>quispiam</strong></span> <span class='ocrx_word' id='word_1_296' title='bbox 1035 2552 1123 2612; x_wconf 88' lang='lat' dir='ltr'><strong>hoino</strong></span> <span class='ocrx_word' id='word_1_297' title='bbox 1139 2554 1246 2614; x_wconf 89' lang='lat' dir='ltr'><strong>habeat</strong></span> <span class='ocrx_word' id='word_1_298' title='bbox 1266 2579 1338 2616; x_wconf 86' lang='lat' dir='ltr'><strong>eum</strong></span> 
     </span>
     <span class='ocr_line' id='line_1_31' title="bbox 204 2621 1335 2707; baseline 0.006 -23"><span class='ocrx_word' id='word_1_299' title='bbox 204 2625 283 2684; x_wconf 86' lang='lat' dir='ltr'><strong>Filio</strong></span> <span class='ocrx_word' id='word_1_300' title='bbox 303 2623 379 2698; x_wconf 89' lang='lat' dir='ltr'><strong>Dei,</strong></span> <span class='ocrx_word' id='word_1_301' title='bbox 404 2641 438 2680; x_wconf 85' lang='lat' dir='ltr'><strong>ac</strong></span> <span class='ocrx_word' id='word_1_302' title='bbox 457 2621 569 2704; x_wconf 85' lang='lat' dir='ltr'><strong>tragice</strong></span> <span class='ocrx_word' id='word_1_303' title='bbox 590 2623 765 2700; x_wconf 89' lang='lat' dir='ltr'><strong>exclamarit,</strong></span> <span class='ocrx_word' id='word_1_304' title='bbox 788 2646 938 2706; x_wconf 87' lang='lat' dir='ltr'><strong>nunquam</strong></span> <span class='ocrx_word' id='word_1_305' title='bbox 958 2648 1108 2707; x_wconf 88' lang='lat' dir='ltr'><strong>passurum</strong></span> <span class='ocrx_word' id='word_1_306' title='bbox 1133 2629 1220 2690; x_wconf 86' lang='lat' dir='ltr'><strong>luisse</strong></span> <span class='ocrx_word' id='word_1_307' title='bbox 1242 2629 1335 2691; x_wconf 86' lang='lat' dir='ltr'><strong>Chri-</strong></span> 
     </span>
     <span class='ocr_line' id='line_1_32' title="bbox 203 2697 1336 2786; baseline 0.005 -23"><span class='ocrx_word' id='word_1_308' title='bbox 203 2713 291 2776; x_wconf 88' lang='lat' dir='ltr'><strong>stum,</strong></span> <span class='ocrx_word' id='word_1_309' title='bbox 309 2700 351 2760; x_wconf 89' lang='lat' dir='ltr'><strong>sie</strong></span> <span class='ocrx_word' id='word_1_310' title='bbox 369 2717 480 2758; x_wconf 87' lang='lat' dir='ltr'><strong>nomen</strong></span> <span class='ocrx_word' id='word_1_311' title='bbox 498 2719 580 2757; x_wconf 90' lang='lat' dir='ltr'><strong>suuni</strong></span> <span class='ocrx_word' id='word_1_312' title='bbox 621 2697 760 2760; x_wconf 87' lang='lat' dir='ltr'><strong>rolanari.</strong></span> <span class='ocrx_word' id='word_1_313' title='bbox 801 2701 894 2776; x_wconf 88' lang='lat' dir='ltr'><strong>Quasi</strong></span> <span class='ocrx_word' id='word_1_314' title='bbox 912 2724 983 2764; x_wconf 83' lang='lat' dir='ltr'><strong>vero</strong></span> <span class='ocrx_word' id='word_1_315' title='bbox 1003 2725 1065 2764; x_wconf 87' lang='lat' dir='ltr'><strong>non</strong></span> <span class='ocrx_word' id='word_1_316' title='bbox 1084 2707 1122 2766; x_wconf 88' lang='lat' dir='ltr'><strong>sit</strong></span> <span class='ocrx_word' id='word_1_317' title='bbox 1140 2707 1170 2765; x_wconf 93' lang='lat' dir='ltr'><strong>iii</strong></span> <span class='ocrx_word' id='word_1_318' title='bbox 1191 2728 1276 2786; x_wconf 78' lang='lat' dir='ltr'><strong>proni</strong></span> <span class='ocrx_word' id='word_1_319' title='bbox 1301 2721 1336 2769; x_wconf 89' lang='lat' dir='ltr'><strong>tu</strong></span> 
     </span>
     <span class='ocr_line' id='line_1_33' title="bbox 208 2719 1336 2862; baseline 0.011 -29"><span class='ocrx_word' id='word_1_320' title='bbox 208 2778 391 2860; x_wconf 57' lang='grc' dir='ltr'><strong>ἀιζτίςροφον,</strong></span> <span class='ocrx_word' id='word_1_321' title='bbox 409 2771 465 2832; x_wconf 88' lang='lat' dir='ltr'><strong>illis</strong></span> <span class='ocrx_word' id='word_1_322' title='bbox 487 2719 653 2836; x_wconf 70' lang='lat' dir='ltr'><strong>hominidus</strong></span> <span class='ocrx_word' id='word_1_323' title='bbox 672 2797 782 2838; x_wconf 91' lang='lat' dir='ltr'><strong>nomen</strong></span> <span class='ocrx_word' id='word_1_324' title='bbox 799 2778 938 2838; x_wconf 89' lang='lat' dir='ltr'><strong>Iesunon</strong></span> <span class='ocrx_word' id='word_1_325' title='bbox 957 2780 1052 2840; x_wconf 88' lang='lat' dir='ltr'><strong>minus</strong></span> <span class='ocrx_word' id='word_1_326' title='bbox 1072 2803 1157 2862; x_wconf 87' lang='lat' dir='ltr'><strong>quain</strong></span> <span class='ocrx_word' id='word_1_327' title='bbox 1169 2731 1336 2846; x_wconf 80' lang='lat' dir='ltr'><strong>Ieliosciina</strong></span> 
     </span>
     <span class='ocr_line' id='line_1_34' title="bbox 203 2846 1337 2930; baseline 0.016 -25"><span class='ocrx_word' id='word_1_328' title='bbox 203 2846 293 2906; x_wconf 78' lang='lat' dir='ltr'><strong>iuuse</strong></span> <span class='ocrx_word' id='word_1_329' title='bbox 318 2865 482 2908; x_wconf 87' lang='lat' dir='ltr'><strong>commuue.</strong></span> <span class='ocrx_word' id='word_1_330' title='bbox 529 2850 616 2911; x_wconf 89' lang='lat' dir='ltr'><strong>Nunc</strong></span> <span class='ocrx_word' id='word_1_331' title='bbox 663 2853 709 2912; x_wconf 88' lang='lat' dir='ltr'><strong>uia</strong></span> <span class='ocrx_word' id='word_1_332' title='bbox 734 2854 801 2914; x_wconf 87' lang='lat' dir='ltr'><strong>satis</strong></span> <span class='ocrx_word' id='word_1_333' title='bbox 822 2865 951 2930; x_wconf 87' lang='lat' dir='ltr'><strong>constat,</strong></span> <span class='ocrx_word' id='word_1_334' title='bbox 970 2855 1081 2918; x_wconf 74' lang='lat' dir='ltr'><strong>‘Filium</strong></span> <span class='ocrx_word' id='word_1_335' title='bbox 1102 2859 1159 2918; x_wconf 91' lang='lat' dir='ltr'><strong>Dei</strong></span> <span class='ocrx_word' id='word_1_336' title='bbox 1184 2860 1238 2920; x_wconf 92' lang='lat' dir='ltr'><strong>sub</strong></span> <span class='ocrx_word' id='word_1_337' title='bbox 1258 2883 1337 2924; x_wconf 77' lang='lat' dir='ltr'><strong>voce</strong></span> 
     </span>
     <span class='ocr_line' id='line_1_35' title="bbox 147 2873 1336 3014; baseline 0.011 -35"><span class='ocrx_word' id='word_1_338' title='bbox 147 2925 151 2936; x_wconf 94' lang='lat'>&#39;</span> <span class='ocrx_word' id='word_1_339' title='bbox 204 2921 275 3010; x_wconf 82' lang='lat' dir='ltr'><strong>lesp</strong></span> <span class='ocrx_word' id='word_1_340' title='bbox 293 2920 380 2982; x_wconf 89' lang='lat' dir='ltr'><strong>nobis</strong></span> <span class='ocrx_word' id='word_1_341' title='bbox 400 2926 599 2986; x_wconf 89' lang='lat' dir='ltr'><strong>commendari</strong></span> <span class='ocrx_word' id='word_1_342' title='bbox 618 2873 716 2988; x_wconf 78' lang='lat' dir='ltr'><strong>salutis</strong></span> <span class='ocrx_word' id='word_1_343' title='bbox 742 2943 903 3005; x_wconf 88' lang='lat' dir='ltr'><strong>auotorem,</strong></span> <span class='ocrx_word' id='word_1_344' title='bbox 929 2933 1051 3014; x_wconf 86' lang='lat' dir='ltr'><strong>propius</strong></span> <span class='ocrx_word' id='word_1_345' title='bbox 1068 2935 1249 3008; x_wconf 68' lang='lat' dir='ltr'><strong>{excutiamus</strong></span> <span class='ocrx_word' id='word_1_346' title='bbox 1268 2940 1336 3003; x_wconf 72' lang='lat' dir='ltr'><strong>Aii-</strong></span> 
     </span>
     <span class='ocr_line' id='line_1_36' title="bbox 204 2995 1336 3132; baseline 0.02 -77"><span class='ocrx_word' id='word_1_347' title='bbox 204 2995 267 3132; x_wconf 69' lang='lat' dir='ltr'><strong>gcli</strong></span> <span class='ocrx_word' id='word_1_348' title='bbox 294 2995 393 3060; x_wconf 81' lang='lat' dir='ltr'><strong>verba.</strong></span> <span class='ocrx_word' id='word_1_349' title='bbox 448 2999 584 3076; x_wconf 81' lang='lat' dir='ltr'><strong>Sulniiiii,</strong></span> <span class='ocrx_word' id='word_1_350' title='bbox 615 3004 645 3062; x_wconf 92' lang='lat' dir='ltr'><strong>in</strong></span> <span class='ocrx_word' id='word_1_351' title='bbox 667 3005 726 3081; x_wconf 92' lang='lat' dir='ltr'><strong>uit,</strong></span> <span class='ocrx_word' id='word_1_352' title='bbox 746 3005 854 3090; x_wconf 77' lang='lat' dir='ltr'><strong>furiet</strong></span> <span class='ocrx_word' id='word_1_353' title='bbox 870 3009 1011 3082; x_wconf 78' lang='lat' dir='ltr'><strong>populum</strong></span> <span class='ocrx_word' id='word_1_354' title='bbox 1037 3032 1121 3070; x_wconf 77' lang='lat' dir='ltr'><strong>mium</strong></span> <span class='ocrx_word' id='word_1_355' title='bbox 1151 3033 1170 3072; x_wconf 81' lang='lat' dir='ltr'><strong>ii</strong></span> <span class='ocrx_word' id='word_1_356' title='bbox 1195 3021 1336 3088; x_wconf 66' lang='lat' dir='ltr'><strong>morietis</strong></span> 
     </span>
     <span class='ocr_line' id='line_1_37' title="bbox 232 3025 1337 3170; baseline 0.022 -40"><span class='ocrx_word' id='word_1_357' title='bbox 232 3092 307 3163; x_wconf 75' lang='lat' dir='ltr'><strong>riipo</strong></span> <span class='ocrx_word' id='word_1_358' title='bbox 331 3075 492 3166; x_wconf 80' lang='lat' dir='ltr'><strong>tenendum</strong></span> <span class='ocrx_word' id='word_1_359' title='bbox 513 3089 574 3149; x_wconf 86' lang='lat' dir='ltr'><strong>est,</strong></span> <span class='ocrx_word' id='word_1_360' title='bbox 597 3025 729 3170; x_wconf 77' lang='lat' dir='ltr'><strong>perditos</strong></span> <span class='ocrx_word' id='word_1_361' title='bbox 754 3085 784 3142; x_wconf 92' lang='lat' dir='ltr'><strong>in</strong></span> <span class='ocrx_word' id='word_1_362' title='bbox 805 3104 837 3144; x_wconf 88' lang='lat' dir='ltr'><strong>se</strong></span> <span class='ocrx_word' id='word_1_363' title='bbox 863 3083 932 3164; x_wconf 84' lang='lat' dir='ltr'><strong>ipsis</strong></span> <span class='ocrx_word' id='word_1_364' title='bbox 952 3105 1029 3160; x_wconf 82' lang='lat' dir='ltr'><strong>esse,</strong></span> <span class='ocrx_word' id='word_1_365' title='bbox 1055 3087 1160 3168; x_wconf 92' lang='lat' dir='ltr'><strong>quibus</strong></span> <span class='ocrx_word' id='word_1_366' title='bbox 1185 3095 1337 3154; x_wconf 84' lang='lat' dir='ltr'><strong>servandis</strong></span> 
     </span>
     <span class='ocr_line' id='line_1_38' title="bbox 88 3147 1337 3236; baseline 0.018 -28"><span class='ocrx_word' id='word_1_367' title='bbox 88 3215 95 3236; x_wconf 50' lang='grc' dir='ltr'><strong><em>Ι</em></strong></span> <span class='ocrx_word' id='word_1_368' title='bbox 186 3159 331 3222; x_wconf 86' lang='lat' dir='ltr'><strong>mittitur</strong></span> <span class='ocrx_word' id='word_1_369' title='bbox 355 3147 505 3214; x_wconf 82' lang='lat' dir='ltr'><strong>Cliristlis:</strong></span> <span class='ocrx_word' id='word_1_370' title='bbox 532 3156 707 3217; x_wconf 90' lang='lat' dir='ltr'><strong>nominatim</strong></span> <span class='ocrx_word' id='word_1_371' title='bbox 738 3171 835 3220; x_wconf 87' lang='lat' dir='ltr'><strong>antem</strong></span> <span class='ocrx_word' id='word_1_372' title='bbox 864 3173 986 3221; x_wconf 88' lang='lat' dir='ltr'><strong>vocatur</strong></span> <span class='ocrx_word' id='word_1_373' title='bbox 1013 3163 1162 3224; x_wconf 85' lang='lat' dir='ltr'><strong>Ecclesiae</strong></span> <span class='ocrx_word' id='word_1_374' title='bbox 1193 3181 1337 3231; x_wconf 85' lang='lat' dir='ltr'><strong>servator.</strong></span> 
     </span>
     <span class='ocr_line' id='line_1_39' title="bbox 206 3224 1338 3327; baseline 0.019 -41"><span class='ocrx_word' id='word_1_375' title='bbox 206 3226 241 3286; x_wconf 90' lang='lat' dir='ltr'><strong>Si</strong></span> <span class='ocrx_word' id='word_1_376' title='bbox 264 3224 295 3284; x_wconf 87' lang='lat' dir='ltr'><strong>iii</strong></span> <span class='ocrx_word' id='word_1_377' title='bbox 314 3239 411 3316; x_wconf 84' lang='lat' dir='ltr'><strong>mprte</strong></span> <span class='ocrx_word' id='word_1_378' title='bbox 438 3240 468 3288; x_wconf 86' lang='lat' dir='ltr'><strong>et</strong></span> <span class='ocrx_word' id='word_1_379' title='bbox 486 3229 606 3292; x_wconf 86' lang='lat' dir='ltr'><strong>interitu</strong></span> <span class='ocrx_word' id='word_1_380' title='bbox 632 3233 756 3295; x_wconf 89' lang='lat' dir='ltr'><strong>demersi</strong></span> <span class='ocrx_word' id='word_1_381' title='bbox 781 3249 863 3314; x_wconf 89' lang='lat' dir='ltr'><strong>sunt,</strong></span> <span class='ocrx_word' id='word_1_382' title='bbox 890 3257 963 3327; x_wconf 85' lang='lat' dir='ltr'><strong>quos</strong></span> <span class='ocrx_word' id='word_1_383' title='bbox 990 3238 1046 3300; x_wconf 91' lang='lat' dir='ltr'><strong>sibi</strong></span> <span class='ocrx_word' id='word_1_384' title='bbox 1065 3241 1146 3301; x_wconf 87' lang='lat' dir='ltr'><strong>Deus</strong></span> <span class='ocrx_word' id='word_1_385' title='bbox 1172 3243 1338 3325; x_wconf 88' lang='lat' dir='ltr'><strong>coniunxit,</strong></span> 
     </span>
     <span class='ocr_line' id='line_1_40' title="bbox 207 3301 1334 3392; baseline 0.02 -30"><span class='ocrx_word' id='word_1_386' title='bbox 207 3303 304 3362; x_wconf 85' lang='lat' dir='ltr'><strong>donec</strong></span> <span class='ocrx_word' id='word_1_387' title='bbox 326 3314 416 3392; x_wconf 71' lang='lat' dir='ltr'><strong>aptam</strong></span> <span class='ocrx_word' id='word_1_388' title='bbox 439 3304 496 3364; x_wconf 91' lang='lat' dir='ltr'><strong>illis</strong></span> <span class='ocrx_word' id='word_1_389' title='bbox 520 3310 654 3369; x_wconf 84' lang='lat' dir='ltr'><strong>restituat</strong></span> <span class='ocrx_word' id='word_1_390' title='bbox 679 3308 828 3387; x_wconf 72' lang='lat' dir='ltr'><strong>(diuistus,</strong></span> <span class='ocrx_word' id='word_1_391' title='bbox 852 3315 921 3392; x_wconf 92' lang='lat' dir='ltr'><strong>quid</strong></span> <span class='ocrx_word' id='word_1_392' title='bbox 947 3301 984 3375; x_wconf 89' lang='lat' dir='ltr'><strong>de</strong></span> <span class='ocrx_word' id='word_1_393' title='bbox 1009 3317 1150 3378; x_wconf 86' lang='lat' dir='ltr'><strong>extraneis</strong></span> <span class='ocrx_word' id='word_1_394' title='bbox 1176 3320 1334 3385; x_wconf 87' lang='lat' dir='ltr'><strong>dicendum</strong></span> 
     </span>
     <span class='ocr_line' id='line_1_41' title="bbox 113 3378 1335 3525; baseline 0.018 -89"><span class='ocrx_word' id='word_1_395' title='bbox 113 3411 120 3425; x_wconf 86' lang='lat'><em>·</em></span> <span class='ocrx_word' id='word_1_396' title='bbox 207 3379 279 3453; x_wconf 86' lang='lat' dir='ltr'><strong>erit,</strong></span> <span class='ocrx_word' id='word_1_397' title='bbox 304 3378 409 3457; x_wconf 88' lang='lat' dir='ltr'><strong>quibus</strong></span> <span class='ocrx_word' id='word_1_398' title='bbox 433 3379 514 3441; x_wconf 90' lang='lat' dir='ltr'><strong>nulla</strong></span> <span class='ocrx_word' id='word_1_399' title='bbox 537 3405 665 3465; x_wconf 88' lang='lat' dir='ltr'><strong>unquam</strong></span> <span class='ocrx_word' id='word_1_400' title='bbox 685 3387 796 3462; x_wconf 77' lang='lat' dir='ltr'><strong>affulsit</strong></span> <span class='ocrx_word' id='word_1_401' title='bbox 819 3409 885 3525; x_wconf 81' lang='lat' dir='ltr'><strong>spes</strong></span> <span class='ocrx_word' id='word_1_402' title='bbox 909 3391 1007 3454; x_wconf 75' lang='lat' dir='ltr'><strong>vitae?</strong></span> <span class='ocrx_word' id='word_1_403' title='bbox 1034 3415 1123 3472; x_wconf 90' lang='lat' dir='ltr'><strong>quare</strong></span> <span class='ocrx_word' id='word_1_404' title='bbox 1147 3399 1335 3464; x_wconf 84' lang='lat' dir='ltr'><strong>statuendum</strong></span> 
     </span>
     <span class='ocr_line' id='line_1_42' title="bbox 207 3458 1335 3541; baseline 0.02 -27"><span class='ocrx_word' id='word_1_405' title='bbox 207 3466 262 3541; x_wconf 65' lang='lat' dir='ltr'><strong>est,</strong></span> <span class='ocrx_word' id='word_1_406' title='bbox 280 3465 376 3514; x_wconf 89' lang='lat' dir='ltr'><strong>totum</strong></span> <span class='ocrx_word' id='word_1_407' title='bbox 417 3477 488 3516; x_wconf 88' lang='lat' dir='ltr'><strong>eiius</strong></span> <span class='ocrx_word' id='word_1_408' title='bbox 506 3458 665 3522; x_wconf 87' lang='lat' dir='ltr'><strong>humanum</strong></span> <span class='ocrx_word' id='word_1_409' title='bbox 687 3463 774 3522; x_wconf 84' lang='lat' dir='ltr'><strong>exitio</strong></span> <span class='ocrx_word' id='word_1_410' title='bbox 794 3464 829 3524; x_wconf 92' lang='lat' dir='ltr'><strong>ad</strong></span> <span class='ocrx_word' id='word_1_411' title='bbox 851 3464 903 3539; x_wconf 86' lang='lat' dir='ltr'><strong>ici,</strong></span> <span class='ocrx_word' id='word_1_412' title='bbox 928 3469 996 3527; x_wconf 91' lang='lat' dir='ltr'><strong>durii</strong></span> <span class='ocrx_word' id='word_1_413' title='bbox 1014 3469 1046 3528; x_wconf 89' lang='lat' dir='ltr'><strong>in</strong></span> <span class='ocrx_word' id='word_1_414' title='bbox 1067 3469 1186 3531; x_wconf 86' lang='lat' dir='ltr'><strong>Christo</strong></span> <span class='ocrx_word' id='word_1_415' title='bbox 1207 3472 1335 3536; x_wconf 92' lang='lat' dir='ltr'><strong>includi-</strong></span> 
     </span>
     <span class='ocr_line' id='line_1_43' title="bbox 101 3523 1336 3626; baseline 0.021 -39"><span class='ocrx_word' id='word_1_416' title='bbox 101 3579 113 3596; x_wconf 77' lang='lat'>.</span> <span class='ocrx_word' id='word_1_417' title='bbox 206 3529 359 3621; x_wconf 81' lang='lat' dir='ltr'><strong>tursalps.</strong></span> <span class='ocrx_word' id='word_1_418' title='bbox 428 3523 508 3594; x_wconf 88' lang='lat' dir='ltr'><strong>erurii</strong></span> <span class='ocrx_word' id='word_1_419' title='bbox 528 3527 658 3597; x_wconf 85' lang='lat' dir='ltr'><strong>notaiida</strong></span> <span class='ocrx_word' id='word_1_420' title='bbox 678 3539 761 3620; x_wconf 76' lang='lat' dir='ltr'><strong>simul</strong></span> <span class='ocrx_word' id='word_1_421' title='bbox 782 3552 826 3600; x_wconf 89' lang='lat' dir='ltr'><strong>est</strong></span> <span class='ocrx_word' id='word_1_422' title='bbox 846 3539 924 3618; x_wconf 84' lang='lat' dir='ltr'><strong>exitii</strong></span> <span class='ocrx_word' id='word_1_423' title='bbox 944 3566 1042 3605; x_wconf 88' lang='lat' dir='ltr'><strong>causa:</strong></span> <span class='ocrx_word' id='word_1_424' title='bbox 1062 3567 1159 3626; x_wconf 87' lang='lat' dir='ltr'><strong>neque</strong></span> <span class='ocrx_word' id='word_1_425' title='bbox 1179 3550 1257 3608; x_wconf 91' lang='lat' dir='ltr'><strong>enim</strong></span> <span class='ocrx_word' id='word_1_426' title='bbox 1279 3575 1336 3614; x_wconf 92' lang='lat' dir='ltr'><strong>nos</strong></span> 
     </span>
     <span class='ocr_line' id='line_1_44' title="bbox 179 3607 1335 3702; baseline 0.02 -36"><span class='ocrx_word' id='word_1_427' title='bbox 179 3637 182 3654; x_wconf 85' lang='lat'><em>·</em></span> <span class='ocrx_word' id='word_1_428' title='bbox 208 3607 343 3667; x_wconf 86' lang='lat' dir='ltr'><strong>coelestis</strong></span> <span class='ocrx_word' id='word_1_429' title='bbox 362 3608 453 3668; x_wconf 86' lang='lat' dir='ltr'><strong>Index</strong></span> <span class='ocrx_word' id='word_1_430' title='bbox 474 3622 585 3672; x_wconf 89' lang='lat' dir='ltr'><strong>temere</strong></span> <span class='ocrx_word' id='word_1_431' title='bbox 606 3625 636 3686; x_wconf 83' lang='lat' dir='ltr'><strong>et</strong></span> <span class='ocrx_word' id='word_1_432' title='bbox 656 3615 706 3674; x_wconf 91' lang='lat' dir='ltr'><strong>abs</strong></span> <span class='ocrx_word' id='word_1_433' title='bbox 726 3637 758 3674; x_wconf 91' lang='lat' dir='ltr'><strong>re</strong></span> <span class='ocrx_word' id='word_1_434' title='bbox 778 3616 948 3680; x_wconf 79' lang='lat' dir='ltr'><strong>maledictos</strong></span> <span class='ocrx_word' id='word_1_435' title='bbox 969 3643 1031 3680; x_wconf 87' lang='lat' dir='ltr'><strong>csse</strong></span> <span class='ocrx_word' id='word_1_436' title='bbox 1051 3624 1231 3702; x_wconf 88' lang='lat' dir='ltr'><strong>pronuntiat.</strong></span> <span class='ocrx_word' id='word_1_437' title='bbox 1270 3629 1335 3690; x_wconf 90' lang='lat' dir='ltr'><strong>Te-</strong></span> 
     </span>
     <span class='ocr_line' id='line_1_45' title="bbox 207 3687 1336 3778; baseline 0.021 -36"><span class='ocrx_word' id='word_1_438' title='bbox 207 3695 301 3743; x_wconf 84' lang='lat' dir='ltr'><strong>statur</strong></span> <span class='ocrx_word' id='word_1_439' title='bbox 319 3704 392 3766; x_wconf 87' lang='lat' dir='ltr'><strong>ergo</strong></span> <span class='ocrx_word' id='word_1_440' title='bbox 404 3687 547 3778; x_wconf 79' lang='lat' dir='ltr'><strong>Apgelus‚</strong></span> <span class='ocrx_word' id='word_1_441' title='bbox 566 3710 620 3748; x_wconf 90' lang='lat' dir='ltr'><strong>nos</strong></span> <span class='ocrx_word' id='word_1_442' title='bbox 640 3691 770 3771; x_wconf 87' lang='lat' dir='ltr'><strong>periisse,</strong></span> <span class='ocrx_word' id='word_1_443' title='bbox 789 3713 823 3754; x_wconf 90' lang='lat' dir='ltr'><strong>ac</strong></span> <span class='ocrx_word' id='word_1_444' title='bbox 842 3697 938 3755; x_wconf 84' lang='lat' dir='ltr'><strong>teneri</strong></span> <span class='ocrx_word' id='word_1_445' title='bbox 956 3699 1009 3757; x_wconf 90' lang='lat' dir='ltr'><strong>sub</strong></span> <span class='ocrx_word' id='word_1_446' title='bbox 1029 3700 1133 3761; x_wconf 87' lang='lat' dir='ltr'><strong>misera</strong></span> <span class='ocrx_word' id='word_1_447' title='bbox 1146 3700 1336 3767; x_wconf 86' lang='lat' dir='ltr'><strong>damnatione</strong></span> 
     </span>
     <span class='ocr_line' id='line_1_46' title="bbox 143 3766 1335 3851; baseline 0.021 -33"><span class='ocrx_word' id='word_1_448' title='bbox 143 3766 148 3800; x_wconf 82' lang='lat'><strong>¹</strong></span> <span class='ocrx_word' id='word_1_449' title='bbox 208 3780 375 3851; x_wconf 78' lang='lat' dir='ltr'><strong>oppressos,</strong></span> <span class='ocrx_word' id='word_1_450' title='bbox 395 3783 462 3841; x_wconf 90' lang='lat' dir='ltr'><strong>qnia</strong></span> <span class='ocrx_word' id='word_1_451' title='bbox 482 3767 731 3843; x_wconf 83' lang='lat' dir='ltr'><strong>peccatisnostris</strong></span> <span class='ocrx_word' id='word_1_452' title='bbox 752 3768 869 3832; x_wconf 85' lang='lat' dir='ltr'><strong>alienati</strong></span> <span class='ocrx_word' id='word_1_453' title='bbox 888 3794 984 3832; x_wconf 86' lang='lat' dir='ltr'><strong>eunius</strong></span> <span class='ocrx_word' id='word_1_454' title='bbox 1004 3776 1099 3836; x_wconf 80' lang='lat' dir='ltr'><strong>avita.</strong></span> <span class='ocrx_word' id='word_1_455' title='bbox 1138 3777 1226 3838; x_wconf 88' lang='lat' dir='ltr'><strong>Unde</strong></span> <span class='ocrx_word' id='word_1_456' title='bbox 1247 3783 1335 3844; x_wconf 90' lang='lat' dir='ltr'><strong>nobis</strong></span> 
     </span>
     <span class='ocr_line' id='line_1_47' title="bbox 208 3838 1334 3929; baseline 0.02 -33"><span class='ocrx_word' id='word_1_457' title='bbox 208 3838 372 3926; x_wconf 75' lang='lat' dir='ltr'><strong>ostenditur</strong></span> <span class='ocrx_word' id='word_1_458' title='bbox 397 3850 519 3898; x_wconf 86' lang='lat' dir='ltr'><strong>naturae</strong></span> <span class='ocrx_word' id='word_1_459' title='bbox 545 3853 663 3902; x_wconf 90' lang='lat' dir='ltr'><strong>nostrae</strong></span> <span class='ocrx_word' id='word_1_460' title='bbox 683 3847 834 3926; x_wconf 81' lang='lat' dir='ltr'><strong>corruptio</strong></span> <span class='ocrx_word' id='word_1_461' title='bbox 855 3859 884 3906; x_wconf 91' lang='lat' dir='ltr'><strong>et</strong></span> <span class='ocrx_word' id='word_1_462' title='bbox 903 3851 1042 3929; x_wconf 86' lang='lat' dir='ltr'><strong>pravitas:</strong></span> <span class='ocrx_word' id='word_1_463' title='bbox 1068 3873 1135 3912; x_wconf 88' lang='lat' dir='ltr'><strong>nam</strong></span> <span class='ocrx_word' id='word_1_464' title='bbox 1155 3853 1179 3913; x_wconf 86' lang='lat' dir='ltr'><strong>si</strong></span> <span class='ocrx_word' id='word_1_465' title='bbox 1203 3855 1239 3914; x_wconf 89' lang='lat' dir='ltr'><strong>ad</strong></span> <span class='ocrx_word' id='word_1_466' title='bbox 1259 3857 1334 3919; x_wconf 87' lang='lat' dir='ltr'><strong>iuste</strong></span> 
     </span>
     <span class='ocr_line' id='line_1_48' title="bbox 206 3914 1334 4005; baseline 0.02 -33"><span class='ocrx_word' id='word_1_467' title='bbox 206 3915 364 4005; x_wconf 77' lang='lat' dir='ltr'><strong>vivendum</strong></span> <span class='ocrx_word' id='word_1_468' title='bbox 384 3914 526 3992; x_wconf 82' lang='lat' dir='ltr'><strong>quispiam</strong></span> <span class='ocrx_word' id='word_1_469' title='bbox 546 3929 622 3976; x_wconf 86' lang='lat' dir='ltr'><strong>esset</strong></span> <span class='ocrx_word' id='word_1_470' title='bbox 640 3919 886 4002; x_wconf 84' lang='lat' dir='ltr'><strong>integer,p0sset</strong></span> <span class='ocrx_word' id='word_1_471' title='bbox 906 3925 1025 3987; x_wconf 89' lang='lat' dir='ltr'><strong>Christo</strong></span> <span class='ocrx_word' id='word_1_472' title='bbox 1045 3925 1203 3989; x_wconf 88' lang='lat' dir='ltr'><strong>liberatore</strong></span> <span class='ocrx_word' id='word_1_473' title='bbox 1223 3952 1334 3995; x_wconf 85' lang='lat' dir='ltr'><strong>carere.</strong></span> 
     </span>
     <span class='ocr_line' id='line_1_49' title="bbox 184 3988 1335 4098; baseline 0.022 -52"><span class='ocrx_word' id='word_1_474' title='bbox 184 3988 299 4074; x_wconf 53' lang='lat' dir='ltr'><strong>,atqui</strong></span> <span class='ocrx_word' id='word_1_475' title='bbox 318 4009 420 4050; x_wconf 90' lang='lat' dir='ltr'><strong>omnes</strong></span> <span class='ocrx_word' id='word_1_476' title='bbox 435 3991 477 4050; x_wconf 86' lang='lat' dir='ltr'><strong>¹ad</strong></span> <span class='ocrx_word' id='word_1_477' title='bbox 495 4013 585 4052; x_wconf 92' lang='lat' dir='ltr'><strong>ununi</strong></span> <span class='ocrx_word' id='word_1_478' title='bbox 603 3995 740 4084; x_wconf 78' lang='lat' dir='ltr'><strong>indigent</strong></span> <span class='ocrx_word' id='word_1_479' title='bbox 758 3998 820 4058; x_wconf 83' lang='lat' dir='ltr'><strong>eius</strong></span> <span class='ocrx_word' id='word_1_480' title='bbox 840 3999 948 4091; x_wconf 84' lang='lat' dir='ltr'><strong>gratia:</strong></span> <span class='ocrx_word' id='word_1_481' title='bbox 968 4003 1100 4082; x_wconf 89' lang='lat' dir='ltr'><strong>seqnitur</strong></span> <span class='ocrx_word' id='word_1_482' title='bbox 1116 4025 1200 4087; x_wconf 86' lang='lat' dir='ltr'><strong>ergo,</strong></span> <span class='ocrx_word' id='word_1_483' title='bbox 1217 4012 1335 4098; x_wconf 89' lang='lat' dir='ltr'><strong>peceati</strong></span> 
     </span>
     <span class='ocr_line' id='line_1_50' title="bbox 206 4073 1320 4166; baseline 0.02 -42"><span class='ocrx_word' id='word_1_484' title='bbox 206 4083 285 4154; x_wconf 41' lang='lat' dir='ltr'><strong>casea·</strong></span> <span class='ocrx_word' id='word_1_485' title='bbox 298 4085 413 4155; x_wconf 73' lang='lat' dir='ltr'><strong>servos,</strong></span> <span class='ocrx_word' id='word_1_486' title='bbox 442 4086 570 4147; x_wconf 85' lang='lat' dir='ltr'><strong>veraque</strong></span> <span class='ocrx_word' id='word_1_487' title='bbox 601 4073 709 4132; x_wconf 88' lang='lat' dir='ltr'><strong>iustitia</strong></span> <span class='ocrx_word' id='word_1_488' title='bbox 734 4073 862 4134; x_wconf 89' lang='lat' dir='ltr'><strong>destitui.</strong></span> <span class='ocrx_word' id='word_1_489' title='bbox 910 4075 988 4144; x_wconf 86' lang='lat' dir='ltr'><strong>Hinc</strong></span> <span class='ocrx_word' id='word_1_490' title='bbox 1016 4101 1132 4141; x_wconf 85' lang='lat' dir='ltr'><strong>rursum</strong></span> <span class='ocrx_word' id='word_1_491' title='bbox 1155 4081 1320 4166; x_wconf 77' lang='lat' dir='ltr'><strong>colligimus</strong></span> 
     </span>
     <span class='ocr_line' id='line_1_51' title="bbox 207 4132 1371 4236; baseline 0.023 -39"><span class='ocrx_word' id='word_1_492' title='bbox 207 4139 299 4218; x_wconf 88' lang='lat' dir='ltr'><strong>qualis</strong></span> <span class='ocrx_word' id='word_1_493' title='bbox 313 4151 365 4230; x_wconf 70' lang='lat' dir='ltr'><strong>.⁵¹l</strong></span> <span class='ocrx_word' id='word_1_494' title='bbox 385 4140 506 4203; x_wconf 82' lang='lat' dir='ltr'><strong>Christo</strong></span> <span class='ocrx_word' id='word_1_495' title='bbox 531 4148 665 4207; x_wconf 84' lang='lat' dir='ltr'><strong>servandi</strong></span> <span class='ocrx_word' id='word_1_496' title='bbox 692 4149 795 4210; x_wconf 87' lang='lat' dir='ltr'><strong>modus</strong></span> <span class='ocrx_word' id='word_1_497' title='bbox 819 4141 866 4210; x_wconf 85' lang='lat' dir='ltr'><strong>&#39;vel</strong></span> <span class='ocrx_word' id='word_1_498' title='bbox 890 4155 981 4214; x_wconf 87' lang='lat' dir='ltr'><strong>ratio:</strong></span> <span class='ocrx_word' id='word_1_499' title='bbox 1010 4177 1117 4236; x_wconf 85' lang='lat' dir='ltr'><strong>nempe</strong></span> <span class='ocrx_word' id='word_1_500' title='bbox 1143 4158 1211 4236; x_wconf 89' lang='lat' dir='ltr'><strong>quia</strong></span> <span class='ocrx_word' id='word_1_501' title='bbox 1235 4167 1290 4221; x_wconf 86' lang='lat' dir='ltr'><strong>i&#39;ios</strong></span> <span class='ocrx_word' id='word_1_502' title='bbox 1318 4132 1334 4224; x_wconf 75' lang='lat' dir='ltr'><strong>ai</strong></span> <span class='ocrx_word' id='word_1_503' title='bbox 1370 4179 1371 4186; x_wconf 77' lang='grc'>’</span> 
     </span>
     <span class='ocr_line' id='line_1_52' title="bbox 208 4215 1333 4320; baseline 0.022 -47"><span class='ocrx_word' id='word_1_504' title='bbox 208 4215 459 4294; x_wconf 86' lang='lat' dir='ltr'><strong>peccatisliberat.</strong></span> <span class='ocrx_word' id='word_1_505' title='bbox 497 4219 582 4280; x_wconf 88' lang='lat' dir='ltr'><strong>Duae</strong></span> <span class='ocrx_word' id='word_1_506' title='bbox 601 4243 693 4302; x_wconf 89' lang='lat' dir='ltr'><strong>porro</strong></span> <span class='ocrx_word' id='word_1_507' title='bbox 713 4239 780 4285; x_wconf 89' lang='lat' dir='ltr'><strong>sunt</strong></span> <span class='ocrx_word' id='word_1_508' title='bbox 793 4225 975 4289; x_wconf 87' lang='lat' dir='ltr'><strong>liberationis</strong></span> <span class='ocrx_word' id='word_1_509' title='bbox 995 4231 1078 4292; x_wconf 86' lang='lat' dir='ltr'><strong>liuius</strong></span> <span class='ocrx_word' id='word_1_510' title='bbox 1093 4247 1205 4312; x_wconf 86' lang='lat' dir='ltr'><strong>partes:</strong></span> <span class='ocrx_word' id='word_1_511' title='bbox 1225 4257 1333 4320; x_wconf 88' lang='lat' dir='ltr'><strong>nempe</strong></span> 
     </span>
     <span class='ocr_line' id='line_1_53' title="bbox 207 4291 1333 4401; baseline 0.026 -54"><span class='ocrx_word' id='word_1_512' title='bbox 207 4291 289 4369; x_wconf 92' lang='lat' dir='ltr'><strong>quod</strong></span> <span class='ocrx_word' id='word_1_513' title='bbox 308 4295 605 4384; x_wconf 72' lang='lat' dir='ltr'><strong>peraetacxpiatione</strong></span> <span class='ocrx_word' id='word_1_514' title='bbox 637 4300 771 4360; x_wconf 88' lang='lat' dir='ltr'><strong>ratuitam</strong></span> <span class='ocrx_word' id='word_1_515' title='bbox 783 4302 898 4365; x_wconf 84' lang='lat' dir='ltr'><strong>veniam</strong></span> <span class='ocrx_word' id='word_1_516' title='bbox 918 4305 1004 4366; x_wconf 90' lang='lat' dir='ltr'><strong>nobis</strong></span> <span class='ocrx_word' id='word_1_517' title='bbox 1016 4307 1113 4384; x_wconf 83' lang='lat' dir='ltr'><strong>asseri,</strong></span> <span class='ocrx_word' id='word_1_518' title='bbox 1134 4329 1190 4401; x_wconf 88' lang='lat' dir='ltr'><strong>qna</strong></span> <span class='ocrx_word' id='word_1_519' title='bbox 1205 4301 1333 4394; x_wconf 84' lang='lat' dir='ltr'><strong>exempli</strong></span> 
     </span>
     <span class='ocr_line' id='line_1_54' title="bbox 204 4373 1332 4465; baseline 0.023 -39"><span class='ocrx_word' id='word_1_520' title='bbox 204 4378 325 4430; x_wconf 75' lang='lat' dir='ltr'><strong>amiur</strong></span> <span class='ocrx_word' id='word_1_521' title='bbox 347 4380 451 4432; x_wconf 86' lang='lat' dir='ltr'><strong>mortu</strong></span> <span class='ocrx_word' id='word_1_522' title='bbox 474 4373 702 4438; x_wconf 69' lang='lat' dir='ltr'><strong>recouei&#39;emur</strong></span> <span class='ocrx_word' id='word_1_523' title='bbox 720 4375 804 4441; x_wconf 86' lang='lat' dir='ltr'><strong>Deo:</strong></span> <span class='ocrx_word' id='word_1_524' title='bbox 831 4378 938 4442; x_wconf 90' lang='lat' dir='ltr'><strong>deiude</strong></span> <span class='ocrx_word' id='word_1_525' title='bbox 964 4384 1045 4462; x_wconf 90' lang='lat' dir='ltr'><strong>quod</strong></span> <span class='ocrx_word' id='word_1_526' title='bbox 1065 4383 1179 4465; x_wconf 80' lang='lat' dir='ltr'><strong>Spiritu</strong></span> <span class='ocrx_word' id='word_1_527' title='bbox 1201 4407 1257 4451; x_wconf 92' lang='lat' dir='ltr'><strong>nos</strong></span> <span class='ocrx_word' id='word_1_528' title='bbox 1276 4413 1332 4453; x_wconf 88' lang='lat' dir='ltr'><strong>suo</strong></span> 
     </span>
    </p>
   </div>
   <div class='ocr_carea' id='block_1_3' title="bbox 0 0 1390 4834">
    <p class='ocr_par' dir='ltr' id='par_1_18' title="bbox 0 0 1390 4834">
     <span class='ocr_line' id='line_1_55' title="bbox 0 0 1390 4834; baseline 0 0"><span class='ocrx_word' id='word_1_529' title='bbox 0 0 1390 4834; x_wconf 95' lang='lat' dir='ltr'><strong> </strong></span> 
     </span>
    </p>
   </div>
  </div>
 </body>
</html>
