2764 4846
196 255 237 320 lo
349 247 523 314 ‘SECTIO
544 245 584 312 11.
623 219 763 312 micros
783 247 974 310 Panrrsras
994 261 1157 312 narsum.
1223 203 1233 212 ⁸

198 424 272 467 nere
299 402 372 465 olim
396 403 466 467 iussi
488 403 551 464 sint
571 401 739 466 sacerdotes
763 401 805 464 ab
821 397 977 476 uxoribus,
1007 421 1068 492 quo
1086 410 1223 480 ternpore
1242 400 1348 460 sacris

199 501 322 561 operam
341 477 460 556 dabant,
476 479 585 540 merito
600 499 679 540 nnnc
698 499 715 539 a
735 479 937 542 sacerdotibus
946 478 1059 558 requiri
1071 487 1245 570 perpetuam
1259 495 1348 535 con-

116 607 122 615 .
197 557 370 632 tinentiam,
398 556 450 636 qui
467 573 530 617 non
550 575 606 638 per
624 567 791 636 temporum
810 555 905 630 vices,
931 555 983 616 scd
1003 553 1138 634 quotidie
1157 552 1351 626 sacrificant,

199 635 374 716 praesertim
423 653 492 692 unm
516 630 607 725 longe
634 630 827 693 excellentior
855 632 895 691 sit
917 635 1068 692 sacrorum
1092 629 1219 712 dignitas
1245 649 1350 720 quarn

200 708 256 774 sub
275 709 367 792 Lege.
443 727 523 769 erum
542 729 618 769 scire
637 706 741 782 velim,
767 729 819 770 cur
838 727 900 767 uon
920 727 936 768 a
956 707 1028 768 rino
1049 724 1169 797 quoque
1189 715 1221 765 et
1239 725 1352 765 srcera

200 786 376 850 absuneanc
413 785 460 845 Ne
481 803 519 845 ue
539 785 617 845 enim
636 797 806 867 praecepta,
826 803 901 864 quae
922 781 1176 856 coniunxrtDeus,
1194 801 1226 842 se
1250 799 1350 842 arare

200 863 245 924 sas
265 851 371 937 cst‘ut
389 806 509 922 dimidia
527 871 642 921 tantum
660 881 737 941 pars,
757 861 849 921 altera
863 859 1010 943 neglecta,
1029 869 1198 940 servetur„
1239 878 1349 917 oucu-

126 989 129 994 .
200 939 280 1002 bitias
298 958 420 998 uxorum
440 937 626 1000 interdicitur
644 957 706 998 non
726 949 785 998 mm
805 937 914 997 diserte
932 956 1018 1016 φιιιιι
1031 934 1092 994 vini
1103 946 1190 1015 potus
1208 934 1349 1012 (Erech.

200 1023 254 1090 44,
272 1017 346 1092 21.).
392 1013 431 1074 si
454 1013 496 1074 Le
520 1014 543 1074 's
568 1024 720 1094 praetextu
747 1012 924 1074 coelibatum
956 1011 1039 1072 iniun
1063 1011 1087 1070 ‘t
1113 1010 1171 1071 suis
1196 1010 1349 1072 sacrificis

200 1091 294 1174 Papa,
313 1111 365 1151 eur
384 1090 483 1152 vinum
498 1033 560 1152 iilis
579 1089 740 1170 permittit?
778 1091 843 1150 Iruo
862 1087 1022 1150 secundum
1062 1085 1287 1148 onerationem
1310 1087 1348 1146 in

203 1167 318 1248 aliquos
337 1166 515 1247 templorum
534 1187 665 1227 recessus
683 1167 830 1228 sacrificos
850 1187 952 1227 omnes
972 1163 1081 1225 coniici
1100 1173 1274 1242 oporteret,
1309 1173 1349 1222 ut

202 1265 237 1305 er
259 1242 356 1320 astulis
375 1242 480 1304 inclusi
504 1253 598 1303 totam
622 1242 711 1302 vitam
730 1243 928 1337 transigerent
955 1253 1034 1302 extra
1053 1237 1207 1312 mulierum
1228 1249 1261 1299 et
1307 1259 1347 1300 o·

203 1264 269 1456 puii
289 1318 526 1380 contubernium.
564 1319 626 1380 Iam
647 1319 724 1380 clare
737 1320 939 1401 persprcimus,
956 1317 1093 1397 improbe
1105 1335 1156 1376 eos
1170 1315 1263 1376 obten
1288 1335 1349 1376 ere

231 1415 316 1479 egem
335 1395 410 1470 Dei,
437 1417 453 1456 a
494 1416 530 1456 ua
549 1395 712 1464 discedunt
750 1395 843 1458 Plena
866 1407 965 1458 umen
984 1393 1094 1455 solutio
1115 1413 1149 1452 ex
1168 1391 1349 1452 discrimine

204 1471 294 1556 Legis
315 1483 346 1532 et
364 1417 520 1555 Evangieiii
561 1471 660 1534 endet.
698 1471 845 1534 Sacerdos
871 1493 902 1532 se
923 1471 959 1538 ad
980 1469 1120 1550 expianda
1140 1467 1243 1550 populi
1266 1489 1345 1548 pec-

204 1560 269 1610 cata
279 1546 401 1610 sistebat
416 1569 515 1609 coram
528 1493 608 1622 lieo,
627 1559 661 1608 ul
680 1561 756 1610 esset
775 1549 856 1630 quasi
876 1549 935 1609 Dei
957 1559 987 1608 et
1006 1546 1158 1606 bominum
1176 1545 1345 1606 mediatore

205 1625 253 1686 cui
273 1623 338 1686 talis
358 1644 486 1706 persona
505 1623 642 1706 imposita
662 1637 741 1700 erat,
765 1647 831 1686 euru
851 1625 961 1706 aliquid
981 1619 1092 1686 babere
1112 1621 1256 1701 oportuit,
1277 1643 1345 1702 quo

120 1755 123 1762 .
205 1711 356 1781 exemptus
386 1722 403 1761 a
432 1700 581 1761 communi
616 1701 767 1762 bominum
803 1701 909 1764 ordine
942 1701 1004 1762 veri
1036 1698 1207 1762 blediatoris
1241 1697 1348 1780 ligura

205 1786 427 1860 agnosceretur.
466 1775 532 1836 Huc
558 1786 589 1838 et
606 1797 706 1838 sacrae
725 1789 820 1839 vestes
838 1775 1020 1858 spectabant
1037 1787 1068 1836 et
1085 1775 1197 1836 unctio.
1236 1775 1346 1834 Hodie

203 1853 238 1913 in
257 1849 383 1934 publicis
396 1850 547 1912 Ecclesiae
565 1852 705 1914 ministris
726 1867 757 1916 et
775 1853 941 1935 pastoribus
959 1851 1033 1913 nibil
1053 1850 1161 1914 simile:
1181 1849 1293 1930 loquor'
1303 1851 1345 1912 de

206 1925 357 2002 ministris,
378 1947 451 2008 quos
470 1927 598 1988 instituit
617 1928 750 1990 Christus
769 1930 806 1991 ad
825 1951 949 2015 gregem
967 1929 1161 2009 pascendum,
1180 1947 1242 1988 non
1264 1947 1345 2018 quos

207 2005 246 2066 ad
264 2002 474 2065 immolandum
495 2002 644 2065 Christum
671 2005 822 2069 carnifices
845 2005 939 2090 magis
964 2027 1050 2086 quam
1074 2004 1221 2066 sacrificos
1240 2003 1347 2066 imtiat

209 2081 300 2161 Papa.
341 2079 443 2155 Quare
463 2079 591 2160 Spiritus
609 2083 774 2161 sententiae
800 2084 1030 2164 acquiescamus,
1061 2102 1136 2162 quae
1155 2081 1345 2162 pronuntiat,

207 2155 386 2218 honorabile
405 2156 436 2216 in
458 2155 594 2218 omnibus
615 2177 677 2220 esse
697 2160 765 2220 coni
809 2161 868 2220 ium
891 2157 1000 2238 (Hebr.
1020 2165 1067 2233 13,
1086 2160 1139 2235 4.).

283 2237 331 2300 24.
369 2231 412 2292 Bt
429 2231 588 2294 oewltadcu
606 2255 646 2296 ae.
686 2234 784 2296 Abour
804 2259 852 2296 um
877 2236 935 2297 boc
960 2235 1090 2310 videtur,
1118 2233 1200 2312 quasi
1221 2231 1344 2293 divinae

207 2308 427 2374 benedictionis
452 2309 545 2390 ipsam
570 2311 717 2391 puduerit.
761 2311 871 2374 Putant
899 2311 1036 2392 quidem,
1066 2331 1099 2370 re
1130 2309 1225 2372 adbuc
1243 2308 1344 2380 ‚dubia

208 2407 272 2448 non
291 2403 388 2446 ausam
408 2385 497 2446 luisse
517 2386 639 2466 prodire
658 2385 689 2448 in
710 2387 874 2470 publicum,
904 2409 942 2450 ne
966 2408 998 2450 se
1017 2385 1345 2468 ludibrioexponeret,

208 2464 234 2524 si
255 2483 319 2525 eam
339 2461 475 2522 frustrata
495 2474 572 2524 esset
583 2463 687 2546 opinio
705 2487 790 2546 quam
804 2477 992 2546 conceperat
1030 2466 1098 2548 Ego
1117 2481 1190 2524 vero
1210 2463 1247 2522 de
1267 2483 1344 2541 pro-

208 2537 348 2600 missione
375 2539 442 2600 data
465 2537 508 2599 sic
532 2538 621 2601 luisse
646 2561 812 2620 persuasam
836 2555 949 2617 statuo,
976 2553 1009 2602 ut
1037 2542 1074 2602 dc
1105 2552 1214 2600 eventu
1236 2559 1342 2598 secura

209 2617 309 2680 iuuerit.
351 2613 451 2690 Quum
473 2615 551 2676 enlm
571 2617 607 2677 de
627 2617 734 2680 marito
754 2631 898 2700 sumptam
917 2638 1036 2700 gravem
1056 2636 1184 2697 poenam
1204 2626 1342 2676 cerneret

211 2693 251 2755 ob
273 2691 521 2753 inconsideratum
542 2691 660 2776 linguae
680 2694 807 2774 lapsum,
826 2717 864 2756 au
884 2717 937 2776 per
957 2695 1087 2774 quinque
1106 2712 1221 2754 menses
1241 2688 1342 2752 cont'i-

209 2788 286 2830 nuos
305 2768 428 2828 similem
448 2767 478 2828 in
501 2769 600 2830 animo
620 2768 836 2834 dubitationem
855 2770 994 2832 fovisset?
1021 2769 1131 2831 eteius
1151 2766 1242 2829 verba
1262 2767 1343 2827 clare

211 2845 428 2918 demonstrant,
466 2865 552 2922 quam
577 2865 639 2905 non
660 2843 755 2908 ¹luerit
777 2867 844 2929 spes
875 2849 936 2908 eius
960 2865 1099 2938 suspensa
1123 2845 1171 2906 vel
1195 2843 1341 2926 ambigua.

97 2951 104 2958 -
210 2921 287 2981 Nam
307 2940 394 2999 quum
415 2919 501 2996 dicit,
520 2920 682 2985 Dominum
701 2925 743 2984 sic
763 2923 882 3000 secisse,
908 2924 1016 2985 diserte
1037 2933 1068 2984 et
1085 2921 1233 3011 intrepide
1253 2941 1342 3001 prae-

212 2997 293 3056 dicat
309 3007 410 3056 nomm
431 2996 492 3056 eius
511 2997 644 3080 gratiam.
668 2999 786 3080 Duplex
802 3011 898 3062 autem
918 2999 1017 3081 potuit
1036 3019 1097 3060 esse
1118 2998 1229 3060 latendi
1242 3018 1342 3059 causa:

212 3073 312 3154 prior,
330 3093 368 3132 nc
387 3071 447 3132 Dei
466 3072 653 3150 miraculum,
673 3077 840 3157 priusquam
861 3097 932 3138 cons
955 3075 1052 3135 icuurn
1072 3088 1164 3149 esset,
1184 3068 1343 3134 variisi'ex-

213 3159 342 3230 poneret
360 3147 511 3210 bominum
529 3150 729 3229 sermonibus,
757 3165 791 3212 ut
815 3173 903 3234 saepe
928 3097 966 3214 de
991 3151 1132 3233 operibns
1150 3151 1209 3212 Dei
1230 3161 1344 3210 temere

213 3246 374 3362 parumque
395 3226 560 3288 honorifice
579 3229 692 3312 garrire
711 3227 788 3289 solet
806 3230 939 3292 mundus.
977 3229 1097 3305 Altera,
1115 3240 1164 3305 ut,
1184 3248 1272 3308 quum
1291 3247 1342 3286 sn-

235 3302 278 3363 ito
298 3301 447 3384 gravidam
458 3317 616 3365 cernerent
624 3305 769 3381 homines,
787 3307 879 3388 magis
899 3302 1094 3386 excitarentur
1113 3304 1150 3366 ad
1167 3301 1346 3365 laudandum

213 3377 321 3440 Deum.
358 3374 433 3439 Nam
454 3401 529 3458 quae
549 3380 687 3460 paulatim
708 3396 864 3465 emergunt
881 3382 941 3442 Dei
962 3402 1069 3462 opera,
1097 3401 1255 3462 progressu
1275 3379 1343 3458 ipso

213 3476 303 3536 saepe
329 3455 406 3536 apud
430 3476 485 3516 nos
509 3455 662 3518 vilescunt.
704 3459 775 3519 Non
802 3479 875 3542 ergo
899 3481 950 3520 sua
969 3477 1055 3520 causa
1076 3457 1163 3518 latuit
1180 3455 1344 3532 Elisabeth,

214 3531 266 3592 scd
286 3530 409 3592 aliorum
429 3533 523 3628 magis
541 3547 686 3614 respectu.

289 3613 336 3674 25.
375 3607 427 3668 Sic
448 3607 519 3668 madi
533 3612 615 3688 j'eclt
636 3609 790 3670 Doncinus.
828 3609 969 3672 Privatim
997 3609 1128 3672 celebrat
1146 3609 1205 3670 Dei
1225 3607 1344 3670 bonita-

214 3695 286 3760 tem,
305 3683 402 3744 donec
421 3697 565 3746 maturum
585 3685 801 3747 adveniat.eius
814 3685 1008 3766 publicandae
1028 3699 1152 3768 tempus.
1191 3684 1344 3748 Credibile

216 3773 269 3836 est,
288 3761 400 3840 scripto
421 3761 557 3822 edoctum
578 3762 666 3822 luisse
686 3762 827 3824 amarito
845 3763 881 3824 de
901 3763 1012 3824 sobole
1028 3765 1179 3845 promissa,
1198 3783 1257 3842 quo
1278 3783 1343 3822 cer-

214 3837 272 3897 tius
293 3849 324 3898 et
343 3835 487 3899 alacriore
507 3837 606 3898 animo
626 3839 723 3900 Deum
749 3839 832 3900 buius
857 3839 994 3902 beneficii
1013 3853 1164 3902 auctorem
1206 3837 1345 3913 raedicat,

109 3955 113 3965 ι
214 3911 304 3992 idque
325 3913 479 3976 confirmat
498 3916 637 3993 proximis
657 3915 770 3990 verbis,
789 3915 906 3994 quando
923 3917 1071 3992 respexit,
1096 3933 1129 3976 ut
1146 3861 1256 3978 odam
1269 3937 1344 3991 pro-

214 3985 298 4050 hrum
326 4012 426 4053 menan.
479 3989 648 4052 sterilitatis
673 3993 752 4054 cuim
777 4013 891 4052 causam
917 3993 932 4052 s
950 3994 1004 4054 isse
1034 4005 1133 4068 notat,
1165 3993 1245 4072 quod
1273 4003 1343 4050 tunc

215 4085 332 4132 aversus
352 4065 454 4126 suisset
472 4067 531 4126 Dei
552 4068 646 4128 savor.
685 4069 768 4128 Inter
790 4079 923 4129 terrenas
974 4069 1000 4128 ei
1026 4068 1249 4130 benedictiones
1270 4069 1345 4127 banc

215 4141 374 4230 praecipue
395 4156 607 4203 commemorat
618 4144 781 4224 Scriptura,
800 4146 881 4225 quod
891 4145 973 4206 Deus
991 4144 1097 4206 sobole
1117 4166 1172 4206 uos
1192 4145 1344 4226 dignetur:

216 4225 248 4274 ct
266 4228 382 4278 merrto.
419 4217 494 4278 Nam
514 4219 538 4279 si
559 4220 622 4280 eius
641 4221 812 4281 benedictio
833 4233 884 4287 est
896 4221 1049 4282 brutorum
1065 4221 1231 4282 animalium
1242 4220 1345 4279 fecun-

217 4291 305 4370 ditas,
326 4313 386 4374 quo
406 4293 599 4359 excellentior
619 4309 663 4360 est
682 4297 801 4382 generis
820 4297 937 4362 lrauuani
955 4299 1152 4382 propagatio,
1175 4319 1213 4360 eo
1232 4297 1344 4358 maiore
