2766 4834
1356 91 1358 146 l

179 231 220 294 46
359 219 513 284 SECTIO
534 218 592 282 ΙΙΙ.
628 219 708 282 taso
727 231 882 282 narrans
903 231 946 280 er
965 231 1138 280 rnrssruu
1356 151 1359 292 l

89 401 101 424 f
179 389 296 468 tempus
319 374 471 466 depositus
496 372 562 463 fuit.
594 363 760 459 *Veniamus
785 371 822 464 ad
846 375 961 432 mnam
983 371 1150 432 discrimen.
1189 370 1343 432 Minime

181 453 305 516 dubium
328 465 386 528 est,
416 473 491 542 quan
512 448 601 509 ahum
625 461 727 510 teneat
751 450 887 510 ordinem
912 449 1089 540 Matthaeus·
1103 467 1190 527 quam
1211 447 1342 524 Lucas.

179 531 267 594 Alter
286 530 364 590 enim
382 523 492 589 Davids
513 525 715 616 Salomonem,
734 525 1115 616 alterNathanssubnectst:
1136 525 1217 616 unde
1239 523 1354 603 clare¹

180 614 314 700 apparet,
329 606 461 696 ,diversas
481 603 572 694 liqeas
586 603 735 666 constitui.
774 605 859 663 llanc
871 603 982 662 dissitln
1001 624 1131 681 speciem
1151 603 1340 736 stalconei-

180 680 1340 848 tetlentescente„stritthemeetea

268 833 431 928 ngr„
451 832 751 972 westher
771 832 1189 984 tentassetis
1210 822 1364 969 ‘saed

179 933 287 1072 ¹purimrti,
304 909 675 1062 nptoqqlaebhqlcqqlppqasfiqae’
686 933 987 1060 sententiauhlricani,
1003 951 1222 1068 genealogiam,
1243 1007 1333 1064 quae
1362 942 1365 1010 l

175 1087 198 1138 ,a
216 1067 298 1126 Luca
322 1064 512 1139 describitur,
540 1063 667 1201 legalem
692 1065 791 1145 potins
816 1063 966 1154 nominat,
995 1064 1027 1122 in
1053 1063 1180 1154 eundem
1199 1081 1333 1154 sensum
1361 1062 1366 1154 l

180 1143 272 1206 redit:
292 1161 390 1278 neque
410 1140 490 1233 culn}
507 1139 568 1206 altu
585 1218 592 1232 .
607 1140 664 1232 srbs
683 1139 756 1215 vult,
776 1161 862 1219 quam
883 1140 1014 1222 legstsma
1035 1151 1160 1214 ratione,
1184 1139 1270 1218 quod
1285 1161 1331 1230 'an
1366 1182 1367 1242 ,

353 1217 498 1278 alomonis
517 1216 678 1308 stabili-tum
699 1215 796 1308 luerat
814 1237 847 1276 re
891 1237 955 1291 um,
974 1217 1094 1276 tandem
1115 1216 1151 1276 ad
1164 1214 1331 1306 ,Salathsel
1366 1252 1367 1264 κ

180 1295 430 1434 nltffitth
450 1291 1329 1450 dtlnttt‘ssttttt‘*‘tittttltffttt‘elhlttt
1367 1304 1368 1376 l

181 1449 326 1510 continuo
345 1458 415 1528 post
432 1447 578 1508 Davidem
597 1448 754 1508 nominans
773 1467 836 1507 non
857 1446 1010 1522 observat,
1045 1444 1189 1526 aquibus
1208 1459 1327 1508 secun·
1368 1424 1369 1482 l

180 1239 309 1358 gersoni

69 1545 72 1552 ’
115 1591 124 1602 ,
180 1525 250 1586 dum
269 1545 388 1586 carnem
409 1523 550 1586 eonfinua
570 1523 646 1584 serie
667 1524 784 1604 genitus
804 1525 843 1583 sit
863 1522 1013 1597 Christus,
1036 1523 1088 1582 sed
1107 1523 1263 1602 quomodo
1285 1543 1325 1583 ex
1369 1544 1370 1574 t

181 1601 344 1664 Salomone
365 1613 396 1660 et
415 1600 478 1661 aliis
496 1599 618 1692 regibus
638 1598 833 1674 descenderit,
853 1611 887 1659 ut
898 1600 926 1660 le
949 1599 1046 1660 itimus
1061 1610 1137 1660 esset
1154 1620 1326 1676 successor,
1370 1663 1371 1674 ,

180 1679 212 1740 in
240 1678 321 1738 cuius
348 1697 438 1736 manu
466 1697 551 1760 regns
576 1676 758 1756 perpetuitas
781 1620 957 1738 stabilienda
983 1687 1047 1736 erat
1070 1697 1104 1736 ex
1129 1675 1188 1736 Dei
1239 1687 1325 1737 acto.
1370 1685 1371 1708 ³

180 1749 350 1816 Probabilis
375 1765 472 1813 autem
497 1773 601 1816 conam
626 1752 730 1844 opinio
759 1765 816 1828 est,
849 1754 899 1834 qui
930 1765 1026 1814 morte
1053 1753 1179 1831 Abasjae
1225 1753 1323 1814 uitam
1370 1755 1372 1800 ἶ

180 1831 271 1894 luisse
290 1824 459 1892 Salomonis
478 1830 599 1911 stirpem
619 1829 978 1912 ειιεῑίωιηῑ(ΙΙ.Ιίες.9,
994 1831 1195 1908 27.et11,1.).
1224 1829 1324 1904 Quod
1372 1905 1373 1914 ἵ

182 1929 219 1967 ex
238 1907 416 1967 ludaeorum
436 1906 654 1966 commentariis
674 1906 809 1966 referunt
827 1907 981 1981 nonnulli,
999 1907 1169 1967 mandatum
1189 1906 1279 1967 luisse
1300 1927 1321 1967 a
1372 1925 1373 1940 ³

179 1983 308 2058 Davide,
327 1993 370 2058 ut,
388 1983 412 2044 si
432 1983 551 2063 quando
572 1983 713 2044 deficeret
724 2003 758 2043 ex
771 1982 932 2044 Salomone
943 1983 1072 2057 soboles,
1091 1983 1174 2066 regia
1185 1993 1322 2064 potestas

181 2059 336 2122 deveniret
354 2059 391 2120 ad
410 2071 546 2140 posteros
566 2060 700 2135 Nathan,
734 2059 765 2118 in
790 2061 889 2121 medio
914 2059 1066 2140 relinquo:
1098 2071 1212 2120 tantum
1231 2081 1321 2122 sumo

183 2137 265 2217 quod
283 2148 395 2196 certum
415 2148 469 2210 est,
488 2136 574 2219 regni
592 2136 807 2198 successionem
827 2158 888 2198 non
909 2138 996 2198 luisse
1016 2135 1179 2212 confusam,
1198 2139 1249 2198 sed
1270 2137 1320 2198 di-

139 2275 149 2284 ,
180 2215 305 2275 stinctos
325 2213 413 2274 suine
433 2215 549 2295 gradus.
587 2215 649 2272 Iam
670 2234 759 2292 quum
780 2225 879 2274 narrat
898 2235 978 2274 sacra
999 2213 1136 2288 historia,
1159 2226 1229 2294 post
1248 2235 1319 2276 cae-

165 2291 249 2373 ,dem
269 2289 394 2368 Abasjae
420 2309 545 2382 regnum
565 2311 582 2350 a
600 2301 693 2350 matre
722 2291 783 2350 eius
802 2291 921 2350 Athalia
946 2290 1036 2350 luisse
1064 2311 1136 2350 occu
1161 2303 1255 2366 atum,
1285 2303 1320 2352 et

102 2367 108 2390 ⁸
181 2365 327 2428 sublatum
348 2387 364 2429 e
383 2369 482 2426 medso
502 2379 597 2428 totum
617 2389 649 2428 re
673 2367 732 2428 ium
752 2387 862 2460 genus,
891 2365 956 2448 plus
977 2311 1240 2454 quam‘probabile
1261 2379 1320 2446 est,

182 2443 334 2504 amuliere
354 2441 564 2506 dominationis
577 2387 682 2524 cupida
699 2445 802 2524 impias
823 2444 886 2506 illas
907 2456 938 2504 et
956 2444 1082 2504 nefarias
1103 2444 1206 2504 caedes
1226 2443 1318 2506 luisse

182 2532 326 2602 patratas,
356 2541 394 2580 ne
419 2520 450 2580 in
476 2521 610 2582 ordinem
628 2521 774 2602 privatum
794 2532 896 2582 coacta
915 2541 1039 2614 regnum
1065 2519 1124 2579 alio
1144 2521 1320 2582 translatum

181 2597 304 2660 videret
343 2599 427 2678 Ergo
447 2597 471 2657 si
490 2598 618 2658 Ahas'ae
637 2610 783 2678 superstes
803 2597 906 2658 fuisset
925 2599 1010 2670 filius,
1030 2595 1160 2656 libenter
1177 2598 1240 2657 avia
1260 2599 1317 2658 suls

155 2711 159 2718 -
180 2672 292 2734 tutelae
312 2671 415 2739 colore
435 2621 594 2752 tranquille
613 2675 676 2734 sine
697 2674 806 2736 invidia
827 2685 856 2732 et
871 2672 1003 2753 periculo
1023 2685 1182 2756 regnasset.
1223 2675 1317 2748 Quod

181 2771 215 2812 er
237 2771 255 2810 o
276 2749 410 2816 extremis
429 2749 588 2810 sceleribus
607 2749 745 2810 infamem
764 2771 796 2810 se
816 2751 872 2828 (Π.
892 2750 987 2810 Paral.
1007 2757 1060 2824 ⁸22,
1078 2751 1129 2828 9.)
1149 2763 1180 2810 et
1200 2768 1328 2813 exosam·

181 2771 295 2900 reddit,
324 2827 539 2905 desperationis
558 2827 675 2910 signum
696 2839 754 2900 est,
786 2827 854 2915 quia
881 2827 961 2887 dorni
981 2847 1104 2908 regnum
1130 2836 1233 2888 tenere
1252 2851 1317 2890 non

182 2913 309 2985 poterat
349 2902 507 2964 Caeterum
528 2906 609 2984 quod
629 2904 695 2964 loas
706 2905 832 2980 Abasqae
850 2901 957 2964 dicitur
969 2903 1055 2976 filius,
1075 2901 1151 2963 ratio
1172 2915 1226 2978 est,
1247 2907 1316 3000 quia

92 2979 94 2994 '
183 2979 276 3062 gradu
294 2979 443 3114 proximus
463 2991 540 3056 erat,
572 2992 606 3040 ut
624 2980 731 3040 merito
758 2979 871 3040 censeri
897 2979 1021 3040 deberet
1042 3001 1130 3040 verus
1151 2990 1181 3039 et
1200 2995 1315 3044 nativus

182 3055 269 3137 regni
314 3074 404 3116 aeres.
449 3055 658 3136 Praeterquam
683 3055 762 3116 enim
788 3057 869 3136 quod
893 3057 1011 3116 Athalia
1042 3057 1081 3133 (si
1108 3057 1202 3116 aviam
1226 3059 1315 3122 luisse

183 3129 299 3209 demus)
319 3129 447 3192 libenter
466 3132 555 3194 abusa
574 3132 661 3193 titulo
686 3133 806 3192 inlantis
826 3133 936 3206 suisset,
956 3133 1021 3214 quis
1040 3133 1183 3194 mediocri
1203 3135 1315 3198 iudicio

183 3209 332 3288 praeditus
351 3208 509 3270 verisimile
530 3208 661 3289 putabit,
691 3208 852 3270 naturalem
873 3231 904 3270 re
928 3210 950 3270 ‘s
971 3209 1063 3270 lilium
1083 3209 1211 3290 potuisse
1233 3231 1315 3278 asa-

183 3285 305 3346 cerdote
325 3285 428 3348 Ioiada
448 3285 604 3359 abscondi,
629 3298 662 3345 ut
680 3306 743 3344 non
763 3287 855 3366 magis
874 3307 907 3346 so
931 3287 999 3346 icite
1020 3308 1084 3348 eum
1106 3285 1169 3346 avia
1190 3308 1315 3367 quaere-

182 3359 245 3422 ret?
286 3361 368 3438 Quin
388 3363 501 3443 potius,
530 3361 554 3421 si
582 3362 646 3442 quis
671 3359 833 3443 prudenter
857 3364 955 3423 omnia
980 3364 1140 3444 expendat,
1171 3363 1240 3425 colli
1263 3387 1314 3427 ere

204 3451 352 3518 comptum
378 3451 436 3514 est,
467 3461 500 3499 er
525 3438 583 3500 alia
614 3438 691 3500 linea
722 3439 811 3499 fuisse
861 3441 1003 3499 roximum
1033 3441 1119 3522 regni
1149 3387 1313 3503 haeredem.

105 3553 110 3562 ·
181 3459 281 3594 htquc
301 3517 332 3576 id
350 3515 407 3576 sibi
426 3515 531 3575 volunt
550 3513 639 3575 verba
660 3516 780 3577 Ioiadae
805 3517 865 3592 (1.
886 3517 981 3576 Paral.
1001 3523 1054 3590 23,
1072 3525 1101 3582 3.
1124 3559 1134 3592 ,
1165 3517 1316 3609 Regnabit

184 3591 258 3652 filius
283 3594 362 3676 regis
386 3591 545 3652 secundum
571 3604 688 3682 pactum
706 3593 831 3652 Domini
855 3615 922 3652 curn
944 3593 1075 3654 Davide:
1108 3594 1166 3654 acsi
1193 3595 1315 3672 diceret,

182 3667 245 3730 indi
290 3692 337 3728 usn
359 3687 421 3728 esse
442 3667 538 3742 nefas,
558 3690 583 3727 ss
602 3669 708 3729 mulier
726 3669 816 3729 alieni
839 3689 893 3730 ena
913 3682 1059 3750 sceptrum
1080 3671 1117 3730 ad
1136 3691 1167 3730 se
1186 3693 1218 3732 ra
1242 3685 1314 3744 eret,

184 3766 243 3825 quo
279 3747 361 3806 Deus
380 3756 457 3804 stare
477 3743 612 3804 voluerat
630 3745 660 3804 in
682 3745 790 3808 familia
809 3691 941 3807 liavidis.
980 3747 1082 3822 Quare
1102 3747 1176 3807 nibil
1196 3693 1312 3810 allburdi

184 3834 241 3896 est,
273 3824 297 3883 si
319 3820 429 3882 Christi
454 3839 547 3902 genus
573 3821 698 3883 deducat
715 3823 809 3884 Lucas
833 3846 849 3884 a
869 3823 1001 3884 Nathan:
1028 3823 1096 3902 quia
1121 3824 1186 3884 fieri
1206 3837 1313 3905 potest,

183 3911 216 3958 ut
235 3897 403 3959 Salomonis
424 3917 535 3979 genus,
561 3911 701 3988 quantum
721 3901 758 3960 ad
778 3901 864 3983 regni
884 3897 1098 3960 successionem
1118 3913 1247 3979 spectat,
1267 3904 1313 3962 in-

183 3975 343 4036 terciderit
382 3973 468 4032 Nunc
487 3974 512 4034 si
527 3995 590 4054 quis
603 3975 736 4050 obiiciat,
755 3978 852 4038 lesum
863 3997 925 4036 non
936 3997 1022 4056 posse
1033 3977 1155 4058 agnosci
1168 3978 1312 4054 lllessiam,

185 4051 235 4132 qui
276 4049 510 4121 romissus'erat‚
541 4052 597 4112 nisi
617 4054 655 4113 sit
673 4075 708 4113 ex
728 4053 896 4114 Salomonis
943 4052 1062 4126 esteris,
1095 4075 1181 4132 quem
1201 4059 1313 4114 certunl

184 4141 229 4188 est
248 4073 335 4186 liiisse
355 4139 367 4185 t
388 4149 458 4207 pum
480 4125 601 4203 Christi,
622 4131 651 4188 in
672 4142 811 4220 promptu
832 4140 876 4189 est
894 4075 1017 4188 soiutio:
1044 4132 1174 4208 quamvis
1194 4143 1311 4191 natura-

183 4202 252 4262 liter
271 4223 305 4261 ex
325 4149 485 4266 Sahsmone
505 4226 567 4265 non
579 4205 677 4266 (uerit
696 4219 827 4298 gemtus,
847 4203 935 4287 legali
954 4217 1052 4264 tamen
1073 4207 1179 4266 ordine
1199 4209 1311 4267 censeri

184 4277 246 4338 cius
265 4279 366 4355 filium,
387 4281 454 4360 quia
475 4303 508 4342 ex
528 4282 647 4364 regibus
667 4282 813 4364 originem
833 4283 922 4342 duxit.
960 4279 1023 4341 Sed
1039 4291 1121 4342 tanta
1138 4283 1170 4342 in
1188 4287 1311 4343 maee-

181 4351 236 4416 bus
258 4355 409 4419 diversitas
434 4358 542 4420 multos
566 4359 651 4420 valde
677 4357 844 4438 perturbat:
874 4380 942 4420 nam
968 4378 985 4418 a
1007 4358 1124 4420 Davide
1155 4380 1245 4440 usque
1275 4361 1310 4420 ad
