2766 4834
378 289 530 365 (m-w.
549 284 679 376 Ipannes
697 285 908 378 praedicam).
1147 295 1213 360 101¹

61 443 153 525 ipsius
181 449 219 505 et
251 437 412 528 purgabit
442 459 548 506 aream
574 457 678 521 tuam,
712 453 746 508 et
774 443 984 530 congregabit
1009 447 1145 512 triticum
1171 451 1208 514 in

59 541 207 606 lorrenm
242 536 371 606 cirrum:¹
388 537 501 626 paleas
523 550 627 606 autem
655 542 823 609 comburet
850 547 917 630 igni
943 540 1209 630 inexstinguibili
1243 595 1247 614 ,

60 645 98 708 ts
117 642 238 708 Multa
262 639 398 766 quidem
420 652 454 707 et
475 640 537 707 alia
561 643 733 709 exhortans
756 643 1000 730 evangelizabat
1020 643 1155 730 populo.

120 816 252 876 Eadem
271 815 426 896 Baptistae
449 815 539 878 verba
560 818 693 878 referunt
712 815 927 899 Evangelistae.
960 818 1040 878 'lloc
1060 837 1121 878 uno
1140 817 1208 878 Lu-¹

57 913 95 950 eas
115 893 255 956 uberior
275 903 336 964 est,
358 891 440 971 quod
461 892 541 972 prius
561 895 718 970 admonet,
738 915 794 973 qua
816 896 973 954 occasione
993 893 1092 954 habita
1113 895 1209 957 suerit.

57 971 118 1028 laec
144 969 286 1030 concio:
318 989 431 1047 nempe
461 970 527 1049 quia
554 971 717 1050 periculum
744 982 822 1044 erat,
853 992 891 1030 nc
918 967 1036 1032 Christi
1056 971 1202 1032 bonorem

57 1047 116 1104 lalsa
141 1047 310 1126 opinione
337 1045 373 1104 ad
395 1065 462 1103 eum
483 1044 565 1126 plebs
583 1047 766 1124 transferret.
811 1049 894 1130 Ergo
921 1057 953 1108 ut
973 1067 1070 1108 ausam
1092 1049 1203 1112 erroris

56 1135 162 1182 umore
211 1121 362 1194 reccidat,
381 1121 492 1182 diserte
509 1134 641 1198 testatam,
660 1147 691 1184 se
712 1145 774 1183 non
794 1143 857 1183 esse
872 1121 1020 1184 Christum
1052 1135 1140 1203 atque
1161 1125 1211 1190 ita,
1268 1147 1271 1156 ’

56 1221 81 1256 se
97 1201 132 1258 a'b
156 1143 219 1260 illia
234 1197 388 1269 discernit,
409 1209 443 1256 ut
455 1197 498 1258 ius
518 1198 561 1258 illi
581 1221 664 1259 suum
676 1210 794 1260 asserat.
832 1199 872 1258 Et
891 1168 1080 1280 bnequidcm
1092 1213 1202 1282 sponte

56 1275 180 1334 lactarus
205 1286 291 1348 erat,
317 1285 351 1332 ut
371 1273 530 1354 discipulos
552 1275 673 1335 Christo
694 1276 731 1335 dc
750 1294 839 1334 mauu
858 1275 955 1363 (quod
973 1276 1070 1354 aiunt)
1089 1276 1120 1336 in
1138 1299 1201 1338 ma·
1312 1325 1322 1348 .

56 1373 119 1409 num
137 1353 299 1412 traderet:
325 1350 378 1410 sed
398 1351 540 1412 maturius
560 1352 718 1432 anticipat,
738 1371 775 1410 ne
795 1350 904 1410 diutius
923 1351 1049 1412 tacendo
1070 1373 1203 1414 errorem

57 1429 146 1506 plebis
172 1428 359 1488 confirmet
399 1427 500 1502 Quum
528 1429 600 1490 dicit
619 1427 778 1488 fortiorem
793 1425 913 1500 venite,
937 1425 1085 1508 significat
1109 1428 1202 1512 longe

57 1507 105 1562 alia
125 1505 276 1584 potentia
297 1515 330 1564 et
342 1503 488 1586 dignitate
499 1505 676 1585 praeditum,
696 1505 777 1564 cuius
788 1511 926 1592 'respectu
946 1501 1010 1582 ipse
1022 1502 1053 1562 in
1065 1504 1201 1565 ordinem

59 1603 87 1640 ro
109 1583 211 1642 endus
232 1581 285 1640 sit.
323 1579 473 1639 Formulis
492 1594 589 1641 autem
608 1580 779 1664 vulgaribus
798 1591 906 1654 utitur,
929 1578 1129 1658 quibusadeo
1150 1601 1205 1646 ea-.

58 1671 85 1716 to
107 1661 130 1716 't
149 1657 275 1718 Christi
299 1656 445 1740 gloriam,
468 1670 503 1716 ut
520 1679 591 1738 prae
611 1657 666 1719 illo
690 1657 814 1734 cenibil
839 1676 904 1716 esse
931 1655 1082 1735 exprimat.
1124 1657 1205 1718 tlon

58 1746 150 1794 umen
179 1733 382 1814 praecipuum
410 1745 468 1808 est,
498 1736 578 1814 quod
604 1733 754 1794 Christum
779 1731 850 1792 lacit
874 1733 1017 1813 Baptismi
1039 1732 1204 1812 spiriuntic

59 1825 226 1885 auctorem,
259 1831 292 1870 se
318 1829 394 1869 vero
422 1811 533 1870 externi
565 1812 703 1873 duntaxat
724 1811 897 1871 ministrum.
949 1810 1076 1884 Videtur
1100 1820 1199 1873 autem

59 1909 115 1946 esse
134 1887 321 1968 occupatio,
345 1885 372 1944 si
393 1887 457 1964 quis
477 1887 555 1948 sorte
577 1887 737 1962 obiiceret,
765 1897 1075 1968 quorsumspectaret
1100 1885 1204 1966 bapti-1,

60 1987 146 2041 srnus,
172 1985 267 2044 quem
287 1961 346 2022 sibi
366 1984 430 2022 snm
452 1976 543 2024 serat:
569 1971 666 2044 neque
693 1967 773 2026 enim
791 1985 839 2023 res
863 1963 936 2022 levis
960 1962 1104 2022 momenti
1125 1976 1201 2056 erat,

60 2043 212 2120 quicquam
235 1981 488 2099 inEcclesiassei
508 2061 628 2116 novare,
649 2041 821 2122 praesertim
840 2060 913 2100 vero
933 2059 1043 2100 nomon
1063 2041 1200 2119 profiteri

60 2117 234 2178 initiationis
258 2137 366 2198 genus,
388 2117 468 2194 quod
488 2117 646 2197 perfectius
664 2129 742 2180 esset
751 2119 833 2198 Lege
844 2115 917 2176 Dei:
938 2115 1007 2180 ideo
1027 2116 1200 2207 respondet,

60 2195 235 2286 sequidem
264 2191 341 2252 nibil
366 2203 479 2252 temere
499 2214 683 2276 aggressum,
710 2194 791 2274 quod
809 2205 908 2252 umen
934 2191 1048 2254 externi
1071 2191 1200 2272 symboli

61 2273 190 2332 minister
211 2283 275 2344 est,
296 2269 327 2328 id
348 2269 387 2328 de
409 2261 519 2331 Cbristi
539 2271 647 2330 virtute
668 2283 699 2330 ct
716 2271 812 2353 gloria
832 2268 906 2328 nihil
924 2269 1069 2328 minuere.
1109 2267 1201 2329 Unde
1308 2342 1312 2349 .

61 2349 243 2432 colligimus,
262 2346 327 2406 eius
348 2345 643 2406 consiliumsminime
664 2347 768 2421 luisse,
795 2344 971 2424 baptismum
990 2366 1081 2404 suum.
1093 2343 1199 2405 distin-

61 2446 146 2506 guere
166 2425 206 2485 ab
230 2444 289 2498 eo,
315 2443 404 2501 quem
426 2421 559 2484 Christus
580 2422 728 2502 discipulis
747 2420 911 2508 mandavit,
938 2431 968 2509 et
988 2419 1069 2479 cuius
1088 2441 1198 2554 perpe-

61 2515 134 2562 torm
153 2523 243 2562 muru
263 2499 365 2560 voluit
384 2498 414 2559 in
433 2499 567 2560 Ecclesia
587 2500 702 2580 vigere:
727 2519 825 2578 neque
847 2517 925 2555 curm
944 2515 1061 2576 signum
1080 2497 1134 2554 visi
1158 2495 1198 2556 ile

62 2579 139 2640 alteri
157 2581 253 2663 signo
272 2575 416 2665 opponit,
435 2576 487 2636 sed
508 2575 620 2637 domini
642 2586 672 2634 et
690 2575 767 2634 servi
787 2591 929 2652 personas
948 2571 1029 2630 iuter
1046 2591 1078 2630 se
1090 2571 1196 2630 conlo·

61 2678 136 2732 rens,
161 2657 257 2716 docet
283 2654 357 2732 qiud
382 2653 536 2732 proprium
560 2651 709 2726 domino,
735 2647 861 2728 etquid
886 2665 974 2704 serso
998 2643 1197 2712 tribuendum.

60 2735 160 2814 neque
179 2753 238 2791 nos
259 2727 422 2808 impediat,
448 2729 529 2808 quod
553 2729 667 2810 pridem
689 2726 793 2807 opinio
818 2722 866 2784 illa
889 2734 921 2814 et
939 2721 1054 2811 passim,
1064 2721 1200 2798 invaluit,
1290 2799 1293 2810 Ι

62 2809 176 2870 loannis
197 2808 237 2867 ba
260 2807 381 2865 tismum
401 2825 417 2864 a
437 2818 541 2866 nostro
562 2805 703 2878 disicere,
726 2804 779 2863 sed
799 2823 834 2864 cx
853 2820 887 2867 cc
906 2817 969 2878 apsa
989 2811 1088 2878 potatas
1109 2811 1199 2877 quatu

63 2907 94 2944 ex
112 2907 215 2946 errore
237 2829 393 2942 lominum
412 2879 552 2942 indicium
572 2883 671 2943 lacere
683 2882 834 2961 discamus.
873 2874 1089 2956 Etsaneptus
1108 2888 1195 2955 qutun

64 2963 181 3022 absurda
204 2970 283 3020 esset
293 2957 478 3037 comparatio
499 2959 639 3038 quamfin
669 2948 728 3020 nt:
749 2970 816 3018 uam
836 2955 906 3014 inde
918 2963 1102 3032 sequeretur,
1123 2953 1194 3034 Spi-

62 3039 144 3098 ritum
163 3049 299 3098 sanctum
321 3033 412 3094 bodie
434 3055 449 3096 a
468 3036 608 3096 ministris
648 3037 700 3094 ari.
739 3035 866 3094 Rursum
884 3042 1074 3110 sequeretur,
1094 3029 1194 3120 bapti-

63 3137 148 3174 smum
167 3114 293 3176 loannis
320 3125 468 3172 mortuum
488 3112 604 3193 signum
630 3124 660 3172 et
683 3111 765 3172 omni
791 3108 922 3170 efficacia
949 3129 1071 3170 vacuum
1096 3108 1195 3168 luisse.

65 3193 162 3252 Tertio
182 3201 375 3272 sequeretur,
392 3208 454 3248 non
476 3210 539 3250 esse
559 3188 646 3250 nobis
666 3208 852 3249 communem
872 3205 938 3246 cum
955 3182 1075 3244 Christo
1097 3183 1196 3264 bapti-
1281 3216 1285 3230 =

66 3291 163 3328 mum:
185 3289 277 3347 quum
298 3264 368 3326 satis
390 3277 521 3340 constet,
543 3266 595 3325 bac
615 3277 724 3326 tessera
743 3263 884 3326 sancitam
905 3261 993 3321 luisse
1012 3261 1195 3348 societatem,

66 3367 144 3424 mam
165 3345 277 3406 babere
298 3339 453 3400 nobiscum
473 3342 626 3425 dignatur,
651 3342 719 3404 dum
739 3341 772 3402 in
791 3357 992 3422 corporeque
1018 3336 1193 3416 baptismum

66 3423 252 3484 consecravit.
302 3415 480 3476 Tenendum
506 3438 579 3500 ergo
605 3431 650 3480 est
672 3420 752 3498 quod
772 3419 852 3498 prius
878 3415 950 3488 disi,
974 3415 1119 3480 loannem
1141 3415 1194 3476 laic

66 3500 233 3580 simpliciter
258 3519 277 3556 a
295 3513 328 3555 se
354 3505 385 3554 et
404 3493 524 3574 reliquis
545 3496 681 3555 omnibus
699 3495 842 3558 noluimus
867 3491 1003 3571 baptismi
1020 3491 1193 3552 absconsae

69 3577 169 3636 Christi
189 3592 368 3658 personam,
393 3583 427 3632 ut
446 3571 580 3631 dominus
600 3593 687 3652 supra
707 3583 808 3634 servot
829 3570 966 3633 ominem.
1005 3568 1103 3646 Atque
1124 3567 1194 3628 bino
1254 3631 1256 3639 ¹

68 3653 173 3712 elicitur
197 3647 350 3736 generalis
377 3645 528 3723 doctrina,
559 3671 702 3728 quaenam
728 3649 788 3709 sint
813 3649 844 3708 in
870 3645 1015 3726 baptismo
1042 3644 1194 3707 hominurn
1254 3642 1262 3687 l
1317 3647 1321 3671 ¹

67 3743 163 3808 partes,
183 3743 216 3790 et
236 3727 309 3808 quid
351 3723 484 3803 roprium
505 3725 611 3786 habeat
631 3727 722 3789 Filius
739 3725 809 3787 Dei.
846 3726 922 3788 Nam
943 3719 1111 3782 horninibus
1128 3717 1194 3780 sola

67 3809 169 3868 esteroi
190 3818 222 3868 et
242 3747 367 3864 visibilis
386 3799 465 3884 signi
485 3801 698 3864 administratio
719 3802 873 3864 commissa
892 3811 948 3862 est:
968 3797 1075 3856 veritas
1094 3806 1194 3856 autem

67 3883 120 3961 ipsa
146 3905 241 3964 penes
268 3879 419 3941 Christum
444 3899 534 3940 unum
556 3879 676 3940 residet.
721 3879 873 3959 Scriptura
899 3875 1018 3955 quidem
1044 3871 1193 3947 interdum

67 3959 226 4020 hominibus
247 3959 346 4037 impro
369 3953 413 4014 rie
432 3955 570 4037 assignat,
590 3957 672 4034 quod
689 3957 738 4038 bic
758 3958 809 4016 uni
822 3954 941 4016 Christo
961 3949 1192 4039 vindicatloan-

68 4056 120 4110 nes,
138 4050 169 4098 et
188 4047 283 4118 negat
301 4033 333 4092 in
348 3978 489 4092 lromines
509 4041 692 4112 competere,
709 4035 762 4094 sed
781 4045 851 4096 tunc
871 4049 934 4092 uon
954 4028 1102 4105 expendit,
1123 4029 1194 4106 quid

67 4133 113 4188 per
135 4135 166 4174 se
194 4125 227 4172 et
245 4131 378 4172 seorsum
405 4107 514 4170 babeat
532 4109 641 4185 homo,
666 4111 718 4172 sed
738 4109 912 4190 simpliciter.
931 4103 1035 4178 docet,
1060 4107 1195 4182 quaesit

68 4189 155 4250 sicet
180 4188 292 4248 utilitas
317 4187 489 4268 signorum,
517 4197 547 4245 et
572 4187 723 4276 quomodo
744 4188 825 4248 Deus
844 4181 959 4262 Spiritu
983 4200 1036 4240 suo
1062 4201 1117 4270 per
1142 4182 1193 4246 illa

68 4279 209 4344 operetur.
249 4265 308 4324 llic
319 4283 391 4324 vero
412 4263 538 4322 traditur
556 4263 707 4324 distinctio
726 4259 967 4326 interclusum
987 4267 1018 4316 ct
1033 4257 1210 4340 ministros„

69 4363 109 4416 ne,
127 4343 208 4423 quod
229 4341 272 4400 illi
292 4341 343 4402 uni
363 4341 470 4400 merito
491 4339 627 4431 debetur,
647 4361 803 4420 perperam
823 4335 860 4397 ad
879 4333 1077 4408 hosmundus
1097 4345 1193 4394 trans-

69 4417 147 4484 tent:
174 4417 424 4504 quemadmodum
445 4416 521 4502 nibil
540 4437 634 4501 magas
660 4416 793 4500 procliue
814 4425 874 4488 est,
900 4433 987 4492 quam
1005 4409 1066 4472 Dei
1090 4409 1194 4492 spoliis
