2814 4846
403 219 485 300 (ιιι.
523 217 693 282 naissum
714 227 745 279 si
762 171 910 296 isium.)
1129 173 1132 183 ¹
1184 225 1225 290 is
1267 278 1279 322 ·.

84 373 225 436 homines
243 371 415 446 seminaret,
433 371 568 434 diabolus
586 371 658 434 ver'o
668 369 771 432 malos.
790 370 884 447 Quod
896 367 1137 447 tueoidnouio,
1155 372 1226 452 quie

84 454 148 514 boc
166 450 237 510 loco
258 447 421 538 abusisunt
432 447 607 524 Manichaei,
625 459 659 510 ut
671 447 803 510 colorem
814 447 989 539 inducerent
1005 467 1061 509 suo
1079 446 1224 540 figmento

86 531 127 588 de
148 525 268 588 duobus
287 523 453 616 principiis:
488 525 581 604 Atqui
591 523 707 616 scimus,
727 523 951 616 quiequidyitu
968 533 1013 586 est
1029 535 1090 584 um
1107 546 1142 584 iu
1159 525 1224 586 dia-

86 603 173 679 bolo,
193 617 325 684 quamiii
340 599 519 676 bominibus,
537 622 600 664 non
611 600 691 662 aliud
703 621 765 662 csse
777 623 865 681 quam
875 613 1012 684 integrus
1019 612 1146 662 natiuae
1152 621 1223 662 cor-

84 680 259 830 iiiiii,
279 677 870 828 iiiiiiiiiiii‘iiiii‘iiaiibbi
885 675 1035 814 Mitti
1053 688 1163 835 titt
1175 679 1225 815 iis

86 834 182 916 gratia
202 855 218 892 r
260 842 373 906 encrat,
390 831 432 892 ita
451 830 586 897 diabolus
605 850 669 894 nou
688 841 768 892 creat
786 830 879 902 malos
891 829 1033 902 ,homines
1061 831 1114 896 ssd
1126 830 1223 894 aDco

85 921 205 972 enatos
246 918 376 989 epravat,
395 920 426 968 et
444 907 476 968 iu
495 927 599 992 agrurn
615 906 739 972 Domini
757 907 861 969 inserit
879 907 917 970 ad
935 872 1098 970 vitiauduui
1116 929 1224 989 porum

86 1007 219 1130 megi..
249 1061 310 1144 Qui
326 1015 446 1122 seudum
462 1007 568 1121 omisi
584 1073 701 1128 amne
720 1060 806 1122 Prius
826 1021 959 1143 regnum¹
969 1020 1122 1126 coelormn
1141 1023 1224 1126 diie-

87 1152 135 1202 ret
145 1138 243 1202 simile
257 1159 320 1200 esre
333 1138 444 1200 bomini
454 1136 621 1212 seminanti,
640 1137 693 1198 sed
704 1137 742 1197 im
781 1137 875 1217 oprie.
895 1137 1006 1198 Senam
1016 1149 1116 1200 tamen
1127 1137 1224 1202 clarus

87 1229 142 1292 est,
155 1218 237 1278 idem
249 1215 425 1297 contingere
435 1213 606 1296 praedicato
615 1215 737 1294 Evange
749 1234 791 1288 ιο,
809 1214 943 1293 ιῑφιειίιι
954 1213 1070 1276 satione
1081 1236 1231 1301 agrorum¹

86 1295 175 1370 sobet,
193 1303 229 1352 nt
244 1290 347 1352 lolium
362 1291 463 1352 tritico
475 1300 652 1350 succrescat:
672 1291 728 1351 nisi
746 1289 826 1369 quod
837 1289 965 1370 speciale
975 1291 1113 1370 quiddam
1125 1311 1160 1352 ex
1198 1292 1224 1342 '-

86 1371 151 1445 init,
171 1369 285 1442 dicens,
303 1366 414 1428 inimici
424 1365 526 1432 frande
540 1365 657 1448 aspergi
669 1387 772 1447 agrum
785 1365 869 1440 lolio,
888 1367 1064 1441 utsciamus,
1081 1388 1146 1428 non
1171 1388 1224 1430 or-

86 1448 166 1537 tuito
176 1463 277 1526 neque
289 1443 463 1535 usturaiiter
474 1443 532 1534 boc
539 1442 619 1518 fieri,
632 1444 713 1522 quod
721 1441 806 1534 multi
818 1441 949 1576 improbi
960 1461 991 1528 ee
1006 1442 1143 1536 fidelibus
1152 1463 1223 1536 per..

87 1533 225 1598 munerat,
245 1541 327 1600 quasi
341 1520 448 1582 eadem·
460 1529 521 1580 sint
535 1539 631 1601 seges,
648 1519 701 1580 sed
712 1519 796 1580 buius
807 1539 876 1580 mai
894 1517 1008 1599 culpam
1024 1520 1146 1582 diabolo
1164 1542 1225 1582 im·

86 1611 194 1691 putare
205 1598 359 1688 discamus,
377 1617 441 1657 noii
453 1607 487 1656 ut
499 1595 561 1656 cius
581 1595 730 1658 damnatio
742 1593 1153 1689 bominesabiqlpatareatu,
1170 1597 1225 1660 aad
1293 1619 1298 1632 ·

87 1671 1225 1843 tiamaasctcaumeciffitiiu‘sicuttibi

86 1826 663 1967 Matttsfftzttisstttitt
682 1825 1224 1981 itti‘tittait‘tfftttfk'i:

81 1971 183 2044 'areta
210 1980 341 2061 quamvis
360 1981 440 2045 euim
459 1981 496 2042 ad
515 1982 752 2064 ciuspersouam
770 1979 829 2045 boc
847 1980 988 2062 restringi
995 1947 1128 2043 ‘minime
1148 2003 1225 2044 cone·

86 2059 198 2133 veniat,
218 2059 288 2148 quia
302 2069 400 2118 tamen
419 2069 520 2120 nostra
540 2079 632 2198 opera
652 2061 694 2120 sic
712 2059 815 2134 utitur,
835 2067 867 2118 et
884 2057 922 2120 ad
941 2057 1224 2152 multiimmugriaui

86 2148 229 2217 unquam
243 2145 443 2196 instrumenta
463 2155 519 2196 nos
535 2155 559 2198 ‚a
580 2135 680 2212 bibet,
717 2149 751 2196 ut
774 2155 829 2228 per
854 2156 909 2224 noi
933 2133 1012 2194 solus
1032 2145 1116 2196 etin
1134 2136 1223 2198 nobis

85 2225 175 2295 agat,
193 2212 303 2272 merito
322 2210 379 2271 sibi
397 2211 543 2288 vindicat,
563 2213 644 2292 quod
663 2213 724 2276 eius
741 2223 881 2274 ministris
901 2209 1122 2302 quedammodo
1139 2233 1225 2274 coni·
1350 2210 1357 2231 Χ

86 2310 178 2350 mune
199 2301 254 2348 est.
292 2287 512 2350 Meminerimus
524 2307 622 2370 ¹eigo,
650 2310 713 2348 nori
731 2290 827 2350 solum
847 2287 958 2352 carnii
977 2288 1115 2350 mandato
1135 2309 1224 2370 prae-

87 2365 181 2428 dicari
201 2365 415 2446 Evangelium,
434 2366 488 2425 sed
507 2363 570 2424 eius
590 2363 725 2446 auspiciis
745 2377 776 2425 et
794 2366 901 2441 ductu,
919 2375 958 2427 ‚ut
976 2363 1064 2425 simus
1082 2375 1224 2448 tanqum

88 2443 150 2504 eius
169 2461 285 2514 manus,
306 2441 369 2521 ipse
389 2452 486 2502 autem
506 2441 608 2506 unicus
629 2441 728 2523 operis
749 2453 862 2508 auctor.

93 2555 99 2566 ·
161 2526 212 2586 39.
248 2518 359 2578 Messis
375 2539 442 2578 osio
459 2522 665 2580 semmurum
682 2517 799 2584 saeculi.
835 2517 889 2578 Est
908 2515 1027 2610 quidem
1044 2515 1119 2578 baec
1136 2517 1225 2580 valde
1292 2513 1294 2524 '

85 2595 376 2670 molestasonditis,
400 2593 482 2675 quod
501 2595 637 2675 reprobis
657 2605 799 2656 oneratur
816 2592 947 2656 Ecclesia
967 2613 1059 2730 usque
1078 2593 1117 2654 ad
1134 2592 1224 2672 finem

84 2672 204 2733 mundi:
224 2671 283 2732 boc
303 2681 401 2737 tamen
420 2684 534 2752 tempus
554 2671 641 2732 nobis
661 2672 697 2734 ad
736 2669 886 2733 atientiam
898 2665 1009 2734 ideoC
1031 2669 1116 2730 ristus
1135 2689 1224 2751 prae-

85 2748 205 2822 scribit,
224 2769 265 2812 ne
283 2751 358 2808 van'a
377 2769 429 2828 spe
450 2767 504 2808 nos
524 2747 672 2810 lactemus.
705 2761 709 2770 '
728 2747 859 2810 'naviter
882 2747 999 2827 quidem
1018 2747 1156 2812 Pastoris
1170 2748 1224 2810 in·

87 2825 228 2888 cumbere
248 2825 336 2884 decet
354 2825 390 2884 ad
401 2825 583 2907 purgandam
593 2825 766 2898 Ecclesiam,
785 2835 816 2884 ct
834 2825 889 2885 bac
901 2824 932 2883 in
943 2834 1031 2904 paite'
1038 2822 1075 2883 ab
1086 2823 1224 2886 omnibus

87 2903 144 2983 piis
165 2899 323 2962 adiuvandi
341 2912 421 2975 suut,
440 2911 582 2980 quatenos
602 2902 662 2964 fert
675 2903 816 2980 cuiusque
825 2899 953 2964 vocatio.
972 2901 1084 2962 Verum
1096 2901 1224 2963 ubioin-
1267 2962 1272 2978 ,

86 3001 140 3040 nes
152 2979 185 3038 in
204 2997 362 3040 commune
375 2987 488 3038 mutuas
503 2978 812 3056 operascontulerint,
821 2995 883 3038 non
896 2989 1138 3058 tamemeousque
1149 2995 1223 3060 pros

87 3057 207 3129 beieot,
238 3065 273 3114 ut
291 3055 406 3132 penitus
426 3054 463 3122 ab
485 3055 567 3124 omui
587 3055 678 3122 sorde
697 3065 827 3137 purgent
844 3053 1017 3145 Ecclesiam.
1055 3055 1224 3122 Teneamus

87 3129 1225 3290 :tit-”MitittssibtitttMittMttittffbttttttt

87 3283 182 3346 malos
202 3303 302 3344 secum
321 3282 400 3344 serre
420 3293 582 3365 coguntur:
604 3283 711 3352 deiude
731 3251 820 3346 etiaim
838 3305 941 3346 eorum
952 3283 1049 3346 zelum
1060 3285 1179 3348 frenare
1192 3297 1224 3348 et

87 3359 249 3434 moderari,
268 3359 372 3438 quiias
390 3380 455 3420 esse
466 3381 529 3420 nnn
541 3371 655 3440 putant,
673 3361 846 3426 societatem
862 3361 917 3424 nisi
934 3381 998 3426 cum
1009 3363 1089 3442 puris
1109 3362 1223 3448 augelis

87 3436 201 3497 coiere.
226 3435 387 3516 Perperam
407 3436 497 3519 igitur
516 3437 574 3497 boc
593 3438 765 3500 testimonio
777 3437 989 3518 Anabaptistae
1010 3449 1041 3499 et
1050 3439 1157 3501 similes
1168 3439 1223 3500 ab·

88 3513 136 3572 usi
149 3523 229 3588 sunt,
247 3522 282 3571 ut
300 3513 390 3594 gladii
409 3533 493 3574 usum
512 3525 649 3574 arcerent
667 3514 705 3574 ab
724 3514 867 3579 Ecclesia.
892 3513 984 3595 Atqui
1004 3515 1098 3577 facilis
1118 3528 1224 3579 estre-

89 3588 212 3650 iutatio:
233 3610 301 3648 uam
316 3610 406 3668 quum
416 3590 749 3653 excommunicationem
760 3591 817 3672 ipsi
826 3592 991 3668 admittant,
1003 3613 1079 3670 quae
1089 3593 1182 3653 malos
1193 3603 1224 3654 et

90 3663 240 3748 reprobos
260 3665 362 3725 saltem
382 3666 418 3726 ad
438 3677 553 3746 tempus
574 3667 713 3742 eradicat,
733 3690 785 3730 eur
803 3667 1086 3744 noninsceleratos,
1127 3666 1225 3730 uoties

88 3761 136 3802 res
157 3742 198 3802 ita
210 3741 351 3821 postulat,
370 3741 500 3824 gladium
513 3754 647 3804 emerent
656 3745 699 3824 pii
710 3745 916 3828 Magistratus?
933 3690 1224 3880 Emipimqbocm

89 3819 152 3880 dari
173 3817 387 3899 poenitentiae,
403 3817 467 3908 ubi‘
476 3819 607 3900 capitalis
628 3841 727 3900 poena
745 3841 808 3883 nou
828 3833 883 3896 est,
901 3823 984 3902 quasi
1003 3841 1076 3883 vero
1106 3832 1171 3882 atro
1191 3820 1225 3882 in

89 3915 177 3956 cruce
198 3895 361 3956 remedium
381 3893 480 3958 saints
499 3915 562 3954 nou
581 3896 736 3958 invenerit
758 3897 916 3960 Caeterum
927 3899 999 3958 baec
1017 3897 1127 3960 solutio
1140 3894 1224 3960 suffi-

88 3972 156 4048 ciat,
170 3971 322 4033 Christum
334 3973 491 4062 hiemeque
504 3971 541 4032 dc
554 3971 720 4050 Pastorum,
729 3995 827 4054 neque
838 3975 874 4036 de
885 3973 1109 4065 Magistratuum
1121 3973 1224 4038 officio

89 4047 245 4122 disserere,
264 4049 315 4108 sed
335 4047 548 4108 offendiculum
563 4047 672 4110 tollere
688 4069 748 4129 quo
765 4049 922 4113 turbantur
936 4049 1056 4128 infirmi,
1076 4055 1145 4114 dum
1161 4053 1223 4114 Ec.

87 4124 206 4186 ciesiam
226 4123 328 4184 vident
346 4146 409 4186 non
428 4126 520 4184 modo
541 4145 575 4184 cx
595 4125 707 4202 electis,
726 4128 779 4191 sed
799 4148 832 4188 ex
847 4127 960 4206 impura
973 4126 1056 4188 faece
1067 4130 1222 4192 collectam

88 4221 160 4262 esse.
201 4201 350 4270 Messores
373 4201 472 4278 sagati·
494 4215 569 4262 sunt.
607 4203 725 4264 Nomen
750 4204 809 4266 boc
832 4202 1048 4268 accommodari
1072 4207 1163 4268 debet
1185 4208 1223 4269 ad

86 4297 203 4338 causam
224 4287 418 4356 praesentem.
457 4277 602 4338 Messores
622 4277 692 4339 aiibi
710 4281 848 4341 dicuntur
858 4277 996 4358 Apostoli
1006 4277 1223 4360 Prophetarum

83 4367 235 4435 respectu,
255 4355 322 4434 quia
342 4355 374 4418 in
395 4374 498 4418 eorum
518 4353 653 4418 laborem
672 4356 797 4448 ingressi
817 4367 885 4420 suut
900 4357 1141 4436 (Io.4,38et15,
1151 4363 1222 4438 w).
