2778 4838
141 195 220 318 κ114
449 237 566 300 SECT.
586 237 652 299 XV.
691 252 783 300 rasus
804 251 847 296 er
867 225 1049 298 oraturum.

165 395 239 466 tario
252 393 348 456 crucis
366 391 533 470 tolerantia.
556 386 726 474 Abnegatio
746 388 898 452 meelate
918 397 1012 469 patet,
1024 347 1065 448 iat
1082 386 1201 462 seilicet,
1216 407 1336 452 rennu-

164 475 272 536 tiantes
285 470 415 562 proprio
434 470 575 608 inpenio,
606 479 637 529 et
662 465 798 531 omnibus
823 465 919 528 caruis
938 463 1096 556 aflectibus
1115 465 1218 528 valere
1240 467 1337 544 iussis,

187 550 261 611 arati
280 571 366 610 sumus
385 547 418 606 in
437 547 468 608 ui
489 545 560 608 ilum
579 545 686 627 redigi,
704 543 796 614 modo
816 544 848 604 iu
867 541 955 604 nobis
974 555 1054 604 vrvat
1070 564 1104 604 ac
1119 555 1229 624 regnet
1242 543 1336 606 Deus.

165 573 298 702 lomus,
356 646 421 686 uam
448 645 541 684 coeco
560 643 661 684 amore
686 621 731 682 sui
751 619 925 682 naturaliter
944 619 1079 700 impliciti
1104 618 1165 680 sint
1185 619 1336 692 homiues,

166 715 307 786 quantum
326 702 349 762 si
372 701 383 760 i
403 701 494 760 dediti
513 700 582 774 sint,
602 698 703 778 quanti
722 717 754 758 se
774 697 853 776 ipsos
866 697 1031 758 aestiment.
1056 696 1150 776 Atqui
1169 697 1195 758 si
1215 697 1334 778 ingredi

166 781 302 862 cupimus
317 778 349 838 in
364 777 475 840 Christi
487 774 629 850 scholam,
648 774 685 836 ah
701 795 735 836 ea
746 773 868 834 stultitia
888 773 1022 854 incipere
1043 785 1176 860 oportet,
1196 775 1334 856 adquam

167 877 223 932 not
243 855 351 916 Paulus
371 846 798 932 bortatur(I.Cor.3,18.):
819 851 928 911 deinde
948 850 984 910 ad
1005 869 1108 912 omnes
1129 847 1258 910 allectus
1279 851 1333 912 do-

165 934 289 996 mandos
310 943 341 992 et
359 929 539 1014 subigendos
556 930 707 1020 progredi.
734 929 782 988 De
793 925 1025 1004 mouenda,
1044 927 1113 987 ideo
1126 927 1335 1000 concionatur,

1377 673 1383 712 t

166 1010 245 1100 quia,
264 1007 319 1082 etsi
338 1006 541 1070 communibus
552 1005 675 1068 miseriis
696 1005 861 1086 promiscue
881 1003 1013 1068 subiecta
1035 1015 1080 1064 est
1097 1003 1335 1076 hominumritm
1382 1075 1383 1084 χ

119 1153 121 1160 ¹
168 1108 238 1167 qma
255 1098 356 1145 tamen
371 1083 560 1175 peculiariter
570 1084 654 1144 Deus
665 1102 733 1144 snos
746 1093 875 1172 exercet,¹
892 1092 926 1171 pt
944 1079 1115 1171 conformes
1134 1080 1242 1142 reddat
1260 1080 1334 1170 ima-

167 1163 231 1246 gini
249 1161 273 1221 F
276 1161 318 1222 ilii
337 1183 392 1234 scu,
412 1162 488 1220 hanc
507 1159 564 1222 rllrs
584 1159 683 1243 legem
702 1168 824 1239 proprre
845 1159 903 1218 drea
923 1177 987 1231 non
999 1171 1112 1218 ‘murum
1133 1169 1187 1217 est.
1212 1157 1335 1219 Dernde

167 1259 334 1378 pprnquam
352 1237 435 1298 Deus
462 1257 548 1298 cruce
569 1248 676 1300 oneret
693 1247 753 1296 tarn
778 1234 871 1296 malos
912 1255 978 1293 uam
1003 1232 1119 1306 honos,
1149 1245 1335 1298 nontamen

189 1317 305 1378 ‘cuntur
318 1313 637 1387 crucemtollere,'nisi
655 1313 706 1393 qni
725 1311 863 1374 humeros
883 1311 904 1370 lr
928 1323 1013 1370 enter
1032 1308 1206 1370 subiiciunt:
1226 1331 1335 1390 quam-
1382 1367 1383 1392 ἦ

165 1393 210 1458 vic
228 1393 307 1454 enim
326 1391 410 1454 ferox
429 1411 463 1452 ac
482 1389 668 1452 refractarios
688 1411 778 1469 equus
797 1408 941 1454 sessorem
960 1387 1120 1461 sustineat,
1147 1407 1211 1448 nou
1229 1399 1332 1448 tamen

168 1469 383 1550 eum-suscipit.
421 1469 504 1528 Haeo
523 1467 614 1549 igitur
655 1466 775 1528 atientia
795 1477 839 1525 est
859 1464 1001 1540 fidelium,
1020 1484 1137 1524 crucem
1156 1463 1215 1522 sibi
1234 1463 1332 1543 impo-

167 1549 257 1616 sitam·
275 1547 374 1616 animo
399 1545 508 1606 subire.
552 1489 652 1624 ApudJ
664 1542 775 1603 Lucam
802 1541 927 1602 additur·
944 1539 1087 1620 partiorla
1111 1536 1254 1619 qnotidie,
1286 1539 1333 1600 cui

166 1624 269 1690 subest
285 1641 423 1704 magnum
443 1621 573 1701 pondus:
592 1619 739 1704 significat
751 1619 830 1678 enim
842 1616 997 1691 Christus,¹
1006 1617 1119 1679 nullum
1132 1617 1334 1679 militiae-no-

166 1712 244 1766 strae
264 1699 330 1760 lore
350 1697 455 1773 linem,
479 1697 575 1758 donec
596 1717 612 1756 e
632 1696 744 1757 mundo
765 1715 907 1759 exeamus.
948 1694 995 1754 Sit
1014 1693 1104 1786 igitur
1124 1693 1200 1754 haec
1220 1692 1334 1753 assidua

161 1790 165 1800 ’
188 1777 284 1838 iorum
304 1774 475 1848 meditatio,
492 1773 545 1835 ubi
564 1771 696 1862 plupibus
716 1771 863 1837 aerumnis
882 1767 1033 1852 persuum
1048 1769 1174 1845 luerint,
1193 1769 1336 1832 aduorao
1382 1783 1383 1794 ¹

197 1853 302 1930 rendae
321 1869 485 1930 separare.
1023 1904 1025 1913 ,

196 1971 199 1982 .
242 1935 289 1996 25
330 1926 389 2011 Qui
416 1929 491 1988 anim
513 1923 635 1986 noba-it
656 1927 786 1985 odeum
808 1945 933 1986 eoum.
970 1922 1333 2004 Aptissimasconsolatio,

167 2005 248 2088 quod
271 2003 330 2068 sibi
354 2002 443 2064 vitam
467 2024 536 2064 vere
563 2001 733 2080 acquirant,
771 2000 823 2080 qui
847 2011 955 2081 sponte
978 2012 1110 2062 mortem
1130 2021 1203 2079 pro·
1213 2001 1332 2066 Christo

166 2083 294 2144 obeunt:
324 2101 394 2140 nam
412 2081 527 2141 Marcus
548 2079 656 2139 diserte
675 2078 751 2138 hanc
774 2077 922 2140 moriendi
948 2098 1065 2138 causam
1084 2077 1228 2142 fidelibus
1248 2097 1333 2157 prae-

166 2158 282 2228 scribite
302 2157 350 2217 ide
392 2169 423 2216 et
441 2157 473 2216 in
491 2137 590 2216 veihis
610 2153 752 2216 Matthaei
772 2152 971 2219 subaudienda
984 2165 1037 2213 est
1061 2153 1112 2212 Fit
1132 2154 1214 2216 enim
1235 2175 1333 2234 saepe,

165 2247 199 2298 ut
217 2227 340 2303 ambitio
351 2178 406 2294 lel
419 2232 586 2324 desperatio
605 2232 643 2292 ad
662 2232 738 2292 vitae
755 2241 958 2310 contemptum
972 2229 1116 2310 profanos
1129 2230 1270 2291 homines
1277 2231 1333 2293 tu-

165 2311 269 2395 pellat,
289 2310 340 2402 qui
358 2321 458 2371 tamen
477 2331 540 2370 sune
559 2309 699 2390 proiectu
718 2308 850 2369 animose
870 2307 907 2366 ad
926 2317 1055 2398 montem
1068 2320 1249 2397 ppoperaut.
1269 2307 1332 2387 Op·
1357 2374 1363 2382 Ι

165 2389 262 2468 posita
282 2399 371 2448 etiam
391 2385 581 2449 comminatio
607 2387 644 2446 ad
670 2383 865 2446 vellicandarn
890 2383 985 2446 caruis
1004 2404 1154 2464 rgnavram
1174 2383 1331 2464 plurimum
1382 2389 1383 2396 ’

165 2465 260 2539 valet,
280 2485 370 2545 quum
389 2463 551 2545 praesentia
571 2463 648 2526 ritae
669 2461 791 2552 cupidos
811 2460 869 2527 hoc
888 2471 1003 2521 tanturn
1022 2459 1333 2539 prolicereadmouet,

104 2627 108 2632 Ι
163 2555 199 2635 nt
218 2562 284 2607 eam
301 2542 436 2633 perdant.
465 2540 633 2632 Estautem
651 2536 897 2628 antithesrsniuter
916 2535 1112 2674 temporalem
1132 2548 1165 2598 et
1182 2550 1333 2598 aeternam

164 2631 271 2692 vatam,
299 2631 385 2682 arcutr
403 2639 433 2676 ur
454 2616 599 2677 decumum
619 2626 708 2696 caput
727 2615 897 2689 docuimus,
927 2635 967 2674 un
989 2635 1006 2674 e
1026 2613 1140 2693 reliqua
1162 2625 1273 2694 petant
1290 2613 1332 2676 le-

211 2740 289 2840 ,232
322 2765 998 2851 wansmmmrneaanmm
1022 2753 1331 2830 mmmmm
1382 2799 1383 2808 a

163 2848 286 2938 proprie
296 2845 454 2925 accipitur:
474 2846 614 2905 admouet
627 2843 704 2904 enim
718 2843 862 2919 Christus,
881 2865 943 2905 non
958 2843 1027 2904 ideo
1041 2855 1169 2904 creatam
1191 2865 1258 2907 esse
1277 2844 1331 2903 ho-

102 2937 104 2943 '
166 2925 253 2984 minas
273 2924 408 2995 animam,
428 2933 463 2979 ut
480 2921 591 2983 mundo
610 2931 724 2979 tanturn
745 2921 782 2982 ad
802 2941 910 3010 paucos
931 2920 992 2981 dies
1012 2921 1136 2994 lrnatnr,
1156 2921 1212 2982 sed
1232 2933 1266 2988 ut
1284 2940 1331 2980 sua

167 3000 283 3068 demum
301 2997 345 3056 illi
365 3008 483 3058 constet
500 2997 534 3055 in
552 2994 638 3056 coelo
655 2996 874 3058 immortalrtas:
895 2997 954 3060 acsi
970 2997 1097 3072 dixisset,
1118 2996 1244 3071 Quanta
1262 2998 1331 3057 haec

114 3111 117 3118 Δ
165 3075 302 3138 socordia
322 3085 377 3148 est,
397 3084 427 3132 et
447 3093 534 3153 quam
553 3071 655 3135 brutus
675 3085 788 3154 stupor,
810 3075 891 3153 quod
911 3067 1043 3134 homines
1055 3073 1095 3134 ita
1106 3073 1164 3136 silai
1175 3075 1330 3136 devinctos

115 3161 117 3167 '
164 3162 249 3216 tenet
266 3150 391 3216 mundos
411 3161 443 3209 et
461 3161 604 3229 occupat,
635 3162 750 3210 utnon
770 3151 921 3233 cogitent,
950 3171 1090 3230 quorsum
1109 3151 1173 3210 nati
1193 3152 1272 3226 sint,
1301 3161 1332 3212 et

79 3226 87 3241 '
166 3226 223 3286 sibi
243 3229 339 3288 datam
359 3245 421 3286 esse
440 3225 636 3287 immortalem
655 3227 792 3302 animam,
811 3239 844 3290 ut
855 3227 992 3290 confecto
1003 3239 1141 3286 terrenae
1162 3227 1243 3288 ritae
1264 3250 1330 3290 cur-

167 3303 261 3365 riculo
281 3304 312 3362 in
333 3301 423 3364 coelis
443 3315 590 3382 perpetuo
609 3303 726 3364 vivant?
755 3303 796 3364 Et
836 3304 933 3365 uidem
954 3303 1083 3364 latentur
1103 3323 1221 3378 omnes,
1240 3303 1331 3384 pluris

166 3400 229 3442 esse
248 3379 373 3440 animam
393 3379 507 3440 eunctis
525 3379 628 3440 mundi
648 3379 754 3460 opibus
767 3391 798 3440 et
812 3325 934 3455 deliciis,
953 3380 1128 3441 sediuterea
1150 3401 1202 3442 eos
1224 3401 1330 3442 excoc-

165 3468 212 3518 cat
231 3456 326 3517 carnis
344 3476 455 3530 sensus,
474 3467 507 3515 ut
525 3457 635 3518 animas
655 3477 719 3517 suas
738 3457 770 3516 in
790 3457 909 3522 exitium
927 3457 1053 3518 scientes
1063 3477 1097 3517 ac
1107 3456 1247 3518 volentes
1257 3477 1330 3536 pro-

162 3533 273 3594 iiciant
292 3535 376 3614 Ergo
395 3553 434 3594 ne
454 3531 512 3593 suis
530 3531 678 3594 illecebris
697 3553 752 3594 nos
771 3535 898 3596 mundus
916 3532 1049 3608 fascinet,
1069 3532 1157 3597 nobis
1176 3535 1276 3596 veniat
1294 3531 1328 3592 in

162 3621 292 3672 mentem
312 3610 425 3671 animae
443 3621 563 3672 nostrae
583 3610 775 3689 praestantia:
796 3611 916 3691 quaesi
935 3609 1013 3672 serio
1033 3610 1219 3690 expenditur,
1237 3608 1329 3670 facile

162 3689 255 3750 vanas*
272 3687 329 3748 ima
352 3686 497 3747 'nationes
516 3697 654 3750 terrenae
673 3686 820 3748 felicitatis
839 3686 966 3749 discutit.

238 3771 286 3830 27.
354 3760 470 3824 meum
487 3775 528 3823 est
545 3767 638 3838 num,
661 3777 702 3823 ert
720 3764 811 3844 filins
834 3759 958 3825 Ῑιοηίιιίι
980 3764 1084 3822 mint.
1129 3762 1204 3838 Quo
1223 3759 1329 3823 melius

162 3840 195 3902 in
214 3839 327 3902 animos
347 3851 485 3920 penetret
502 3839 639 3920 superior
658 3839 803 3915 doctrina,
823 3840 952 3902 futurum
973 3850 1041 3900 aute
1061 3839 1167 3902 oculos
1185 3839 1329 3902 iudicium

161 3918 249 3998 ponit
270 3915 417 3979 Christus:
447 3935 514 3976 nam
535 3927 569 3976 ut
585 3915 706 3980 vilescat
723 3915 811 3978 nobie
831 3917 940 3980 caduca
958 3915 1033 3976 haec
1051 3915 1128 3992 vita,
1148 3915 1230 3978 serio
1251 3917 1330 3977 vitae
1382 3961 1383 3972 ,

162 3993 297 4055 eoelestis
317 4014 403 4055 sensu
427 3993 510 4076 tangi
534 4013 590 4054 nos
609 4008 730 4054 necesse
748 4005 802 4054 est.
838 3993 1021 4056 Adiumento
1046 4003 1145 4052 autern
1170 4013 1250 4082 opus
1278 3992 1329 4052 ha·
1382 4011 1383 4016 ¹

161 4141 262 4205 lideles
282 4145 319 4208 ad
337 4144 468 4206 tribunal
485 4165 569 4206 suum
589 4145 814 4224 cincturam,
833 4159 866 4209 ut
878 4145 1171 4229 singuliamonlentis
1191 4147 1329 4230 cogitent

159 4239 223 4282 non
242 4220 298 4282 alia
317 4221 354 4282 de
380 4242 466 4284 causa
488 4243 520 4284 ee
539 4222 652 4300 rivere,
690 4223 747 4284 nisi
766 4235 801 4285 ut
818 4223 949 4305 aspirent
972 4223 1010 4284 ad
1035 4221 1153 4284 beatam
1173 4222 1258 4283 illam
1278 4241 1327 4282 re-

12 4061 16 4064 ’
92 4133 94 4138 χ
162 4067 216 4129 bet
234 4068 340 4130 mentis
360 4079 479 4130 nostrae
497 4069 619 4130 tarditas
638 4081 669 4131 et
687 4069 837 4164 segnities,
856 4082 890 4132 ut
908 4064 1232 4149 incoelumrespicrat.
1254 4069 1327 4130 Ideo
1382 4081 1383 4090 ¹

150 4295 376 4377 demptionem,
405 4317 483 4378 quae
500 4321 554 4361 sun
575 4298 622 4362 die
640 4301 770 4382 patefiet.
810 4301 876 4362 lluc
893 4309 1126 4391 autemtspectat
1145 4299 1327 4372 admonitio,
1382 4325 1383 4384 p

157 4381 191 4434 ut
208 4373 342 4452 sciamus,
359 4393 423 4436 uon
438 4374 546 4440 frustm
559 4396 613 4441 eoa
621 4387 746 4457 cenare,
764 4376 871 4459 quito
885 4376 1046 4458 pretiosor
1057 4387 1103 4439 est
1109 4395 1164 4440 sua
1176 4377 1240 4440 vita
1251 4395 1325 4440 eous
1382 4389 1383 4450 l
