2764 4846
418 244 531 324 (tt-7.
559 241 693 326 Angelus
711 242 850 324 Mariae.)
1160 249 1199 316 21

57 391 190 466 unua,
216 391 246 454 si
269 392 336 454 Dei
357 413 390 456 se
409 393 487 454 lilios
506 393 614 456 iactare
633 396 745 472 ausint,
764 395 820 458 nisi
840 407 1072 478 quatenusfmnt
1088 399 1140 462 uu'
1162 419 1195 460 e-

17 506 18 515 .
55 469 98 526 riti
114 468 181 528 Filii
201 470 363 531 membra.
394 469 498 546 Quare
518 484 630 532 certum
650 484 704 547 est,
723 485 839 534 sanctos
859 485 958 554 patres
978 475 1098 535 nonnisi
1116 476 1194 538 Frio

52 545 200 606 mediatore
229 547 339 607 fretos
365 559 426 608 taru
452 547 633 608 honorificae
655 549 852 610 invocationis
877 550 1014 611 fiduciam
1038 549 1096 611 sibi
1114 573 1192 612 sum-

52 623 134 700 psisse.
165 622 348 684 Caeterum
368 623 439 704 quid
460 623 577 703 plenior
587 624 651 698 ista,
673 626 709 685 de
723 647 779 707 qua
789 649 869 688 nunc
880 625 1039 718 loquimur,
1059 629 1192 710 cognitio

51 699 144 771 nleat,
178 699 263 760 alibi
291 699 404 758 Paulus
431 701 533 761 docet:
564 721 674 781 nempe
699 714 733 761 ut
752 703 809 764 iam
828 703 975 782 intrepide
996 703 1099 778 liceat,
1130 723 1193 763 non

49 775 123 834 nudo
143 796 270 836 vocare
291 777 394 837 Deum
414 774 550 850 Patrem,
569 777 621 838 sed
641 779 775 839 clamare.
813 779 953 854 llom.8,
973 787 1019 846 15.
1041 792 1071 839 et
1092 781 1192 842 Galat.

49 859 74 916 t.
93 857 120 914 b
159 851 273 911 natta
291 851 379 912 Deras
397 852 502 912 solium
521 851 630 912 Dauid.
669 855 816 930 Diximus,
846 857 992 940 Angelum
1011 857 1138 917 mutuari
1157 878 1193 917 ex

47 925 197 1005 Prophetis
221 928 281 989 elo
306 929 351 1003 ia,
399 928 484 988 uibus
506 929 655 990 Christum
674 931 828 1012 insigniat,
848 954 907 1012 quo
927 932 1030 992 melius
1050 945 1192 1015 agnoscat

48 1015 129 1064 sancta
149 1005 272 1088 virgo,
309 1025 364 1064 ore
414 1006 615 1085 ademptorem
636 1008 767 1086 patribus
788 1008 858 1068 olim
874 1009 1062 1089 promissum.
1102 1010 1191 1084 Quo·
1226 1063 1235 1070 .
1297 1079 1303 1086 Ι

48 1081 90 1138 ties
114 1082 151 1141 de
181 1082 353 1142 Ecclesiae
373 1081 586 1143 instauratione
606 1082 775 1164 Prophetae
795 1084 974 1165 loquuntur,
1002 1097 1096 1145 totam
1116 1087 1191 1146 fide-

47 1155 103 1215 lium
120 1178 215 1238 spem
239 1159 282 1218 ad
304 1178 433 1253 regnum
454 1157 574 1218 Davidis
595 1171 754 1233 revocant,
772 1171 806 1222 ut
824 1161 925 1222 tritum
946 1173 1022 1222 esset
1040 1163 1118 1241 apud
1138 1163 1191 1224 Iu·

47 1233 121 1294 dacos
146 1235 296 1309 axioma,
328 1233 482 1294 Ecclesiae
505 1232 628 1294 salutern
652 1234 684 1294 in
711 1235 791 1296 felici
815 1238 901 1318 regni
924 1237 1000 1298 illius
1028 1250 1106 1298 statu
1125 1239 1192 1300 sore

46 1309 178 1388 positam,
215 1333 280 1372 nec
306 1310 435 1372 Messiae
455 1309 555 1371 olficio
577 1311 734 1403 quicquam
755 1332 817 1372 csse
836 1314 929 1394 magis
948 1334 964 1373 a
986 1326 1047 1372 tum
1068 1327 1099 1374 ct
1117 1336 1192 1375 con-

46 1387 168 1461 veniens,
191 1409 292 1480 quarn
315 1407 443 1468 regnum
461 1387 581 1448 Davidis
603 1388 639 1447 de
659 1398 778 1469 integro
799 1388 923 1470 erIgere.
963 1335 1065 1463 guare
1084 1403 1115 1451 et
1129 1412 1191 1466 ,no-

45 1483 103 1522 men
120 1463 258 1527 Davrdis
280 1464 433 1523 interdum
455 1463 491 1524 ad
509 1463 647 1524 Messium
668 1463 861 1539 transfertur,
880 1477 914 1524 ut
932 1461 1076 1525 Ieremiae
1094 1473 1143 1540 30,
1161 1474 1191 1532 9.

48 1537 177 1603 διπὶειιί
198 1540 347 1600 Domino
367 1560 434 1611 suo,
454 1551 485 1598 et
502 1538 599 1601 David
609 1539 686 1622 Regi
706 1559 770 1600 suo.
801 1540 877 1602 Item
891 1539 1055 1601 Ezechielis
1073 1547 1129 1616 34,
1142 1550 1191 1608 21.

46 1627 70 1672 ct
85 1622 133 1690 tt,
153 1623 221 1694 24,
242 1615 346 1676 David
365 1635 466 1678 servus
485 1636 566 1674 meus
579 1637 612 1676 re
636 1615 718 1676 nabit
752 1617 1040 1698 rincepssupereos.
1071 1617 1192 1680 Hoseae

45 1697 128 1764 bh..
152 1694 203 1754 tte
252 1693 337 1752 irent
354 1692 535 1766 Dominum,
555 1703 585 1752 et
604 1635 701 1753 davit
721 1637 833 1775 liegem
854 1715 948 1754 suum.
987 1693 1061 1753 Loci
1080 1706 1189 1770 autem,

47 1767 88 1826 ubi
107 1770 188 1831 filius
237 1768 333 1830 avidis
352 1769 510 1841 vocitatur,
530 1768 597 1828 satis
619 1769 683 1830 noti
702 1781 771 1828 sunt
790 1791 823 1832 ac
844 1770 985 1832 celebres.
1021 1770 1058 1830 In
1077 1791 1189 1833 summa

45 1845 186 1925 significat
196 1844 353 1927 Angelus,
371 1843 525 1924 impletum
545 1843 699 1935 ¹¹¹ssl¹l⁸l³
718 1865 845 1936 persona
865 1847 901 1908 iri
915 1847 1085 1908 vaticinium
1095 1849 1188 1909 Amos

47 1921 77 1980 de
94 1923 276 1984 suscitando
298 1919 494 1982 tabernaculo
512 1920 644 1997 Davrdrs,
664 1923 746 2002 quod
765 1923 893 1984 dirutum
913 1935 944 1984 et
963 1943 1095 1986 eversum
1115 1935 1187 1985 erat.

46 1999 183 2142 Ama?
204 2005 474 2164 ltiegnatrsttlsuper
492 2069 613 2164 ,domum
635 2071 736 2135 Iacob·
777 2076 878 2152 Quum
904 2076 983 2138 salus
1001 2075 1188 2158 peculiariter

47 2148 154 2213 ludaeis
176 2151 278 2212 l'nerrt
296 2171 441 2304 gromrssa
461 2152 560 2227 (sicuti
580 2150 684 2210 loedus
704 2173 770 2211 cum
812 2165 874 2213 atre
894 2156 1025 2234 ipsorum
1035 2152 1189 2214 Abraham

159 2250 216 2288 um
238 2239 305 2288 erat
329 2270 338 2299 ,
358 2238 389 2286 et
409 2226 553 2299 Christus,
569 2237 646 2286 teste
666 2227 758 2288 Panlo
780 2233 792 2306 (
829 2249 887 2290 om.
906 2237 955 2304 15,
973 2231 1034 2308 8,),
1052 2229 1187 2290 minister

58 2306 130 2364 uerit
155 2303 417 2393 circumcisionis,
450 2321 512 2362 nou
537 2302 684 2393 immerito
708 2304 840 2385 Angelus
860 2326 985 2398 regnum
1005 2305 1066 2366 eius
1085 2305 1187 2366 statuit

48 2379 191 2518 iffi-⁶
217 2377 562 2517 ¹l2215i⁰lrbii‘¹l
577 2378 799 2528 ‘ttf‘tttt
816 2381 1008 2518 ltttltt
1037 2381 1109 2516 dl
1128 2382 1187 2516 lli
1219 2467 1223 2476 =

49 2545 74 2590 et
102 2479 276 2595 exatelnsdirnt
300 2553 394 2613 usque
420 2531 457 2591 ad
481 2475 600 2591 ultimbs
620 2476 717 2589 teriae
737 2477 819 2590 linei.
857 2532 939 2592 Deus
958 2477 1037 2592 cnidi
1056 2477 1134 2591 nissi
1154 2541 1185 2592 et

47 2609 212 2672 admirabili
233 2608 401 2689 adoptione
420 2619 524 2689 gentes
543 2605 668 2665 inseruit
685 2606 716 2664 in
737 2605 873 2666 familiam
886 2606 988 2680 Iacob,
1009 2627 1083 2684 quae
1103 2606 1189 2685 prius

49 2699 203 2748 extraneae
225 2687 360 2746 fuerant:
380 2683 422 2745 sic
442 2695 540 2743 tamen
559 2693 593 2742 ut
611 2681 731 2754 Iudaei,
746 2694 887 2762 tanquam
906 2681 1108 2764 primogeniti,
1127 2701 1149 2816 p
1169 2717 1185 2730 -

50 2763 151 2824 tiurem
173 2773 318 2823 tenerent
335 2762 476 2842 gradum,
506 2758 750 2839 quemadmodum
771 2759 801 2819 iu
820 2759 938 2821 Psalmo
959 2765 1027 2835 11⁰,
1045 2765 1073 2822 ‘h
1094 2757 1129 2817 ha
1152 2777 1186 2816 e-

49 2849 100 2913 tur,
120 2839 289 2919 Sceptrum
309 2837 464 2917 potentiae
482 2847 550 2897 tuae
569 2835 684 2896 emittet
702 2835 848 2898 Dominus
869 2857 902 2898 er
923 2835 1006 2896 Sion.
1040 2833 1185 2894 Locatum

97 2938 116 2976 o
138 2917 200 2976 l'uit
220 2913 329 2976 solium
350 2913 462 2976 Christi
481 2912 511 2971 in
532 2911 643 2993 populo
664 2911 772 2987 Israel,
791 2915 871 2975 uude
889 2925 985 2974 totum
1006 2911 1109 2972 orbem
1128 2909 1187 2980 sibi

50 2935 219 3054 difficeret.
268 2989 432 3070 Quotquot
456 3000 553 3050 autem
577 2989 748 3071 aggregavit
771 2990 933 3069 perfidem
953 2989 1018 3050 liliis
1038 2988 1186 3063 Abrahae,

50 3091 130 3128 verus
157 3066 254 3128 Israel
280 3078 449 3127 censentur.
487 3065 550 3126 Etsi
577 3077 675 3124 autem
699 3065 800 3126 Iudaei
820 3088 871 3126 sua
891 3065 1059 3128 delectione
1078 3086 1110 3124 se
1130 3063 1185 3124 ab·
1250 3083 1264 3108 a

51 3145 188 3206 dicarunt
205 3143 245 3203 ab
265 3141 401 3204 Ecclesia
420 3141 489 3214 Dei,
508 3141 636 3200 servabit
655 3152 752 3201 tamen
766 3142 912 3203 Dominus
931 3163 1024 3234 usque
1044 3141 1075 3202 in
1095 3141 1185 3208 finem

51 3221 162 3302 aliquas
181 3219 333 3300 reliquias,
354 3217 493 3308 quoniam
513 3215 630 3280 vocatio
651 3215 712 3278 eius
732 3219 794 3278 sine
816 3220 999 3299 poenitentia
1020 3229 1072 3278 est.
1105 3217 1184 3279 Cor-

52 3319 104 3376 pus
125 3299 246 3378 quidem
262 3295 372 3387 populu
392 3295 423 3353 in
443 3295 569 3375 speciem
590 3305 734 3354 resectum
757 3307 817 3368 est,
837 3295 889 3356 sed
908 3295 1072 3358 meminisse
1093 3293 1186 3356 debe-

53 3397 114 3434 mus
139 3373 287 3455 mysterir,
318 3371 356 3432 de
383 3389 444 3450 quo
472 3369 587 3431 disserit
605 3367 712 3430 Paulus
732 3371 767 3431 ad
788 3372 874 3444 Rom.
894 3377 947 3445 11,
965 3377 1013 3437 25.
1051 3371 1188 3432 Tandem

52 3451 184 3510 futurum
204 3448 336 3520 scilicet,
361 3460 395 3506 ut
414 3447 495 3507 Deus
515 3445 629 3524 aliquos
650 3465 683 3505 ex
703 3447 817 3508 ludaeis
838 3469 872 3508 ex
891 3447 1080 3528 dissipatione
1099 3446 1186 3506 colli-

53 3539 111 3608 gat
157 3525 282 3586 Interim
302 3523 454 3598 Ecclesia,
485 3542 560 3602 quae
579 3541 633 3602 per
652 3533 747 3582 totum
768 3525 872 3584 orbem
891 3545 990 3605 sparsa
1010 3535 1069 3596 est,
1097 3521 1189 3602 spiri-

54 3604 139 3664 tualis
159 3614 204 3664 est
222 3603 328 3662 domus
348 3596 588 3680 Iacob-quando
609 3597 755 3682 originem
775 3622 855 3660 suam
876 3621 910 3660 au
929 3601 1022 3660 Sione
1043 3599 1131 3659 duxit.

129 3678 170 3739 Is
187 3693 344 3739 muns
384 3674 534 3736 Admonet
552 3672 696 3753 Angelus,
716 3697 776 3755 quo
796 3697 883 3738 sensu
901 3677 990 3738 toties
1011 3675 1089 3754 apud
1108 3672 1187 3733 Pro-

57 3755 157 3834 phetas
183 3754 327 3835 promissa
353 3751 444 3814 luerit
469 3748 647 3832 perpetuitas
672 3773 768 3836 regno
793 3752 921 3814 Davidis.
960 3751 1054 3813 Huius
1073 3761 1189 3810 tantum

59 3843 89 3891 et
100 3833 267 3893 Salomonis
287 3841 385 3890 aetate
404 3827 546 3888 floruerat
565 3828 697 3906 potentia
718 3840 749 3889 et
767 3829 884 3909 opibus,
904 3825 1187 3889 llelrabeamtertius

61 3929 205 3969 successor
232 3907 279 3968 vix
305 3906 419 3966 tribum
438 3925 525 3964 unam
546 3913 577 3963 et
597 3901 744 3965 dimidiam
763 3906 895 3966 retinuit.
932 3907 1032 3964 Exeo
1052 3921 1115 3962 non
1135 3903 1189 3964 de-

61 3985 128 4044 stitit
146 3984 233 4046 variis
253 3981 388 4044 cladibus
409 3981 536 4054 concuti,
556 3980 652 4040 donec
673 3981 792 4042 tandem
812 3982 990 4043 concideret.
1020 3981 1108 4040 Nunc
1123 3977 1188 4058 ᾼιι-

81 4061 137 4121 elus
157 4061 298 4132 declarat,
319 4057 374 4118 ubi
393 4057 552 4117 stabilitum
574 4057 663 4118 suerit
680 4058 713 4117 iu
725 4057 835 4120 Christi
847 4059 983 4138 persona,
1002 4054 1114 4116 excidio
1127 4077 1191 4116 non

62 4081 121 4200 lore
141 4137 317 4212 obnoxium,
337 4145 371 4194 et
391 4133 426 4194 ad
446 4155 510 4194 eam
530 4155 593 4195 rem
614 4135 797 4198 asserendam
816 4135 906 4196 verba
918 4131 1050 4194 Danielis
1061 4143 1193 4212 usurpat,

80 4237 129 4275 uae
160 4215 310 4274 habentur
343 4231 377 4270 ca
401 4210 440 4270 ite
469 4217 504 4286 7,
535 4219 602 4287 14.,
639 4209 733 4272 Huius
758 4211 844 4294 regni
868 4209 979 4270 nullum
1005 4208 1071 4268 sore
1095 4209 1194 4269 tinem.

62 4237 218 4354 laeseram
245 4291 301 4350 etsi
328 4232 489 4348 verborum
513 4309 614 4350 sensus
639 4295 698 4360 est,
728 4288 826 4348 Deum
851 4285 936 4370 regni
956 4285 1067 4348 Christi
1087 4297 1117 4344 et
1136 4287 1195 4344 Ec·

62 4371 159 4438 etesiae
179 4379 340 4434 aeternum
361 4363 427 4426 [ore
447 4365 612 4450 praesidem
630 4383 665 4426 ac
681 4365 844 4440 custodem,
863 4375 897 4426 ut
908 4382 1060 4448 nunquam
1071 4363 1198 4424 intereat
1293 4416 1295 4425 .
