2756 4838
372 243 565 375 (stit-160.
605 297 726 360 Iuvenis
751 297 858 378 dives.)
1094 250 1097 259 1
1145 309 1203 372 163

54 445 172 516 habebis
204 451 390 518 thesaurum
422 420 458 518 iu¹
488 455 601 520 ooelo:
633 462 666 519 et
688 458 779 535 veni,
807 475 946 544 sequere
971 475 1032 522 me.
1072 457 1203 538 2³„His
1315 439 1320 444 ’

53 549 100 614 illc
120 549 232 616 auditis
255 573 408 620 moerore
431 553 571 620 effectus
593 567 652 633 est,
673 559 749 643 quia
770 554 862 624 dives
884 565 953 622 erat
971 553 1078 622 valde.

116 747 290 816 lllattla.16.
334 749 413 810 Eece
442 771 527 810 unus.
568 751 661 813 Lucas
682 747 867 830 principem,
894 755 952 816 boc
977 767 1021 816 est
1044 756 1202 836 primariae

54 823 219 886 auctoritatis
238 828 332 888 virum
351 827 441 887 fuisse
459 827 542 904 dicit,
561 848 624 888 non
640 849 731 889 unum
771 830 913 891 uemlibet
933 852 949 891 e
968 831 1068 916 vulgo.
1096 832 1202 907 Quan-

53 921 124 978 quam
141 922 211 962 vero
227 904 373 964 bonorem
391 903 553 986 conciliant
569 905 699 982 divitiae,
717 851 836 969 elietur
854 919 951 968 tamen
968 910 1065 990 gravis
1083 921 1114 969 et
1128 909 1202 972 boni

52 977 96 1036 riri
114 979 283 1059 existimatio
304 981 347 1040 illi
366 981 467 1041 tribui.
493 983 533 1041 Et
550 1002 608 1062 ego
627 983 756 1062 quidem,
773 985 907 1066 expensis
924 985 1060 1046 omnibus
1076 988 1202 1047 circum-

52 1053 160 1128 stantiis,
186 1077 248 1116 non
268 1056 384 1132 dubito,
404 1058 534 1138 quamvis
557 1058 730 1120 adolescens
742 1061 1087 1136 vocetnr‚fuissetamen
1101 1083 1134 1124 ex
1147 1084 1201 1124 eo-

52 1151 103 1188 rum
123 1132 238 1208 ordine,
258 1135 310 1213 qui
328 1133 406 1226 frugi
425 1137 461 1215 et}
479 1145 556 1195 casta
578 1134 637 1196 rita
656 1137 807 1216 antiquam
830 1137 1031 1220 integritatem
1052 1139 1201 1201 colebant.

52 1206 126 1266 Venit
144 1215 241 1269 antem
257 1231 320 1270 non
340 1210 492 1286 insidiose,
515 1222 549 1270 ut
568 1211 671 1272 scribis
693 1233 757 1272 mos
779 1227 852 1288 erat,
871 1215 923 1276 sed
942 1214 1073 1277 discendi
1088 1217 1201 1278 animo:

49 1282 134 1362 itaque
153 1297 213 1346 tam
234 1288 332 1348 verbis
349 1307 434 1366 quam
454 1287 662 1370 genuflexione
684 1287 834 1350 Christum
853 1309 884 1350 se
900 1302 933 1350 ut
945 1291 1034 1352 fidum
1047 1295 1202 1353 doctorem

49 1362 161 1421 reuereri
177 1374 312 1424 testatur.
342 1364 404 1424 Sed
421 1385 535 1424 rursum
553 1363 693 1424 obstabat
711 1385 802 1425 coeca
820 1386 942 1446 operum
964 1368 1202 1444 confidentia,ne
1256 1393 1261 1401 ·

65 1437 193 1500 roticeret
215 1441 268 1500 sub
283 1441 414 1516 Christo,
435 1441 482 1500 cui
503 1459 535 1501 se
551 1440 664 1520 alioqui
688 1440 814 1501 docilem
831 1441 976 1534 praebere
993 1445 1126 1527 optabat.
1151 1445 1202 1507 Sic

47 1456 273 1578 individentes
291 1519 433 1596 quosdam
455 1535 517 1577 non
539 1517 615 1576 male
632 1517 769 1590 affectos,
790 1538 857 1654 gnra
873 1529 973 1578 tamen
986 1520 1136 1582 umbratili
1146 1541 1203 1584 ne-

48 1589 100 1649 scio
117 1613 172 1671 qua
189 1594 346 1655 sanctitate
366 1594 501 1675 occupati
522 1603 600 1668 sunt,
620 1593 777 1675 Evangelii
811 1595 955 1656 octrinam
967 1615 1057 1679 aegre
1074 1609 1202 1680 gustare.

47 1664 147 1743 Porro,
178 1682 212 1731 nt
233 1671 269 1732 de
289 1681 366 1731 statu
391 1669 593 1751 responsionis
617 1670 721 1730 melius
742 1669 794 1730 fiat
813 1671 969 1748 iudicium,
1000 1675 1132 1734 notanda
1158 1685 1203 1734 est

47 1745 212 1819 quaestionis
239 1748 344 1808 forma.
375 1747 445 1806 Non
466 1746 640 1826 simpliciter
661 1757 759 1829 rogat,
787 1749 938 1827 quomodo
960 1760 990 1809 et
994 1771 1060 1884 gua
1073 1751 1119 1811 via
1131 1772 1202 1832 per-

45 1819 132 1881 veniet
149 1825 186 1884 ad
204 1823 306 1900 vitam,
325 1825 378 1885 sed
395 1824 466 1903 quid
486 1822 559 1883 boni
579 1822 715 1884 faciendo
742 1843 805 1882 eam
824 1824 964 1904 acquiret.
1028 1827 1100 1888 erita
1111 1827 1203 1910 igitur

46 1900 169 1975 somniat,
222 1901 288 1961 ibus
305 1901 365 1962 vita
379 1911 498 1960 aeterna
516 1901 658 1961 reddatur
672 1901 753 1982 quasi
768 1899 867 1961 debita
878 1903 1096 2040 compensatio:
1110 1923 1201 1984 quere

45 1976 166 2052 apposite
236 1980 322 2038 xistus
342 1978 379 2038 ad
398 1976 488 2060 Legis
506 1976 743 2037 observationem
765 1995 833 2036 eum
856 1997 941 2040 arnan
964 1991 1003 2058 at,
1024 1999 1112 2059 quam
1134 2001 1201 2042 cer·
1302 2007 1304 2012 ¹

45 2057 96 2110 lum
116 2065 159 2114 est
178 2075 241 2116 esse
259 2055 337 2114 viam
355 2053 443 2130 vitae,
463 2064 496 2112 ut
514 2072 582 2112 mox
623 2052 718 2112 lenius
738 2053 886 2114 disseram.
949 2097 955 2106 ·

109 2135 154 2196 17.
196 2132 259 2192 cus·
282 2153 328 2190 me
344 2151 430 2190 noces
447 2127 573 2190 bsecutst
630 2145 686 2189 anc
705 2130 922 2190 comestionem
942 2151 1004 2190 nou
1026 2142 1085 2190 tam
1105 2133 1201 2193 subti-

44 2199 102 2262 liter
115 2208 241 2290 accipio,
261 2220 295 2267 ut
311 2207 392 2267 bona
410 2227 476 2286 pars
494 2206 572 2264 inter
594 2217 700 2279 retum,
719 2205 801 2284 quasi
816 2225 897 2264 suam
907 2205 1059 2266 Deitatem
1071 2207 1201 2268 insinuet
1243 2253 1247 2260 -

45 2275 176 2346 Christus.
214 2284 405 2344 Tantundem
427 2281 506 2341 enim
531 2223 630 2340 valiso
652 2291 758 2358 putant
783 2281 855 2341 baec
874 2281 974 2356 verba,
994 2282 1054 2341 acsi
1074 2282 1201 2360 dixisset,

45 2353 72 2413 Si
92 2358 121 2418 in
144 2381 194 2420 me
222 2358 295 2418 nibil
320 2357 407 2418 altius
431 2355 567 2439 agnoscis
594 2365 697 2414 natura
716 2355 841 2415 humana
874 2357 948 2417 falso
965 2356 1096 2438 elogium
1116 2359 1202 2434 boni,

44 2436 111 2509 quod
136 2435 280 2498 convenit
297 2433 354 2494 soli
371 2433 440 2494 Deo
467 2433 497 2491 in
517 2449 565 2489 me
585 2431 737 2490 transfers.
771 2433 795 2492 E
818 2399 917 2492 uidem
937 2434 1044 2508 fateor,
1065 2435 1200 2500 homiues

43 2513 170 2592 (proprie
187 2511 355 2602 loquendo)
365 2509 485 2568 minime
497 2518 556 2566 tam
567 2505 734 2568 honorifico
745 2451 833 2567 titnio
845 2507 951 2588 dignos
964 2527 1036 2585 esse,
1049 2530 1083 2569 ac
1096 2532 1135 2571 ne
1145 2533 1200 2580 an-

42 2587 113 2663 gelos
130 2587 266 2669 quidem:
295 2607 362 2666 qma
378 2605 434 2646 nec
450 2582 591 2644 bonitatis
607 2592 720 2665 guttam
742 2603 758 2643 a
774 2603 806 2644 sc
817 2583 939 2660 habent,
954 2585 1005 2646 sed
1022 2584 1117 2646 aDeo
1133 2609 1200 2658 mu-

43 2671 166 2725 tuantur:
192 2664 301 2724 deinde
323 2663 390 2755 quia
413 2662 445 2721 in
465 2661 523 2720 illis
543 2669 657 2720 tantum
674 2659 812 2720 meboata
832 2669 877 2720 est
896 2661 1028 2736 bonitas,
1047 2682 1110 2723 non
1130 2684 1200 2743 per-

43 2736 118 2800 fecta.
149 2740 212 2803 Sed
232 2739 343 2801 Cbristr
360 2757 422 2800 non
440 2737 518 2798 aliud
535 2735 689 2798 consilium
705 2736 772 2811 fuit,
793 2757 879 2816 quam
895 2737 982 2798 fidem
998 2758 1068 2799 suae
1086 2739 1198 2801 doctri-

42 2833 89 2876 nae
106 2838 248 2892 asserere,
267 2818 326 2877 acsi
343 2817 470 2889 dixisset,
494 2815 543 2874 Tu
559 2831 607 2872 me
622 2811 696 2874 falso
717 2812 828 2874 bonurn
840 2833 927 2875 rocas
946 2815 1127 2896 magistrum,
1143 2815 1198 2877 nisi

41 2892 139 2954 aneo
152 2896 321 2976 profectum
343 2893 487 2976 agnoscis.
525 2893 568 2950 Er
590 2910 609 2949 o
626 2909 689 2949 non
707 2889 755 2950 bic
772 2889 911 2950 asserimr
920 2891 1047 2952 Deitatis
1063 2893 1199 2969 essentia,

42 2969 86 3028 sed
113 2973 155 3032 ad
175 2972 264 3032 fidem
293 2969 446 3032 doctrinae
469 2909 635 3028 babenlam
660 2967 816 3028 deducitur
835 2967 957 3027 iuvenis.
997 2969 1059 3029 Iam
1079 2971 1199 3049 quidem

42 3043 132 3124 aliquo
153 3047 316 3109 obediendi
335 3045 447 3108 ellectu
470 3045 598 3106 imbutus
624 3053 698 3118 erat,
716 3045 769 3104 sed
790 3063 857 3103 euru
878 3045 941 3104 rult
958 3042 1092 3107 Christus
1112 3045 1198 3108 altius

42 3126 244 3201 conscendere,
262 3137 295 3184 nt
313 3123 411 3184 Deum
431 3123 602 3203 loquentem
620 3119 728 3180 audiat.
758 3119 834 3179 Nam
849 3122 900 3200 (ut
914 3134 958 3184 est
969 3143 1032 3182 mos
1045 3123 1205 3184 bominum·

44 3215 72 3256 ex
91 3199 214 3262 diabolis
231 3201 405 3282 plerumque
421 3194 677 3281 facereangelos)
695 3197 862 3278 promiscue
881 3197 978 3258 bonos
996 3200 1198 3281 doctoresap·

59 3274 153 3352 ellant,
174 3278 205 3338 in
230 3277 337 3358 quibus
359 3276 433 3337 nibil
455 3277 588 3337 sentiunt
604 3273 748 3335 divinum:
765 3286 833 3334 sunt
847 3286 945 3335 antem
961 3273 1032 3335 istae
1049 3277 1196 3336 donorum

39 3293 91 3413 liei
114 3355 348 3434 profanationes.
394 3353 464 3415 Non
484 3354 590 3412 mirum
611 3371 644 3411 er
666 3371 685 3410 o
704 3350 735 3411 si
749 3349 893 3426 Christus,
911 3362 946 3412 ut
963 3353 1196 3412 doctriuaesuae

41 3431 239 3492 auctoritatem
265 3430 415 3506 conciliet,
440 3430 576 3492 iuvenem
598 3427 635 3487 ad
684 3447 750 3486 eum
772 3439 902 3488 revocat.
932 3428 1026 3488 Seruo
1048 3427 1196 3488 medam.

40 3499 144 3566 Locum
170 3508 250 3568 bunc
275 3527 431 3588 perperam
449 3503 636 3585 interpretati
655 3515 724 3564 sunt
747 3503 864 3584 quidam
886 3504 1094 3579 exactoribus,
1121 3524 1196 3582 quos

41 3577 170 3660 Papistae
185 3585 304 3665 sequuti
315 3594 396 3657 sunt,
413 3583 471 3643 acsi
486 3583 610 3642 doceret
626 3579 772 3656 Christum,
789 3580 878 3662 Legis
889 3580 1097 3642 observatione
1110 3599 1196 3659 posse

40 3673 88 3714 nos
112 3661 202 3721 vitam
228 3673 379 3720 aeternam
399 3657 573 3739 promereri.
609 3656 701 3737 Atqui
726 3677 788 3717 non
814 3657 942 3737 respexit
961 3655 1105 3730 Christus,
1126 3655 1197 3733 quid

39 3735 145 3807 possint
159 3736 306 3810 homines,
326 3737 377 3796 sed
395 3737 431 3795 ad
452 3733 636 3817 propositam
655 3733 858 3813 quaestionem
874 3733 1040 3812 respondit,
1072 3751 1195 3790 uacuam
1238 3765 1249 3776 -

37 3807 106 3870 sito
129 3833 211 3874 erum
233 3812 356 3873 iustitia:
376 3831 483 3891 nempe
506 3830 592 3891 quam
609 3810 669 3870 Lex
686 3810 798 3870 delinit.
832 3811 872 3870 Et
887 3819 967 3868 certe
977 3808 1019 3898 sic
1028 3808 1064 3866 ba
1079 3808 1196 3897 'endum

40 3896 88 3960 est,
108 3833 206 3951 iteum
226 3890 308 3972 Lege
332 3909 382 3948 sua
411 3887 594 3967 complexum
617 3905 678 3948 esse
703 3897 804 3946 sancte
821 3886 955 3965 iusteque
971 3883 1088 3972 vrvendr
1103 3895 1196 3974 ratco-

38 3977 116 4039 ssetu,
141 3987 198 4046 qna
228 3965 336 4026 iustitia
362 3964 546 4026 continetur:
573 3983 669 4044 neqare
695 3961 774 4023 enim
800 3962 905 4022 fnestra
924 3961 1000 4020 hanc
1019 3969 1195 4020 sententiam

38 4041 155 4114 protulit
174 4043 285 4118 Moses,
313 4042 375 4118 Qui
400 4040 507 4102 fecerit
531 4040 621 4116 baec,
648 4038 727 4103 viset
751 4039 783 4099 in
808 4037 888 4118 ipsis.
927 4039 1012 4112 Item,
1033 4035 1197 4098 Contestor

37 4115 144 4177 coelum
172 4130 204 4179 et
229 4131 336 4180 terram
384 4119 444 4179 uod
469 4115 559 4177 hodie
585 4115 670 4178 robis
690 4114 870 4177 ostenderim
889 4113 986 4174 vitam.
1021 4113 1197 4206 llegandum

38 4208 105 4273 ergo
130 4215 194 4255 nou
216 4206 269 4273 est,
289 4139 466 4278 quinbegis
483 4193 651 4254 observatio
669 4193 780 4253 iustitia
795 4193 843 4265 sit,
850 4212 910 4327 gua
923 4191 1011 4252 vitam
1024 4189 1079 4250 saba
1091 4191 1194 4283 acqui-

36 4281 119 4344 reret,
137 4272 160 4330 si
185 4273 250 4351 quis
294 4273 421 4334 erfectus
439 4283 516 4332 esset
531 4269 620 4352 Legis
637 4269 820 4330 observator.
874 4270 910 4328 ed
928 4267 995 4360 quia
1012 4267 1196 4330 destituemus

36 4361 131 4406 omncs
148 4349 247 4427 gloria
262 4293 330 4424 liei,
347 4349 377 4409 in
399 4350 442 4409 Le
465 4369 481 4409 e
502 4369 563 4408 non
583 4345 638 4407 nisi
658 4345 828 4408 maledictio
849 4357 1028 4426 reperietur:
1048 4365 1104 4405 nec
1117 4342 1196 4404 aliud

35 4421 118 4483 nobis
135 4435 245 4499 restat,
270 4447 356 4504 quana
376 4369 540 4510 conlirgere
559 4425 595 4486 ad
615 4423 774 4506 gratuitum
791 4421 928 4564 iustitiae1
932 4422 1055 4564 pgnum.
1091 4421 1196 4500 Itaque
