2766 4840
110 273 115 280 -
156 243 215 307 312
382 235 499 299 SECT.
518 235 598 296 xlx.
629 245 770 322 ‚cumsrt
789 245 906 295 rassto
925 229 969 293 tr
984 243 1089 295 unas.

624 331 646 358 d

157 387 286 472 probare
306 383 425 465 sufficit,
451 389 526 450 adeo
546 377 620 448 nihil
639 385 756 448 habere*
770 385 881 448 Christi
900 385 1081 448 institutioni
1100 385 1202 460 affine,
1221 398 1257 450 ut
1276 387 1319 449 di

156 477 239 528 recte
251 465 349 546 potius
361 477 517 548 repugnet
555 465 626 525 Hoc
643 477 685 524 est
701 485 808 540 corpus
824 483 926 524 mun.
968 464 1060 538 Quod
1081 462 1126 523 his
1146 463 1246 523 verbis
1257 485 1319 544 ¹pa-

156 563 225 603 nem
246 555 447 604 consecratum
468 543 555 603 luisse
581 541 697 616 dicunt,
725 553 759 600 ut
781 541 866 601 fieret
889 539 984 600 carnis
1006 539 1117 600 Christi
1142 539 1320 620 symbolum,

156 639 219 679 uon
240 618 393 700 improbo,
417 620 509 680 modo
535 630 616 697 recte
640 618 697 678 hoc'
723 637 834 677 nomen
853 638 886 678 ac
907 618 1008 676 dextre
1026 627 1168 678 sumatur.
1207 615 1318 677 Panem

156 716 241 778 ergo,
262 695 312 778 qui
332 695 439 756 alendo
460 695 581 776 corpori
601 694 759 754 destinatus
780 702 859 770 erat,
882 692 967 778 eligit
990 713 1024 753 ac
1043 693 1212 754 sanctificat
1231 694 1317 756 Chri-

156 783 217 833 stus
235 772 267 832 in
288 771 374 831 alium
394 794 492 849 usum,
517 782 551 830 ut
572 771 731 852 spiritualis
755 769 839 831 cibus
863 789 925 830 esse
952 769 1083 850 incipiat.
1122 772 1227 849 Atque
1245 771 1317 831 haee

156 861 202 908 est
227 847 382 910 conversio
408 851 488 912 cuius
514 848 627 908 mentio
654 848 687 907 lit
712 847 789 928 apud
813 857 944 906 vehastos
967 846 1119 907 Ecclesiae
1149 849 1318 928 scriptores.

156 925 218 986 Sed
237 927 398 986 tenendum
418 934 462 985 est
481 925 610 998 interea,
637 943 698 984 non
724 923 891 985 consecrari
916 943 1021 1003 panem
1042 943 1164 984 susurro
1186 935 1217 984 et
1236 925 1319 994 flatu,

155 1001 206 1059 sed
228 999 304 1060 clara
325 1002 392 1064 fidei
412 1002 556 1062 doctrina.
595 1002 635 1060 Et
659 1020 730 1060 sane
755 1000 867 1084 magica
891 999 1053 1060 incantatio
1083 1010 1145 1074 est,
1172 1013 1262 1080 quum
1282 1001 1319 1060 ad

152 1087 303 1136 mortuum
324 1078 501 1137 elementum
521 1077 576 1138 diri
600 1077 658 1136 itur
677 1075 876 1137 consecratio:
902 1075 970 1155 quia
991 1075 1074 1156 panis
1095 1077 1245 1150 nonsibi,
1264 1078 1319 1138 sed

128 1175 131 1183 Δ
154 1153 243 1214 nobis
255 1154 419 1238 symbolum
439 1153 573 1238 eorporis
602 1153 696 1217 'haisti
709 1153 845 1214 elicitur.
883 1152 919 1212 in
938 1173 1059 1226 summa,
1079 1152 1154 1211 nihil
1171 1153 1250 1214 aliud
1271 1165 1319 1214 est

155 1231 351 1302 consecratio,
371 1251 457 1312 quam
478 1230 612 1291 sollenne
631 1229 843 1306 testimonium,
863 1249 922 1309 quo
943 1228 1030 1288 nobis
1042 1241 1181 1288 terrestre
1200 1241 1230 1288 et
1244 1251 1316 1289 cor-

68 1309 87 1323 ’“
154 1307 295 1385 ruptihile
320 1308 436 1390 signum
455 1307 601 1368 Dominus
626 1306 656 1366 iu
677 1305 858 1386 spiritualem
878 1326 961 1365 usum
981 1305 1125 1366 destinat:
1150 1307 1231 1386 quod
1250 1307 1319 1365 heri

153 1401 218 1441 non
238 1393 353 1464 potest,
381 1384 438 1444 nisi
458 1383 537 1445 clare
558 1384 594 1443 ad
614 1383 702 1444 fidem
721 1382 930 1444 aedificandam
949 1393 1095 1442 resonent
1113 1382 1175 1442 eius
1194 1384 1321 1443 mauda-

154 1469 217 1517 tum
239 1472 269 1519 et
289 1460 455 1541 promissio.
493 1459 581 1520 Unde
600 1479 714 1524 rursum
740 1469 837 1540 patet,
864 1459 991 1520 obscuro
1014 1479 1165 1518 murmure
1192 1471 1224 1519 et
1247 1461 1319 1520 flatu

154 1555 171 1596 a
195 1535 232 1598 ud
244 1536 376 1616 Papisius
395 1537 486 1617 impie
505 1536 657 1618 profanari
676 1537 857 1616 mysterium.
896 1534 1012 1609 Quodsi
1032 1547 1191 1595 consecrat
1210 1557 1317 1614 panem

185 1612 298 1684 hristus,
319 1615 386 1677 dum
406 1613 494 1674 uobis
512 1623 635 1673 testatur
653 1633 761 1692 corpus
780 1633 863 1672 suum
883 1631 957 1688 csse,
981 1633 1044 1670 non
1063 1611 1255 1693 imaginanda
1275 1625 1318 1672 est

152 1687 333 1750 substantiae
346 1691 479 1764 mutatio,
499 1691 551 1751 sed
570 1690 698 1749 tenenda
719 1699 763 1748 est
780 1688 876 1748 solum
897 1709 963 1748 usus
982 1689 1108 1748 novitas.
1149 1687 1251 1748 Porro
1261 1690 1316 1748 nisi

35 1785 36 1793 ¹
123 1789 130 1824 ,Ι
152 1765 270 1843 pridem
291 1763 400 1825 diaboli
421 1767 524 1828 astutia
544 1767 586 1826 sie
607 1766 761 1826 fascinatus
782 1777 858 1826 esset
876 1765 1010 1839 mundus,
1035 1777 1078 1838 ut,
1097 1765 1317 1826 transsubstan-

152 1841 284 1902 tiationis
304 1853 446 1922 portento
459 1841 548 1902 semel
565 1843 692 1916 invecto,
711 1840 821 1901 nullam
841 1841 931 1902 hodie
950 1861 1039 1902 verae
1059 1842 1317 1920 interpretationis

152 1915 247 1978 lucem
272 1917 305 1975 in
330 1915 372 1976 bls
398 1917 495 1979 verbis
514 1918 662 1989 admittat,
686 1937 897 1998 supervacuum
925 1927 1000 1978 esset
1024 1915 1145 1998 longius
1173 1918 1207 1978 in
1231 1938 1315 1978 sensu

153 1993 325 2127 puacrendo
346 1993 489 2056 insistere.
526 1994 707 2054 Pronuntiat
725 1991 859 2055 Christus
878 2013 983 2076 panem
1003 2012 1068 2054 esse
1088 2014 1126 2054 co
1167 2015 1202 2054 us
1219 2016 1314 2054 suurn:

175 2067 404 2130 eSacramento
424 2069 549 2131 hahetur
567 2090 673 2130 sermo.
712 2070 812 2131 Fateri
831 2090 903 2132 vero
924 2090 1042 2130 necesse
1063 2081 1118 2143 est,
1165 2091 1311 2132 aennen-

150 2155 214 2204 tum
233 2145 342 2210 visibili
366 2145 389 2206 si
412 2165 452 2207 uo
473 2159 623 2223 constare,
647 2147 695 2207 eui
713 2165 761 2208 res
779 2147 894 2231 signata
913 2146 1070 2208 coniuncta
1092 2159 1156 2221 est,
1178 2167 1249 2226 quae
1267 2159 1312 2207 est

152 2221 214 2281 eius
233 2223 349 2284 veritas.
387 2165 449 2286 lam
477 2235 507 2283 et
531 2223 588 2284 hoo
612 2223 680 2284 satis
704 2223 807 2284 tritum
827 2243 889 2285 esse
910 2223 1013 2294 debet,
1037 2224 1082 2284 rei
1102 2224 1239 2306 signatae
1257 2245 1312 2283 no-

150 2319 220 2358 men
240 2300 277 2362 ad
301 2299 416 2385 siguum
440 2300 604 2364 translerri.
644 2299 747 2376 Quare
771 2314 860 2361 nemo
886 2301 918 2360 in
943 2299 1098 2380 Scriptura
1109 2301 1314 2392 ,menoetius
1374 2365 1375 2370 1

113 2393 117 2402 ·
150 2387 281 2435 versatus
301 2373 439 2460 negabit,
465 2378 536 2457 quin
561 2375 777 2442 sacramentalis
797 2375 933 2467 loquutio
952 2388 1156 2460 metonymree
1176 2379 1313 2438 sumenda

114 2490 117 2496 ,
150 2451 198 2512 sit
237 2453 354 2513 Omitto
376 2453 532 2590 generales
556 2465 680 2540 tropos,
708 2453 758 2533 qui
784 2473 890 2544 passura
916 2463 1076 2514 oecurmnt
1094 2453 1127 2514 in
1146 2452 1314 2536 Scriptura:

149 2527 210 2588 hoc
236 2539 351 2594 tautum
397 2531 459 2606 ico,
494 2531 611 2609 quoties
635 2543 786 2590 externum
812 2551 927 2612 signum
952 2529 1060 2590 dieitur
1083 2529 1117 2590 id
1141 2551 1209 2590 esse
1236 2533 1313 2611 quod

131 2603 273 2686 'figurat,
304 2607 434 2668 omniurn
459 2627 605 2667 consensu
630 2605 828 2698 metonymice
854 2607 952 2669 locum
977 2605 1050 2668 dari.
1094 2607 1138 2666 Ba
1163 2607 1269 2668 tismus
1291 2607 1314 2667 si

149 2694 274 2745 vocetur
293 2682 439 2744 lavacrum
459 2683 702 2764 regenerationis,
722 2704 745 2743 ει
757 2683 855 2757 Petra,
875 2685 954 2746 unde
974 2703 1049 2764 aqua
1061 2683 1144 2743 Patra
1171 2685 1251 2744 usin
1266 2683 1315 2744 de·

78 2779 82 2794 ¹
149 2769 230 2818 serto
252 2760 349 2832 fluxit,
374 2763 499 2818 vocetur
519 2758 673 2835 Christus,
693 2761 716 2820 si
737 2757 874 2822 columba
893 2769 1018 2822 vocetur
1036 2759 1169 2840 Spiritus
1190 2773 1317 2834 sanctm,

147 2833 253 2894 nullus·
266 2836 495 2911 controversiam
522 2835 669 2912 movebit,
694 2835 766 2916 quin
791 2835 882 2916 signis
907 2835 1052 2896 tribuatur
1078 2857 1194 2896 nomen
1220 2859 1315 2898 rerum

148 2929 220 2988 quas
240 2909 377 2992 figurant,
397 2911 447 2991 qui
467 2911 500 2972 ht
519 2933 593 2994 ergo
612 2923 656 2986 ut,
682 2913 762 3004 quod
782 2911 978 2972 sacramentis
997 2913 1136 2973 omuibus
1157 2933 1315 2974 commune

148 2996 210 3059 est,
230 2987 266 3046 ad
287 3007 407 3047 coenam
429 2989 522 3068 aptari
542 3009 604 3048 non
623 2997 799 3062 sustineant,
820 3008 894 3073 quos
914 3000 998 3048 tenet
1016 2991 1187 3050 reverentia
1208 2991 1315 3052 verbo-

146 3083 213 3124 sum
232 3063 376 3125 Domini?
400 3063 530 3146 Simplex
551 3076 581 3125 et
601 3065 721 3125 literalis
741 3085 841 3126 sensus
862 3086 913 3126 eos
934 3065 1070 3125 delectat.
1112 3067 1180 3128 Cur
1193 3068 1313 3149 ergoia

148 3138 285 3198 omnihus
305 3139 500 3201 sacramentis
519 3161 581 3200 non
601 3141 711 3202 valebit
731 3143 833 3202 eadem
853 3142 972 3222 regula?
1003 3140 1094 3207 Certe
1115 3143 1176 3202 nisi
1197 3143 1314 3205 Petram

147 3213 378 3278 substantialiter
389 3217 476 3279 luisse
490 3215 639 3278 Christum
653 3205 828 3294 ebuccdant,
847 3219 948 3298 putida
970 3228 1014 3278 est
1033 3239 1090 3298 qua
1112 3239 1170 3280 nos
1191 3233 1314 3302 gravant

147 3289 301 3352 calumnia.
340 3295 374 3357 si
416 3315 499 3354 anem
520 3293 690 3373 exponimus
709 3297 809 3357 vocari
837 3314 961 3376 corpus,
1008 3295 1055 3353 uia
1079 3295 1119 3355 sit
1144 3297 1315 3378 symbolum

147 3369 294 3447 corporis,
313 3315 483 3432 lahcsilctari
504 3371 672 3430 obtendunt
690 3381 782 3434 totam
798 3371 968 3462 Scripturas
987 3315 1169 3432 doctrinam.
1210 3376 1314 3454 Neque

146 3444 226 3508 euim
250 3445 325 3508 hanc
350 3447 491 3527 loquendi
516 3447 647 3528 regulam
673 3469 770 3528 nuper
794 3447 1015 3521 fabricavimus,
1044 3449 1097 3509 sed
1125 3469 1162 3509 ex
1182 3462 1314 3512 aeterum

145 3521 321 3583 auctoritate
346 3523 382 3584 ab
409 3525 576 3616 Augustino
602 3524 737 3587 traditam
762 3543 863 3584 ornnes
889 3523 1012 3604 amplexi
1032 3537 1119 3600 suut,
1146 3527 1238 3608 siguis
1255 3527 1311 3584 im-

144 3600 269 3678 proprie
287 3619 385 3659 rerum
405 3599 597 3680 spiritualium
617 3601 739 3660 nomina
759 3601 875 3676 ascribi,
899 3611 987 3680 atque
1007 3601 1049 3660 ita
1070 3601 1186 3664 debere
1204 3602 1311 3682 aponi

145 3693 248 3737 omnes
268 3676 439 3756 Scripturas
458 3675 558 3751 locos,
582 3675 635 3736 uhi
659 3677 695 3738 de
716 3677 912 3738 Sacramentis
940 3679 974 3738 fit
992 3677 1117 3740 mentio.
1162 3679 1311 3755 Quorsum

145 3769 219 3832 ergo
243 3753 366 3826 attinet,
394 3753 461 3814 darm
487 3753 599 3814 axioma
623 3753 761 3815 sumimus
786 3753 892 3836 passim
917 3766 1086 3835 receptum,
1114 3755 1199 3835 qarasi
1221 3754 1253 3815 in
1278 3777 1315 3815 re
1369 3811 1370 3824 ,

144 3847 222 3888 nova
249 3840 280 3889 et
305 3829 422 3890 insolita
447 3849 570 3911 magnos
597 3830 740 3906 clamores
764 3829 904 3894 movere?
943 3829 1104 3891 Caeterum
1132 3833 1264 3893 clament
1283 3847 1318 3892 ut

145 3901 265 3965 libuerit
285 3905 442 3986 praefracti
465 3905 616 3982 homines,
635 3907 694 3968 hoc
715 3911 792 3986 apud
812 3927 898 3969 sanos
919 3917 950 3967 et
969 3907 1121 3968 modestos
1140 3909 1266 3982 valebit,
1285 3911 1315 3968 ia

143 3979 189 4038 his
210 3981 320 4043 Christi
347 3982 446 4042 verbis
471 3982 709 4042 sacramentalem
731 4003 794 4045 esse
814 3984 956 4064 loquendi
976 3985 1111 4044 sormam.
1152 3987 1247 4048 Unde
1266 4007 1316 4046 se-

142 4057 258 4190 guitur,
279 4058 402 4138 panem,
429 4057 496 4138 quia
516 4055 682 4140 symbolum
702 4069 747 4120 est
767 4061 901 4140 corporIs
923 4059 1049 4134 Christi,
1068 4061 1175 4122 vocari
1194 4083 1316 4144 eorpus.

165 4149 241 4192 orco
262 4135 320 4196 duro
342 4145 410 4195 sunt
429 4135 581 4196 hominum
602 4155 722 4214 genera,
743 4138 793 4218 qui
814 4149 917 4197 contra
937 4157 992 4196 nos
1012 4135 1184 4220 insurgunt.
1226 4141 1318 4218 Papi-

143 4215 205 4266 stae
224 4229 274 4268 sua
296 4210 624 4274 transsubstantiatione
644 4211 736 4272 delusi
756 4225 867 4295 negant
887 4213 1001 4274 ostendi
1020 4233 1142 4308 panem,
1163 4215 1237 4295 quia
1249 4229 1316 4276 tan-

38 4344 42 4356 ,
142 4292 204 4342 turn
224 4297 341 4346 maneat
362 4287 475 4366 species
495 4287 560 4347 sine
579 4287 727 4348 subiecto:
749 4291 800 4350 scd
821 4311 923 4350 eorum
944 4289 1080 4350 delirium
1100 4289 1216 4354 relutat
1236 4293 1314 4352 Pau-

142 4355 186 4418 lus
205 4359 246 4434 (1.
267 4360 339 4422 Cor.
360 4371 414 4466 10,Ι
428 4367 492 4439 h),
516 4363 663 4448 alhuuans
682 4385 806 4448 panem,
830 4387 918 4450 quem
938 4365 1116 4450 frauginms,
1142 4387 1211 4468 esse
1231 4389 1314 4432 cuar-
1367 4425 1368 4428 ,
