2768 4834
344 263 410 343 (dil
434 261 515 326 icens
534 263 608 346 legit
625 260 696 326 ΧΠ.
717 262 895 346 apostolos.)
1130 267 1189 330 133

13 409 15 480 l
53 417 82 476 in
99 423 248 475 montem.
287 412 387 478 Lucas
407 413 541 496 exprimit
560 437 683 494 cansam,
703 427 738 478 ut
755 415 875 479 liberius
894 416 926 478 in
945 433 1061 478 secessu
1080 427 1189 492 oraret,

53 493 128 571 quod
151 491 275 571 saepius
298 491 401 552 facere
428 492 545 552 solitum
566 514 600 553 ex
619 494 681 555 aliis
700 494 774 554 locis
793 505 897 554 notum
916 504 969 554 est.
1007 493 1074 552 Hoc
1093 504 1190 552 antem

13 557 15 630 l
53 567 217 648 exemplum
240 565 332 627 nobis
354 579 514 648 perpetuae
533 570 653 651 regulae
673 570 764 632 instar
783 591 845 631 esse
866 569 973 644 debet,
997 581 1065 628 uta
1107 573 1205 628 roca-¹

13 631 14 690 l
53 647 144 704 tione
156 644 332 719 ordiamur,
363 645 478 724 quoties
505 644 634 728 eligendi
653 647 878 707 suntEcclesiis
899 650 1046 726 pastores,
1077 587 1189 723 aiioqni

50 720 269 801 inauspicatum
296 721 354 779 erit
379 721 517 800 quicquid
541 723 727 784 tentabimus.
778 725 841 784 Nec
865 744 935 784 sane
959 722 1105 782 Dominus
1130 732 1189 780 tam

52 821 95 856 sna
116 818 209 858 causa
231 809 372 876 precatus
393 809 451 874 est,
471 820 557 876 qnam
577 811 609 856 ut
629 801 714 860 nobis
734 801 831 882 legem
851 799 1091 881 praescriberet-
1112 796 1189 856 Pru-

51 874 144 932 dentia
168 873 255 932 enim
277 873 461 932 destituimur
481 886 511 933 ει
530 875 671 950 consilio,
697 889 800 956 atque,
820 889 853 941 ut
871 873 993 936 maxime
1012 876 1099 934 simus
1120 893 1189 952 per-

52 951 199 1039 spicaces,
225 949 302 1010 nibil
322 960 421 1008 tamen
441 949 569 1024 facilius,
595 973 681 1031 quam
702 953 806 1013 bacin
827 966 910 1034 parte
931 952 1035 1032 decipi.
1074 951 1136 1010 Iam
1156 959 1190 1008 ut

50 1050 131 1086 umus
154 1037 246 1086 extra
266 1026 385 1086 errandi
406 1025 582 1106 periculum,
605 1029 661 1088 nisi
678 1027 824 1092 Dominus
844 1031 968 1090 affectus
987 1041 1071 1088 nostr
1122 1047 1190 1084 mo-

49 1105 179 1178 deretur,
202 1113 315 1192 quanta
336 1101 373 1161 ad
392 1123 445 1180 pos
464 1103 655 1184 abripiendos
674 1105 721 1164 vel
742 1105 848 1166 favoris
868 1118 899 1166 et
939 1105 1038 1180 ratlac,
1057 1049 1105 1166 vil
1116 1102 1189 1176 odii,

51 1181 89 1239 rel
110 1177 293 1238 ambitionis
313 1178 358 1237 vis
377 1192 435 1254 est,
465 1191 515 1238 aut
534 1180 632 1270 potius
651 1179 813 1245 violentia?
852 1183 898 1258 Ad
917 1127 1006 1256 iaec,
1028 1193 1061 1240 ut
1079 1199 1190 1240 summa

49 1258 76 1314 in
100 1255 263 1316 electione
287 1254 416 1336 viguerit
440 1255 613 1332 dexteritas,
643 1257 804 1317 infeliciter
826 1269 925 1318 tamen
951 1259 1057 1316 cedent
1081 1256 1189 1330 omnia,

49 1333 97 1392 nisi
111 1331 271 1392 Dominus
292 1331 440 1413 regendos
459 1332 606 1412 suscipiat,
626 1334 675 1424 qni
697 1333 807 1393 fuerint
826 1332 922 1410 electi,
942 1354 975 1392 ac
996 1331 1113 1392 dotibus
1132 1347 1188 1390 ne-

50 1409 181 1468 cessariis
206 1407 345 1466 instruat.
385 1407 465 1482 Quid
492 1409 584 1490 ergo?
614 1411 693 1470 dicet
713 1407 872 1492 quispiam,
897 1431 933 1468 an
953 1429 1015 1467 non
1035 1397 1112 1468 serio
1132 1426 1190 1486 po-

50 1485 167 1544 stularit
192 1504 210 1542 a
237 1482 329 1542 Patre
352 1480 499 1558 Christus,
531 1496 564 1544 ut
583 1485 722 1546 electioni
743 1489 811 1546 s'uae
832 1481 998 1566 praeesset?
1036 1485 1103 1542 Hoc
1124 1482 1189 1561 qui-

53 1563 111 1620 dem
132 1562 242 1620 fateor
261 1571 291 1619 et
310 1558 396 1620 simul
415 1561 509 1636 addo,
536 1560 594 1621 boc
613 1563 783 1628 testimonio
805 1562 983 1635 declarasse,
1009 1581 1095 1639 quam
1115 1569 1191 1618 esset

52 1639 82 1698 de
106 1637 251 1716 Ecclesia
275 1657 328 1695 sua
352 1635 502 1696 sollicitus.
554 1639 658 1718 ltaque
683 1661 744 1700 non
771 1640 944 1717 quotidiano
967 1658 1050 1696 more
1073 1635 1190 1716 rogavit

51 1715 182 1788 Patrem,
201 1713 256 1774 sed
276 1723 371 1772 totam
391 1726 508 1772 noctem
529 1712 558 1772 in
578 1717 716 1794 precibus
735 1715 923 1796 consumpsit.
953 1716 1063 1772 Verum
1082 1712 1106 1772 si
1125 1713 1189 1791 ipse

51 1793 164 1872 Spiritu
183 1800 291 1849 sancto
312 1788 415 1868 plenus
434 1801 492 1848 tam
513 1793 652 1854 ardenter
671 1805 700 1852 et
719 1793 801 1852 anxie
812 1792 930 1852 Patrem
951 1788 1102 1850 electionis
1119 1808 1188 1848 suae

51 1869 217 1946 praesidem
238 1865 404 1946 invocavit,
425 1879 533 1944 quanto
554 1869 648 1928 maior
668 1882 712 1929 est
730 1881 830 1928 nostra
851 1869 1024 1930 necessitas?
1066 1865 1190 1924 Vocnvit

53 1945 91 2004 erl
111 1969 146 2005 se
171 1965 246 2024 qnos
270 1943 370 2008 wtute.
407 1942 476 2001 Non
497 1943 599 2003 dubito
622 1947 691 2024 quin
713 1947 768 2004 hoc
787 1946 879 2005 verbo
899 1944 1045 2026 significet
1063 1943 1189 2015 Marcus,

53 2044 130 2082 nera
159 2019 276 2080 Christi
302 2017 410 2100 gratia,
439 2040 500 2077 non
523 2041 576 2099 pro
596 2043 646 2080 sua
667 2023 695 2081 di
718 2023 825 2096 nitate,
857 2023 893 2082 ad
913 2035 972 2080 tarn
993 2020 1187 2078 honorificum

52 2119 156 2157 nunus
176 2097 268 2156 fuisse
288 2095 459 2174 assumptos.
488 2096 563 2154 Nam
582 2097 606 2156 si
625 2043 771 2180 intelligas
796 2099 926 2158 delectos
946 2097 1043 2168 fuisse,
1064 2095 1113 2173 qui
1125 2095 1187 2152 aliis
1245 2111 1248 2132 ι

51 2173 284 2254 praestantiores
310 2184 410 2244 crant,
438 2191 500 2230 non
527 2173 680 2252 quadrabit
706 2177 763 2234 boc
784 2177 813 2236 in
834 2176 944 2234 ludam.
985 2173 1093 2232 Sensus
1114 2191 1187 2251 ergo

55 2266 106 2312 est:
137 2272 203 2310 non
232 2249 322 2307 fnisse
349 2247 475 2307 delatum
496 2248 646 2310 bominum
666 2251 777 2312 meritis
796 2251 1018 2331 Apostolatum,
1049 2247 1100 2307 sed
1120 2267 1188 2382 gra-

56 2330 124 2387 tuita
145 2327 207 2386 Dei
227 2323 447 2414 misericordia,
479 2326 528 2404 qui
547 2327 667 2386 minime
688 2327 768 2408 digni
782 2326 944 2400 ·erant,·in
965 2325 1044 2382 illum
1087 2345 1116 2381 ra
1139 2343 1188 2380 um

54 2417 186 2476 erectos,
218 2413 308 2479 atque
328 2401 368 2460 ita
387 2401 539 2481 impletum
560 2422 637 2477 esse,
663 2405 742 2481 quod
762 2403 832 2463 alibi
851 2400 1024 2481 pronuntiat
1045 2343 1188 2472 biristns,

55 2483 120 2540 Non
146 2501 202 2542 ros
227 2499 277 2537 me
304 2477 446 2558 elegistis,
475 2479 527 2538 sed
552 2498 609 2559 ego
631 2479 699 2558 eligi
719 2501 772 2539 vos
792 2481 857 2556 (lo.
877 2485 929 2548 15,
954 2477 1030 2550 tn).
1073 2475 1188 2534 Eodem

55 2578 170 2638 qnoque
198 2575 288 2614 sensu
314 2553 421 2612 Paulus
444 2552 502 2614 Dei
547 2554 710 2634 ropositnm
737 2556 767 2613 in
793 2575 846 2612 suo
873 2550 1051 2642 apostolatu
1074 2548 1189 2628 saepius

55 2631 243 2693 commendat
263 2630 387 2710 (Ephes.
405 2637 434 2706 3,
454 2637 481 2697 7.
508 2575 622 2691 cliton.
642 2637 671 2704 1,
689 2631 762 2710 25.).'
783 2629 861 2689 ‘Sed
882 2631 928 2688 bre
949 2637 1103 2706 emergunt
1122 2625 1188 2703 plu·
1220 2643 1231 2660 ²
1259 2646 1263 2670 ι’

56 2733 96 2770 res
125 2709 328 2790 quaestiones.
371 2705 488 2782 Primo,
520 2728 571 2766 cur
591 2709 736 2767 destinato
778 2706 912 2785 roposito
933 2703 1035 2761 Iudam
1055 2700 1189 2791 elegerit,

57 2809 138 2866 quern
165 2799 199 2845 et
224 2785 343 2843 bonore
362 2783 514 2863 indignum
535 2783 662 2859 sciebat,
694 2797 724 2844 et
758 2805 809 2844 ore
830 2781 1022 2862 proditorem.
1059 2777 1188 2849 Deinde,

58 2885 104 2924 rur
126 2865 233 2935 Deus,
263 2858 376 2918 al'ilio
398 2871 457 2918 tam
477 2860 614 2920 ardenter
632 2873 768 2952 rogatus,
798 2859 828 2918 in
849 2856 1018 2938 primarium
1037 2853 1188 2914 Ecclesiae

57 2963 118 3001 suae
144 2939 285 3000 ordinem
312 2935 458 3014 obrepere
482 2957 581 3016 passus
601 2935 690 2996 fuerit
709 2937 858 2998 hominem
879 2933 1022 3014 perfidum
1043 2944 1073 2990 ct
1092 2929 1187 2990 scele-

58 3031 142 3092 stum,
173 3011 236 3074 acsi
262 3011 413 3071 Christum
438 3033 469 3072 re
494 3013 626 3074 udiasset
672 3015 793 3086 Tertio,
824 3033 876 3072 cnr
900 3008 1028 3069 voluerit
1047 3006 1187 3098 primitias

59 3093 205 3154 Ecclesiae
230 3101 384 3149 snaetam
409 3087 498 3148 foen
525 3089 670 3150 dedecore
696 3090 798 3171 pollui.
845 3087 978 3162 Quarto,
1010 3107 1059 3164 qur
1080 3083 1187 3147 factum

58 3174 99 3244 sit,
117 3183 152 3230 ut
172 3166 278 3248 probis
298 3185 333 3223 ac
353 3164 487 3224 fidelibus
507 3166 644 3226 ministris
657 3169 758 3226 ludam
773 3165 905 3228 Christus
925 3163 1018 3222 sciens
1039 3183 1072 3220 ac
1084 3161 1187 3220 voleus

59 3249 230 3326 praeferret.
262 3241 361 3300 Prima
382 3241 510 3301 obiectio
531 3243 585 3302 hac
604 3243 796 3322 responsione
816 3240 951 3312 solvitur,
968 3237 1093 3301 voluisse
1113 3258 1187 3300 eon-

59 3327 128 3384 salto
155 3319 324 3381 Dominum
350 3337 504 3378 occurrere
530 3318 633 3378 futuris
658 3318 815 3390 scandalis,
854 3338 891 3378 nc
918 3315 1070 3378 turbentur
1099 3333 1187 3393 snpra

60 3403 191 3472 nodum,
217 3395 335 3476 quoties
354 3391 451 3453 locum
470 3393 501 3452 in
521 3395 651 3455 Ecclesia
673 3406 819 3475 occupant
836 3391 941 3472 perfidi
962 3393 1116 3465 tonores,
1139 3387 1188 3450 vel

61 3497 90 3536 ex
117 3469 342 3556 professoribus
371 3469 524 3550 Evangelii
556 3471 631 3531 liunt
659 3483 824 3551 apostataes
861 3481 891 3529 et
915 3467 999 3527 simul
1025 3464 1188 3545 exemplum

60 3553 223 3613 horrendae
250 3536 426 3608 defectionis
449 3548 580 3608 statuisse
599 3546 631 3624 in
652 3547 736 3606 nnius
756 3546 886 3610 bominis
924 3564 1047 3618 ersona,
1073 3564 1110 3602 ne
1129 3539 1188 3602 sibi

59 3631 176 3694 nimium
198 3626 351 3708 placeant,
382 3622 481 3702 quiin
501 3625 605 3684 altiore
626 3623 774 3708 dignitatis
794 3623 887 3708 gradu
902 3565 994 3681 locati
1014 3630 1091 3681 sunt.
1134 3619 1187 3676 In-

59 3719 135 3766 terea
155 3725 221 3764 non
240 3701 382 3774 dicemus,
402 3699 546 3779 repulsam
566 3722 679 3779 passum
701 3699 789 3762 fuisse
810 3697 967 3760 Christum.
1008 3695 1108 3771 Quum
1128 3693 1187 3754 Pa-

60 3795 100 3842 ter
119 3775 289 3843 admirabili
310 3774 433 3835 consilio
453 3777 603 3838 diabolum
621 3799 712 3836 unum
732 3776 843 3867 angelis
861 3773 997 3834 undecim
1014 3770 1187 3858 adiungens,

62 3860 98 3918 sic
114 3872 218 3920 tamen
237 3853 408 3918 moderatus
427 3855 533 3914 estrei
554 3865 706 3928 eventum,
726 3865 758 3913 nt
776 3853 851 3912 illius
871 3850 999 3912 defectio
1021 3845 1107 3906 fidem
1125 3846 1186 3905 bc-

62 3937 161 3996 rlesiae
181 3954 253 3994 snae
274 3927 463 3994 confirmaret
481 3930 580 4012 potius
601 3951 688 4010 quarn
707 3940 888 3990 concuteret.
919 3927 999 3984 llaec
1016 3921 1121 4010 eadem
1135 3941 1186 3980 so-

63 4011 130 4072 lutio
154 4011 262 4072 tertiae
289 4005 455 4084 quaestioni
480 4007 605 4086 aptanda
631 4019 683 4067 est.
728 4007 765 4068 ln
790 4005 858 4085 ipsis
883 3997 1186 4092 prirnordusmature

64 4102 173 4148 ostensa
199 4098 246 4148 est
264 4081 363 4142 futura
382 4081 534 4144 Ecclesiae
552 4083 700 4157 conditio,
730 4103 768 4142 ne
789 4083 823 4141 ad
844 4079 929 4140 ullius
949 4095 980 4134 re
1003 4072 1070 4133 roba
1089 4095 1186 4136 casum

64 4163 242 4226 labascerent
265 4157 390 4234 infirmi,
421 4159 486 4237 quia
506 4159 567 4218 indi
591 4181 657 4218 num
679 4171 737 4233 est,
766 4169 800 4216 nt
817 4156 853 4216 ab
874 4096 1041 4214 bominibus
1060 4153 1188 4233 pendeat

64 4241 211 4324 Evangelii
238 4235 391 4298 stabilitas.
435 4235 527 4310 Quod
552 4177 589 4294 ad
608 4235 739 4294 ultimum
761 4233 910 4293 obiectum
928 4239 1055 4318 spectat,
1083 4231 1188 4290 Iudam

65 4338 118 4376 nou
138 4314 284 4399 praetulit
298 4311 431 4374 Christus
451 4311 506 4391 piis
524 4312 688 4391 sanctisque
705 4308 863 4389 discipulis,
882 4307 933 4367 sed
945 4306 1189 4368 eumrnsuntime

65 4393 176 4474 tollens,
194 4393 279 4456 unde
298 4388 426 4452 naitono
437 4399 510 4468 erat,
529 4387 665 4458 omnibus
677 4385 846 4472 spectaculo
861 4381 1034 4471 essepoluit,
1052 4386 1189 4464 adeoque
