2814 4846
1102 185 1113 212 N

117 301 122 309 ·
152 274 192 336 st
363 251 481 330 SECT.
501 265 589 329 xm.
627 241 1098 330 ssiuonnser‘rsnsnonau.

154 440 335 490 eonnrmor.
368 371 671 492 '38.'Veinnlamen
693 431 824 510 oportet
844 441 895 486 me
915 417 1016 486 hodie
1037 395 1070 484 et
1092 439 1174 496 cras,
1197 427 1231 485 et
1251 439 1329 508 per-

155 529 251 607 endie
273 525 456 605 ambulare,
488 526 564 614 quiri
594 525 742 591 decidere
768 545 838 592 non
863 522 964 603 solet,
999 531 1036 588 ut
1056 521 1222 607 Propheta
1243 521 1327 588 alibi

154 631 281 716 pereat,
303 651 397 718 quam
419 627 669 715 Hierosolymis.
744 713 747 719 Ι

231 803 302 863 Hoc*
321 793 420 878 eliam,
442 821 506 884 quo'
521 811 658 883 ternpore
669 799 820 874 acciderit,
839 811 922 860 certo
944 795 1052 860 eoniici
1071 795 1117 858 vix
1137 808 1248 877 potest,
1269 797 1327 858 nisi

158 879 238 960 quod
257 889 328 940 tunc
348 891 496 940 versatum
514 879 602 942 luisse
624 876 772 939 Christum
800 876 832 935 in
853 875 988 938 Galilaea
1014 887 1126 935 certum
1148 886 1206 949 est,
1236 873 1327 936 sicuti

154 967 220 1018 toto
241 956 406 1017 vocationis
424 977 495 1018 suae
515 977 602 1017 cursu
621 955 683 1015 illic
702 953 768 1035 plus
787 974 888 1015 morae
909 973 995 1034 qnam
1015 951 1093 1012 alibi
1107 950 1203 1011 traxit.
1242 951 1327 1011 Hor-

155 1043 256 1093 tantur
275 1032 372 1107 enim,
393 1032 443 1112 qui
463 1032 570 1094 volunt
588 1031 681 1094 videri
702 1030 805 1106 amici,
824 1040 872 1104 ut,
895 1031 919 1090 si
938 1030 1012 1090 velit
1029 1028 1124 1089 salvus
1145 1047 1224 1102 esse,
1244 1039 1327 1088 extra

92 1125 99 1138 ⁸
154 1103 283 1170 Herodis
303 1109 449 1169 ditionem
470 1109 625 1170 concedat.
665 1108 727 1167 Iam
752 1107 880 1187 qualiter
902 1105 1003 1168 allecti
1029 1105 1154 1180 luerint,
1186 1103 1236 1184 qui
1264 1104 1326 1163 hoc

153 1182 265 1244 dabant
283 1185 449 1258 consilium,
470 1186 614 1246 nescitur:
634 1184 691 1244 nisi
712 1183 793 1266 quod
813 1184 844 1242 in
864 1184 939 1243 banc
953 1183 1154 1242 coniecturam
1170 1179 1326 1262 magisin-

155 1258 246 1335 clino,
266 1261 339 1340 quia·
353 1261 494 1326 maiorem
537 1261 619 1342 opuli
661 1272 753 1320 artem
765 1259 825 1320 illic
842 1259 982 1321 videbant
996 1256 1117 1318 Christo
1129 1257 1267 1330 deditam,
1288 1267 1325 1314 ut

178 1337 263 1404 assim
283 1349 403 1420 recepta
425 1350 501 1399 esset
548 1281 675 1430 vangelii
695 1337 848 1410 doctrina,
878 1348 1005 1397 tentasse
1026 1333 1086 1392 alio
1105 1333 1198 1413 ipsum
1219 1333 1324 1414 expel-

154 1357 226 1474 hre·
252 1415 434 1488 Notandum,
455 1417 574 1495 quinam
584 1427 643 1474 smt
655 1407 703 1476 isti
723 1413 900 1473 monitores:
922 1413 993 1473 dicit
1004 1411 1109 1484 Lucas,
1129 1409 1215 1468 fuisse
1232 1429 1326 1544 puos-

155 1491 226 1550 dam·
245 1511 279 1550 ex
293 1491 468 1552 Pharisaeis.
495 1491 536 1551 m
558 1491 588 1550 ui
607 1491 723 1566 scimus,
741 1501 850 1550 sectam
870 1489 948 1549 illam
968 1508 1031 1548 non
1042 1487 1117 1546 adeo
1130 1485 1218 1546 luisse
1263 1485 1326 1544 hri-

95 1580 113 1594 *
155 1579 202 1628 sto
223 1567 399 1647 propitiam,
428 1580 461 1626 ut
485 1513 643 1702 probabile
662 1567 701 1626 sit
720 1567 756 1626 de
776 1565 837 1626 eius
858 1567 918 1626 vita
938 1565 1027 1625 luisse
1046 1561 1199 1623 sollicitos.
1241 1561 1325 1697 quid

156 1643 251 1726 ergo?
271 1663 378 1723 nempe
399 1644 482 1703 consi
495 1643 554 1702 ium
575 1654 654 1719 erat,
682 1643 791 1703 iniecta
816 1641 976 1703 formidine
1002 1641 1033 1699 in
1058 1639 1169 1718 aliquas
1194 1637 1254 1698 late
1277 1659 1323 1696 ras

159 1741 225 1779 eum
246 1717 382 1804 abigere:
403 1720 471 1798 quia
491 1720 557 1779 sore
574 1719 744 1801 sperabant,
763 1730 796 1778 ut
814 1717 898 1779 brevi
918 1716 1090 1780 concideret
1108 1715 1171 1775 eius
1191 1713 1324 1774 auctori-

154 1807 209 1870 tas,
227 1795 289 1854 imo
310 1806 500 1856 evanesceret
519 1806 581 1855 tota
601 1794 745 1855 doctrina.
776 1793 837 1854 Sed
854 1795 970 1855 interim
991 1791 1222 1854 considerandus
1236 1789 1325 1851 nobis

154 1883 200 1932 est
219 1871 329 1952 primus
349 1871 433 1931 huius
454 1871 570 1931 consilii
588 1891 635 1930 ma
659 1871 730 1931 ister
748 1871 962 1950 atque'artilex
980 1871 1086 1930 Satan:
1119 1867 1205 1948 quia,
1237 1867 1325 1928 sicuti

154 1947 263 2007 Filium
284 1947 343 2006 Dei
362 1947 503 2007 terrendo
522 1893 816 2030 Evangehiicursurn
834 1959 907 2009 tune
926 1948 1101 2026 abrumpere
1123 1957 1248 2004 conatus
1269 1957 1324 2016 est,

153 2025 194 2083 ita
213 2023 339 2083 subinde
360 2043 453 2083 novos
473 2036 605 2085 terrores
623 2024 852 2086 comminiscitur
872 2046 906 2086 ac
926 2024 1064 2099 fabricat,
1084 2020 1191 2104 quibus
1213 2022 1324 2082 exarm-

96 2124 100 2135 ·
154 2113 208 2162 net
228 2099 338 2160 Christi
358 2100 519 2177 ministros,
538 2122 572 2162 ac
592 2121 707 2162 cursum
726 2103 881 2164 reflectere
903 2113 1000 2184 cogat.

229 2175 507 2242 taceamne
525 2177 607 2252 malps'
625 2177 670 2238 rttt
689 2192 739 2238 etc.
764 2175 902 2239 'Certum
924 2190 983 2253 est,
1010 2177 1045 2237 de
1065 2174 1191 2234 Herode
1210 2174 1324 2255 Antipa

152 2252 257 2314 baberi
277 2272 454 2322 sermonem.
482 2253 660 2334 Quanquam
671 2266 771 2317 autem
782 2253 833 2315 ille
844 2254 971 2336 vulpinis
984 2265 1047 2313 erat
1066 2251 1208 2325 moribus,
1229 2273 1264 2312 ac
1276 2251 1323 2312 in-

153 2330 243 2422 genio
262 2348 326 2388 non
346 2331 440 2390 minus
461 2331 560 2391 servili
571 2353 658 2412 quarn
668 2343 798 2407 versuto,
818 2351 880 2390 non
892 2331 1032 2404 arbitror,
1049 2328 1140 2389 totius
1152 2328 1231 2388 vitae
1242 2339 1322 2388 astu-

152 2418 224 2466 tram
244 2405 423 2488 generaliter
443 2408 603 2490 perstringi
623 2408 676 2469 suh
696 2409 791 2490 vulpis
812 2409 949 2482 nomine,
969 2408 1020 2467 sed
1041 2403 1239 2466 clandestinas
1260 2405 1323 2464 eius

152 2483 281 2556 insidias,
295 2481 401 2562 quibus
413 2483 568 2568 Evangelii
583 2486 746 2547 doctrinam
756 2484 898 2546 subruere
909 2483 1098 2556 moliebatur,
1109 2502 1198 2562 quum
1212 2495 1322 2561 aperto

153 2571 246 2622 marte
267 2559 411 2642 congredi
432 2581 494 2620 non
515 2561 644 2623 auderet.
684 2561 840 2644 Significat
859 2561 938 2620 enim
959 2559 1107 2632 Christus,
1134 2557 1322 2637 quantumvis

156 2636 277 2698 callidus
296 2636 344 2712 sit,
364 2636 437 2696 nihil
459 2649 559 2697 tamen
579 2625 781 2720 proiecturum
795 2637 852 2698 suis
863 2637 981 2697 artibus.
1006 2638 1086 2718 Ego,
1106 2635 1322 2714 inquit,'quas-

153 2733 270 2792 cunque
291 2713 408 2773 fraudes
423 2714 609 2774 machinetur
621 2713 681 2788 ille,
700 2715 788 2773 hodie
810 2725 840 2772 et
860 2735 922 2773 cras
942 2712 1088 2795 defungar
1105 2731 1229 2771 munere
1249 2712 1323 2770 milri
1401 2753 1402 2758 κ

154 2789 290 2850 divinitus
311 2789 459 2848 iniuncto:
480 2789 530 2849 ubi
551 2791 587 2850 ad
607 2791 695 2848 linem
715 2791 800 2849 stadii
820 2801 939 2848 ventum
960 2787 1063 2862 luerit,
1080 2797 1157 2846 'tunc
1178 2787 1209 2846 in
1229 2789 1331 2864 sacri-¹

152 2865 250 2925 ficium
271 2865 392 2924 ollerar.
432 2867 591 2926 Ut'tamen
615 2866 777 2925 distinctius
797 2865 885 2926 nobis
904 2865 1063 2928 verborum
1080 2885 1180 2926 sensus
1191 2875 1322 2938 constet,
1401 2863 1402 2934 J

153 2942 254 3022 priore
274 2940 408 3001 membro
430 2941 539 3000 latetur
551 2941 694 3017 Christus,
714 2943 804 3002 tertio
823 2939 958 3022 postdie,
978 2944 1035 3004 boo
1050 2939 1106 3018 est,
1123 2939 1167 3000 exi
1191 2961 1230 3000 uo
1242 2952 1320 3000 tem,

153 3037 228 3099 pore
249 3015 305 3076 sibi
325 3037 387 3076 esse
407 3017 608 3077 moriendum:
639 3030 728 3097 atque
748 3018 806 3079 hoc
826 3019 915 3078 modo
937 3019 1082 3092 ostendit,
1112 2959 1194 3078 nulio
1214 3017 1321 3076 mortis

152 3103 234 3152 metu
253 3111 284 3152 se
304 3111 391 3172 posse
405 3091 440 3152 ab
455 3093 556 3153 officio
568 3093 710 3170 revocari,
729 3096 768 3155 ad
786 3114 872 3176 quam
885 3095 1030 3156 destinato
1051 3094 1138 3156 animi
1159 3095 1320 3174 proposito
1401 3119 1402 3128 ¹

154 3167 317 3248 intrepidus
339 3169 501 3230 contendit.
539 3169 658 3232 Deinde
679 3171 813 3247 subiicit,
845 3172 933 3232 inane
954 3193 1016 3232 esse
1036 3170 1322 3244 terriculamentum,

153 3245 235 3380 pluod
256 3266 271 3305 a
292 3244 371 3305 salsis
393 3257 424 3305 et
443 3245 551 3306 fucosis
572 3247 769 3308 monitoribus
791 3246 944 3322 obiicitur,
968 3249 1035 3328 quia
1056 3269 1117 3308 non
1138 3246 1209 3306 alibi
1230 3267 1319 3326 quam
1401 3267 1402 3276 ³

184 3322 379 3404 ierosolymae
398 3323 501 3383 mortis
516 3325 678 3404 periculum
690 3325 868 3404 impendeat.
894 3325 962 3386 lloc
975 3338 1071 3385 autem
1082 3324 1212 3386 secundo
1224 3345 1319 3384 mem-
1401 3341 1402 3346 ’

153 3398 209 3458 bro
230 3399 336 3458 acriter
356 3400 463 3494 pungit
481 3400 672 3480 Pharisaeos,
703 3403 820 3476 Vosne,
843 3412 878 3461 ut
895 3399 932 3461 ab
954 3402 1075 3462 Herode
1094 3399 1166 3460 mihi
1188 3421 1320 3475 caveam,

151 3475 291 3550 monetis,
311 3497 385 3556 quos
404 3478 492 3538 video
512 3499 594 3538 meos
613 3479 679 3538 lore
699 3477 867 3540 carnifices?
908 3477 1085 3558 Quanquam
1105 3477 1156 3537 lon
1180 3475 1224 3536 ius
1244 3497 1319 3558 pro,-

153 3553 233 3614 cedit
253 3551 457 3632 exprobratio:
478 3574 541 3614 non
562 3555 639 3614 enim
659 3553 715 3615 sibi
734 3565 846 3613 tantum
859 3555 931 3615 dicit
947 3567 1079 3646 paratum
1091 3571 1157 3614 'esse
1203 3553 1317 3613 ieroso-
1401 3547 1402 3580 ³

152 3630 248 3711 lymae
267 3629 438 3706 interitum,
466 3632 518 3690 sed
539 3632 654 3713 pridem
674 3631 753 3692 illarn'
773 3630 861 3691 luisse
883 3651 964 3710 quast
983 3630 1131 3692 latronum
1151 3650 1319 3704 cavernam,

153 3703 206 3767 ubi
227 3707 255 3765 iu
280 3705 350 3765 ulati
369 3707 429 3766 sint
448 3707 511 3767 lere
531 3727 634 3768 omnes
646 3707 825 3787 Prophetae.
864 3709 976 3768 Verum
996 3709 1113 3788 quidem
1135 3717 1188 3782 est,
1208 3706 1318 3766 multos

154 3783 225 3866 alibi
246 3725 334 3842 AEisse
355 3783 481 3858 occisos,
501 3805 534 3844 ac
576 3783 727 3844 raesertim
739 3804 799 3865 quo
809 3795 868 3845 tem
893 3804 946 3845 ore
965 3783 1090 3846 crudelis
1109 3782 1160 3845 illa
1180 3781 1318 3844 furiale-

154 3859 236 3921 sabel
257 3861 287 3920 in
308 3880 359 3920 eos
380 3860 494 3934 saeviit,
513 3879 544 3921 se
586 3861 652 3939 quia
673 3882 725 3920 nus
749 3883 814 3920 uam
834 3806 905 3921 stili
926 3861 1161 3942 omnitempore
1182 3859 1318 3918 hostilius

151 3937 246 3999 vexati
266 3937 385 3999 fuerant
403 3936 585 4017 Prophetae,
606 3937 712 3996 merito
725 3939 858 3999 bbristus
878 3939 937 3998 hoc
956 3937 1099 4017 probrum
1118 3934 1216 4016 impiis
1235 3934 1318 3997 urbis
1401 3951 1402 3960 ¹

151 4025 271 4074 sanctae
291 4011 403 4074 civibus
425 4014 523 4072 inurit.
563 4013 726 4092 Prophetas
753 4026 850 4074 autem
876 4014 1003 4098 contigit
1028 4012 1237 4093 utplurimum
1258 4013 1318 4072 illic

152 4087 265 4149 occidi:
285 4090 363 4168 quia,
384 4111 473 4170 quum
493 4089 561 4150 inde
603 4089 717 4149 rediret
734 4101 798 4150 tota
818 4091 962 4172 impietas,
983 4111 1038 4170 qua
1059 4089 1170 4150 referta
1190 4089 1317 4149 eratlu-
1401 4139 1402 4162 ,

152 4165 242 4240 daea,
261 4163 312 4226 ille
331 4166 419 4225 etiam
440 4187 557 4246 campus
578 4112 649 4237 liiii,
669 4166 702 4226 in
722 4187 781 4247 quo
801 4167 883 4228 Deus
904 4168 1034 4228 exercuit
1051 4189 1121 4228 suos
1140 4165 1317 4257 Prophetas.

151 4241 265 4302 Scimus
285 4241 375 4318 enim,
395 4260 454 4334 quo
466 4244 558 4334 magis
572 4242 697 4326 affulget
716 4243 763 4327 lup
783 4245 947 4321 doctrinae,
988 4263 1044 4304 uae
1062 4242 1186 4323 propius
1206 4242 1315 4322 impios
1401 4243 1402 4262 ¹

151 4327 273 4403 urgeat,
305 4317 340 4377 ad
359 4331 506 4380 maiorem
525 4341 605 4400 ipsos
630 4320 772 4382 insaniam
799 4321 920 4402 impelli.
991 4342 1027 4382 oc
1052 4324 1151 4382 tamen
1173 4317 1317 4380 horrendi

151 4393 276 4474 exenrpli
296 4405 350 4470 est,
370 4396 451 4472 quod
471 4397 563 4474 locus,
584 4397 633 4478 qui
654 4397 685 4456 in
705 4397 862 4458 sacrarium
883 4397 974 4460 divini
994 4397 1103 4488 cultus,
1123 4407 1154 4455 et
1174 4398 1204 4455 in
1226 4395 1314 4478 Legis
