<?xml version="1.0" encoding="UTF-8"?>
<!DOCTYPE html PUBLIC "-//W3C//DTD XHTML 1.0 Transitional//EN"
    "http://www.w3.org/TR/xhtml1/DTD/xhtml1-transitional.dtd">
<html xmlns="http://www.w3.org/1999/xhtml" xml:lang="en" lang="en">
 <head>
  <title>
</title>
<meta http-equiv="Content-Type" content="text/html;charset=utf-8" />
  <meta name='ocr-system' content='tesseract 3.04.00' />
  <meta name='ocr-capabilities' content='ocr_page ocr_carea ocr_par ocr_line ocrx_word'/>
</head>
<body>
  <div class='ocr_page' id='page_1' title='image "./innovumtestamen00calvgoog_0477.png"; bbox 0 0 2778 4838; ppageno 0'>
   <div class='ocr_carea' id='block_1_1' title="bbox 152 225 1081 300">
    <p class='ocr_par' dir='ltr' id='par_1_1' title="bbox 152 225 1081 300">
     <span class='ocr_line' id='line_1_1' title="bbox 152 225 1081 300; baseline -0.015 0"><span class='ocrx_word' id='word_1_1' title='bbox 152 238 192 300; x_wconf 79' lang='lat'>9⁰</span> <span class='ocrx_word' id='word_1_2' title='bbox 380 225 497 292; x_wconf 84' lang='lat' dir='ltr'>SECT.</span> <span class='ocrx_word' id='word_1_3' title='bbox 516 226 597 290; x_wconf 83' lang='lat' dir='ltr'>x1v.</span> <span class='ocrx_word' id='word_1_4' title='bbox 637 241 815 290; x_wconf 73' lang='lat' dir='ltr'>mancum</span> <span class='ocrx_word' id='word_1_5' title='bbox 835 244 877 289; x_wconf 84' lang='lat' dir='ltr'>rr</span> <span class='ocrx_word' id='word_1_6' title='bbox 898 243 1081 290; x_wconf 68' lang='lat' dir='ltr'>sunnonis.</span> 
     </span>
    </p>
   </div>
   <div class='ocr_carea' id='block_1_2' title="bbox 128 381 1327 706">
    <p class='ocr_par' dir='ltr' id='par_1_2' title="bbox 128 381 1327 706">
     <span class='ocr_line' id='line_1_2' title="bbox 155 381 1326 480; baseline -0.001 -33"><span class='ocrx_word' id='word_1_7' title='bbox 155 384 336 480; x_wconf 72' lang='lat' dir='ltr'>generaliter</span> <span class='ocrx_word' id='word_1_8' title='bbox 346 385 480 464; x_wconf 83' lang='lat' dir='ltr'>accipere</span> <span class='ocrx_word' id='word_1_9' title='bbox 491 381 590 443; x_wconf 76' lang='lat' dir='ltr'>matut</span> <span class='ocrx_word' id='word_1_10' title='bbox 616 382 693 444; x_wconf 92' lang='lat' dir='ltr'>Item</span> <span class='ocrx_word' id='word_1_11' title='bbox 713 383 798 444; x_wconf 86' lang='lat' dir='ltr'>dolus</span> <span class='ocrx_word' id='word_1_12' title='bbox 818 395 849 443; x_wconf 90' lang='lat' dir='ltr'>et</span> <span class='ocrx_word' id='word_1_13' title='bbox 868 382 1106 462; x_wconf 78' lang='lat' dir='ltr'><strong>intemperantia,</strong></span> <span class='ocrx_word' id='word_1_14' title='bbox 1126 391 1157 442; x_wconf 90' lang='lat' dir='ltr'>et</span> <span class='ocrx_word' id='word_1_15' title='bbox 1177 401 1256 473; x_wconf 82' lang='lat' dir='ltr'>quae</span> <span class='ocrx_word' id='word_1_16' title='bbox 1272 385 1326 446; x_wconf 89' lang='lat' dir='ltr'>de-</span> 
     </span>
     <span class='ocr_line' id='line_1_3' title="bbox 156 458 1327 551; baseline -0.002 -26"><span class='ocrx_word' id='word_1_17' title='bbox 156 465 225 526; x_wconf 87' lang='lat' dir='ltr'>rude</span> <span class='ocrx_word' id='word_1_18' title='bbox 244 475 414 543; x_wconf 87' lang='lat' dir='ltr'>sequuntur.</span> <span class='ocrx_word' id='word_1_19' title='bbox 467 460 625 521; x_wconf 82' lang='lat' dir='ltr'><strong>Caeterum</strong></span> <span class='ocrx_word' id='word_1_20' title='bbox 651 461 782 551; x_wconf 69' lang='lat' dir='ltr'>quamvis</span> <span class='ocrx_word' id='word_1_21' title='bbox 807 459 971 540; x_wconf 84' lang='lat' dir='ltr'>impropria</span> <span class='ocrx_word' id='word_1_22' title='bbox 996 459 1034 519; x_wconf 89' lang='lat' dir='ltr'>sit</span> <span class='ocrx_word' id='word_1_23' title='bbox 1051 458 1196 538; x_wconf 80' lang='lat' dir='ltr'>loquendi</span> <span class='ocrx_word' id='word_1_24' title='bbox 1216 459 1327 538; x_wconf 81' lang='lat' dir='ltr'>forma,</span> 
     </span>
     <span class='ocr_line' id='line_1_4' title="bbox 155 535 1325 616; baseline -0.001 -16"><span class='ocrx_word' id='word_1_25' title='bbox 155 540 266 606; x_wconf 72' lang='lat' dir='ltr'>sufficit</span> <span class='ocrx_word' id='word_1_26' title='bbox 285 551 388 599; x_wconf 90' lang='lat' dir='ltr'>tenere</span> <span class='ocrx_word' id='word_1_27' title='bbox 407 547 537 598; x_wconf 86' lang='lat' dir='ltr'>mentem</span> <span class='ocrx_word' id='word_1_28' title='bbox 555 535 676 610; x_wconf 76' lang='lat' dir='ltr'>Christi,</span> <span class='ocrx_word' id='word_1_29' title='bbox 697 537 777 616; x_wconf 89' lang='lat' dir='ltr'>quod</span> <span class='ocrx_word' id='word_1_30' title='bbox 799 538 899 596; x_wconf 86' lang='lat' dir='ltr'>omnia</span> <span class='ocrx_word' id='word_1_31' title='bbox 918 536 990 596; x_wconf 81' lang='lat' dir='ltr'>vitia</span> <span class='ocrx_word' id='word_1_32' title='bbox 1011 557 1044 596; x_wconf 81' lang='lat' dir='ltr'>en</span> <span class='ocrx_word' id='word_1_33' title='bbox 1063 535 1146 594; x_wconf 84' lang='lat' dir='ltr'>maiis</span> <span class='ocrx_word' id='word_1_34' title='bbox 1167 548 1199 596; x_wconf 85' lang='lat' dir='ltr'>et</span> <span class='ocrx_word' id='word_1_35' title='bbox 1218 558 1325 599; x_wconf 85' lang='lat' dir='ltr'>corru-</span> 
     </span>
     <span class='ocr_line' id='line_1_5' title="bbox 128 611 1326 706; baseline -0.001 -30"><span class='ocrx_word' id='word_1_36' title='bbox 128 621 130 629; x_wconf 82' lang='grc'><strong>“</strong></span> <span class='ocrx_word' id='word_1_37' title='bbox 156 617 214 700; x_wconf 84' lang='lat' dir='ltr'>ptis</span> <span class='ocrx_word' id='word_1_38' title='bbox 235 616 332 677; x_wconf 88' lang='lat' dir='ltr'>cordis</span> <span class='ocrx_word' id='word_1_39' title='bbox 352 613 510 676; x_wconf 79' lang='lat' dir='ltr'><strong>affectibus</strong></span> <span class='ocrx_word' id='word_1_40' title='bbox 527 613 699 704; x_wconf 69' lang='lat' dir='ltr'>procedant</span> <span class='ocrx_word' id='word_1_41' title='bbox 739 613 909 706; x_wconf 72' lang='lat' dir='ltr'>improprie</span> <span class='ocrx_word' id='word_1_42' title='bbox 929 613 1037 674; x_wconf 89' lang='lat' dir='ltr'>dicitur</span> <span class='ocrx_word' id='word_1_43' title='bbox 1053 611 1150 672; x_wconf 75' lang='lat' dir='ltr'>molus</span> <span class='ocrx_word' id='word_1_44' title='bbox 1169 614 1272 674; x_wconf 73' lang='lat' dir='ltr'>nudus</span> <span class='ocrx_word' id='word_1_45' title='bbox 1291 635 1326 675; x_wconf 83' lang='lat' dir='ltr'>er</span> 
     </span>
    </p>
   </div>
   <div class='ocr_carea' id='block_1_3' title="bbox 158 688 1386 773">
    <p class='ocr_par' dir='ltr' id='par_1_3' title="bbox 158 688 1386 773">
     <span class='ocr_line' id='line_1_6' title="bbox 158 688 1386 773; baseline -0.003 -19"><span class='ocrx_word' id='word_1_46' title='bbox 158 695 248 755; x_wconf 91' lang='lat' dir='ltr'>corde</span> <span class='ocrx_word' id='word_1_47' title='bbox 268 693 445 773; x_wconf 82' lang='lat' dir='ltr'>procedere,</span> <span class='ocrx_word' id='word_1_48' title='bbox 463 691 495 750; x_wconf 90' lang='lat' dir='ltr'>in</span> <span class='ocrx_word' id='word_1_49' title='bbox 515 711 548 750; x_wconf 91' lang='lat' dir='ltr'>re</span> <span class='ocrx_word' id='word_1_50' title='bbox 567 703 666 751; x_wconf 81' lang='lat' dir='ltr'>tamen</span> <span class='ocrx_word' id='word_1_51' title='bbox 686 712 696 749; x_wconf 91' lang='grc' dir='ltr'><strong>ι</strong></span> <span class='ocrx_word' id='word_1_52' title='bbox 718 710 749 749; x_wconf 84' lang='lat' dir='ltr'>sa</span> <span class='ocrx_word' id='word_1_53' title='bbox 768 689 843 750; x_wconf 83' lang='lat' dir='ltr'>mhit</span> <span class='ocrx_word' id='word_1_54' title='bbox 864 700 908 750; x_wconf 90' lang='lat' dir='ltr'>est</span> <span class='ocrx_word' id='word_1_55' title='bbox 926 689 975 750; x_wconf 82' lang='lat' dir='ltr'>vel</span> <span class='ocrx_word' id='word_1_56' title='bbox 991 688 1110 749; x_wconf 85' lang='lat' dir='ltr'>absurdi</span> <span class='ocrx_word' id='word_1_57' title='bbox 1120 688 1168 750; x_wconf 86' lang='lat' dir='ltr'>vel</span> <span class='ocrx_word' id='word_1_58' title='bbox 1181 690 1327 773; x_wconf 82' lang='lat' dir='ltr'>ambigui,</span> <span class='ocrx_word' id='word_1_59' title='bbox 1385 755 1386 768; x_wconf 41' lang='lat'>,</span> 
     </span>
    </p>
   </div>
   <div class='ocr_carea' id='block_1_4' title="bbox 156 711 1327 1060">
    <p class='ocr_par' dir='ltr' id='par_1_4' title="bbox 156 711 1327 1060">
     <span class='ocr_line' id='line_1_7' title="bbox 156 711 1327 850; baseline -0.002 -20"><span class='ocrx_word' id='word_1_60' title='bbox 156 791 265 850; x_wconf 87' lang='lat' dir='ltr'>nempe</span> <span class='ocrx_word' id='word_1_61' title='bbox 292 770 373 849; x_wconf 91' lang='lat' dir='ltr'>quod</span> <span class='ocrx_word' id='word_1_62' title='bbox 398 769 543 848; x_wconf 85' lang='lat' dir='ltr'>impurum</span> <span class='ocrx_word' id='word_1_63' title='bbox 570 787 623 826; x_wconf 87' lang='lat' dir='ltr'>cor</span> <span class='ocrx_word' id='word_1_64' title='bbox 641 711 745 826; x_wconf 81' lang='lat' dir='ltr'>ocrdos</span> <span class='ocrx_word' id='word_1_65' title='bbox 765 767 962 840; x_wconf 77' lang='lat' dir='ltr'>contaminet,</span> <span class='ocrx_word' id='word_1_66' title='bbox 991 777 1027 834; x_wconf 85' lang='lat' dir='ltr'>¹ut</span> <span class='ocrx_word' id='word_1_67' title='bbox 1051 765 1179 828; x_wconf 86' lang='lat' dir='ltr'>ministri</span> <span class='ocrx_word' id='word_1_68' title='bbox 1198 767 1259 827; x_wconf 84' lang='lat' dir='ltr'>sint</span> <span class='ocrx_word' id='word_1_69' title='bbox 1278 769 1327 828; x_wconf 79' lang='lat' dir='ltr'>vel</span> 
     </span>
     <span class='ocr_line' id='line_1_8' title="bbox 158 841 1323 978; baseline -0.003 -71"><span class='ocrx_word' id='word_1_70' title='bbox 158 865 271 938; x_wconf 73' lang='lat' dir='ltr'>organa</span> <span class='ocrx_word' id='word_1_71' title='bbox 290 843 432 936; x_wconf 78' lang='lat' dir='ltr'>mularum</span> <span class='ocrx_word' id='word_1_72' title='bbox 453 842 653 934; x_wconf 83' lang='lat' dir='ltr'>cupiditatum.</span> <span class='ocrx_word' id='word_1_73' title='bbox 673 845 779 978; x_wconf 38' lang='lat' dir='ltr'>Neque</span> <span class='ocrx_word' id='word_1_74' title='bbox 798 855 897 904; x_wconf 87' lang='lat' dir='ltr'>tamen</span> <span class='ocrx_word' id='word_1_75' title='bbox 916 842 1070 924; x_wconf 79' lang='lat' dir='ltr'>restringit</span> <span class='ocrx_word' id='word_1_76' title='bbox 1083 841 1219 934; x_wconf 75' lang='lat' dir='ltr'>Christus</span> <span class='ocrx_word' id='word_1_77' title='bbox 1231 845 1323 924; x_wconf 71' lang='lat' dir='ltr'>,quic-</span> 
     </span>
     <span class='ocr_line' id='line_1_9' title="bbox 157 917 1324 1060; baseline -0.002 -77"><span class='ocrx_word' id='word_1_78' title='bbox 157 922 228 1060; x_wconf 67' lang='lat' dir='ltr'>dmd</span> <span class='ocrx_word' id='word_1_79' title='bbox 247 921 316 981; x_wconf 85' lang='lat' dir='ltr'>malr</span> <span class='ocrx_word' id='word_1_80' title='bbox 337 933 382 981; x_wconf 86' lang='lat' dir='ltr'>est</span> <span class='ocrx_word' id='word_1_81' title='bbox 400 943 431 980; x_wconf 86' lang='lat' dir='ltr'>rn</span> <span class='ocrx_word' id='word_1_82' title='bbox 451 919 572 980; x_wconf 89' lang='lat' dir='ltr'>homme</span> <span class='ocrx_word' id='word_1_83' title='bbox 591 921 628 980; x_wconf 85' lang='lat' dir='ltr'>ad</span> <span class='ocrx_word' id='word_1_84' title='bbox 649 941 727 980; x_wconf 86' lang='lat' dir='ltr'>maur</span> <span class='ocrx_word' id='word_1_85' title='bbox 741 932 802 982; x_wconf 86' lang='lat' dir='ltr'>esta</span> <span class='ocrx_word' id='word_1_86' title='bbox 839 931 949 994; x_wconf 83' lang='lat' dir='ltr'>cecata,</span> <span class='ocrx_word' id='word_1_87' title='bbox 969 919 1022 980; x_wconf 87' lang='lat' dir='ltr'>sed</span> <span class='ocrx_word' id='word_1_88' title='bbox 1041 931 1075 978; x_wconf 93' lang='lat' dir='ltr'>ut</span> <span class='ocrx_word' id='word_1_89' title='bbox 1094 917 1201 980; x_wconf 84' lang='lat' dir='ltr'>ciarrus</span> <span class='ocrx_word' id='word_1_90' title='bbox 1223 933 1324 981; x_wconf 87' lang='lat' dir='ltr'>osten-</span> 
     </span>
    </p>
   </div>
   <div class='ocr_carea' id='block_1_5' title="bbox 1353 217 1360 258">
    <p class='ocr_par' dir='ltr' id='par_1_5' title="bbox 1353 217 1360 258">
     <span class='ocr_line' id='line_1_10' title="bbox 1353 217 1360 258; baseline 0 0"><span class='ocrx_word' id='word_1_91' title='bbox 1353 217 1360 258; x_wconf 84' lang='lat' dir='ltr'>t</span> 
     </span>
    </p>
   </div>
   <div class='ocr_carea' id='block_1_6' title="bbox 178 989 1386 1131">
    <p class='ocr_par' dir='ltr' id='par_1_6' title="bbox 178 989 1386 1131">
     <span class='ocr_line' id='line_1_11' title="bbox 178 989 1386 1131; baseline -0.001 -73"><span class='ocrx_word' id='word_1_92' title='bbox 178 1013 217 1073; x_wconf 85' lang='lat' dir='ltr'>at,</span> <span class='ocrx_word' id='word_1_93' title='bbox 237 1018 291 1058; x_wconf 88' lang='lat' dir='ltr'>ror</span> <span class='ocrx_word' id='word_1_94' title='bbox 310 996 438 1057; x_wconf 86' lang='lat' dir='ltr'>hominis</span> <span class='ocrx_word' id='word_1_95' title='bbox 458 997 590 1058; x_wconf 89' lang='lat' dir='ltr'>omnium</span> <span class='ocrx_word' id='word_1_96' title='bbox 609 996 754 1058; x_wconf 84' lang='lat' dir='ltr'>mulorum</span> <span class='ocrx_word' id='word_1_97' title='bbox 774 1017 804 1058; x_wconf 88' lang='lat' dir='ltr'>se</span> <span class='ocrx_word' id='word_1_98' title='bbox 827 1017 873 1055; x_wconf 89' lang='lat' dir='ltr'>em</span> <span class='ocrx_word' id='word_1_99' title='bbox 892 1016 966 1071; x_wconf 83' lang='lat' dir='ltr'>esse,</span> <span class='ocrx_word' id='word_1_100' title='bbox 985 995 1155 1131; x_wconf 48' lang='lat' dir='ltr'>test&#39;aeonia</span> <span class='ocrx_word' id='word_1_101' title='bbox 1168 1009 1200 1056; x_wconf 88' lang='lat' dir='ltr'>et</span> <span class='ocrx_word' id='word_1_102' title='bbox 1213 998 1325 1058; x_wconf 78' lang='lat' dir='ltr'>structus</span> <span class='ocrx_word' id='word_1_103' title='bbox 1385 989 1386 1030; x_wconf 62' lang='lat'>³</span> 
     </span>
    </p>
   </div>
   <div class='ocr_carea' id='block_1_7' title="bbox 155 1072 1326 1308">
    <p class='ocr_par' dir='ltr' id='par_1_7' title="bbox 155 1072 1326 1308">
     <span class='ocr_line' id='line_1_12' title="bbox 156 1072 1326 1154; baseline -0.003 -18"><span class='ocrx_word' id='word_1_104' title='bbox 156 1077 187 1136; x_wconf 91' lang='lat' dir='ltr'>in</span> <span class='ocrx_word' id='word_1_105' title='bbox 207 1074 277 1154; x_wconf 87' lang='lat' dir='ltr'>ipsis</span> <span class='ocrx_word' id='word_1_106' title='bbox 297 1074 424 1154; x_wconf 84' lang='lat' dir='ltr'>peccatis</span> <span class='ocrx_word' id='word_1_107' title='bbox 446 1083 557 1133; x_wconf 79' lang='lat' dir='ltr'>exstare</span> <span class='ocrx_word' id='word_1_108' title='bbox 577 1072 656 1133; x_wconf 88' lang='lat' dir='ltr'>dicit.</span> <span class='ocrx_word' id='word_1_109' title='bbox 698 1072 760 1134; x_wconf 89' lang='lat' dir='ltr'>Pro</span> <span class='ocrx_word' id='word_1_110' title='bbox 785 1073 879 1134; x_wconf 89' lang='lat' dir='ltr'>verbo</span> <span class='ocrx_word' id='word_1_111' title='bbox 903 1076 1044 1152; x_wconf 75' lang='lat' dir='ltr'>inquinari</span> <span class='ocrx_word' id='word_1_112' title='bbox 1069 1075 1077 1092; x_wconf 77' lang='lat'><em>⁶</em></span> <span class='ocrx_word' id='word_1_113' title='bbox 1102 1093 1211 1153; x_wconf 81' lang='lat' dir='ltr'>graece</span> <span class='ocrx_word' id='word_1_114' title='bbox 1231 1073 1326 1134; x_wconf 85' lang='lat' dir='ltr'>habe-</span> 
     </span>
     <span class='ocr_line' id='line_1_13' title="bbox 155 1149 1325 1230; baseline -0.001 -18"><span class='ocrx_word' id='word_1_115' title='bbox 155 1165 205 1212; x_wconf 90' lang='lat' dir='ltr'>tur</span> <span class='ocrx_word' id='word_1_116' title='bbox 225 1150 391 1212; x_wconf 85' lang='lat' dir='ltr'>Commune</span> <span class='ocrx_word' id='word_1_117' title='bbox 411 1150 509 1211; x_wconf 83' lang='lat' dir='ltr'>facere</span> <span class='ocrx_word' id='word_1_118' title='bbox 529 1151 691 1228; x_wconf 76' lang='grc' dir='ltr'>(κοινοῦν);</span> <span class='ocrx_word' id='word_1_119' title='bbox 711 1151 797 1212; x_wconf 88' lang='lat' dir='ltr'>sicuti</span> <span class='ocrx_word' id='word_1_120' title='bbox 814 1149 905 1230; x_wconf 82' lang='lat' dir='ltr'>paulo</span> <span class='ocrx_word' id='word_1_121' title='bbox 925 1161 994 1210; x_wconf 80' lang='lat' dir='ltr'>ante</span> <span class='ocrx_word' id='word_1_122' title='bbox 1014 1149 1131 1210; x_wconf 77' lang='lat' dir='ltr'>Mamus</span> <span class='ocrx_word' id='word_1_123' title='bbox 1151 1169 1325 1212; x_wconf 79' lang='lat' dir='ltr'>communes</span> 
     </span>
     <span class='ocr_line' id='line_1_14' title="bbox 157 1225 1325 1308; baseline -0.002 -20"><span class='ocrx_word' id='word_1_124' title='bbox 157 1229 230 1288; x_wconf 79' lang='lat' dir='ltr'>dixit</span> <span class='ocrx_word' id='word_1_125' title='bbox 247 1249 349 1288; x_wconf 88' lang='lat' dir='ltr'>manus</span> <span class='ocrx_word' id='word_1_126' title='bbox 368 1248 425 1307; x_wconf 85' lang='lat' dir='ltr'>pro</span> <span class='ocrx_word' id='word_1_127' title='bbox 446 1226 577 1308; x_wconf 82' lang='lat' dir='ltr'>impuris.</span> <span class='ocrx_word' id='word_1_128' title='bbox 602 1227 657 1286; x_wconf 85' lang='lat' dir='ltr'>Est</span> <span class='ocrx_word' id='word_1_129' title='bbox 676 1238 773 1286; x_wconf 87' lang='lat' dir='ltr'>autem</span> <span class='ocrx_word' id='word_1_130' title='bbox 794 1227 931 1288; x_wconf 80' lang='lat' dir='ltr'>hebraica</span> <span class='ocrx_word' id='word_1_131' title='bbox 953 1225 1078 1306; x_wconf 83' lang='lat' dir='ltr'>phrasis:</span> <span class='ocrx_word' id='word_1_132' title='bbox 1093 1246 1168 1286; x_wconf 81' lang='lat' dir='ltr'>nam</span> <span class='ocrx_word' id='word_1_133' title='bbox 1187 1226 1255 1306; x_wconf 87' lang='lat' dir='ltr'>quia</span> <span class='ocrx_word' id='word_1_134' title='bbox 1268 1229 1325 1286; x_wconf 87' lang='lat' dir='ltr'>hac</span> 
     </span>
    </p>
   </div>
   <div class='ocr_carea' id='block_1_8' title="bbox 156 1302 1386 1396">
    <p class='ocr_par' dir='ltr' id='par_1_8' title="bbox 156 1302 1386 1396">
     <span class='ocr_line' id='line_1_15' title="bbox 156 1302 1386 1396; baseline -0.001 -32"><span class='ocrx_word' id='word_1_135' title='bbox 156 1306 225 1388; x_wconf 81' lang='lat' dir='ltr'>lege</span> <span class='ocrx_word' id='word_1_136' title='bbox 244 1304 391 1365; x_wconf 87' lang='lat' dir='ltr'>Dominus</span> <span class='ocrx_word' id='word_1_137' title='bbox 411 1303 537 1376; x_wconf 76' lang='lat' dir='ltr'>Iudaeos</span> <span class='ocrx_word' id='word_1_138' title='bbox 555 1316 779 1396; x_wconf 74' lang='lat' dir='ltr'>segregaverat,</span> <span class='ocrx_word' id='word_1_139' title='bbox 798 1313 832 1364; x_wconf 87' lang='lat' dir='ltr'>ut</span> <span class='ocrx_word' id='word_1_140' title='bbox 851 1303 986 1364; x_wconf 87' lang='lat' dir='ltr'>disiuncti</span> <span class='ocrx_word' id='word_1_141' title='bbox 1007 1314 1106 1362; x_wconf 89' lang='lat' dir='ltr'>essent</span> <span class='ocrx_word' id='word_1_142' title='bbox 1126 1303 1162 1362; x_wconf 87' lang='lat' dir='ltr'>ab</span> <span class='ocrx_word' id='word_1_143' title='bbox 1183 1302 1325 1363; x_wconf 90' lang='lat' dir='ltr'>omuibus</span> <span class='ocrx_word' id='word_1_144' title='bbox 1385 1377 1386 1386; x_wconf 9' lang='grc' dir='ltr'>ἵ</span> 
     </span>
    </p>
   </div>
   <div class='ocr_carea' id='block_1_9' title="bbox 150 1379 1325 1546">
    <p class='ocr_par' dir='ltr' id='par_1_9' title="bbox 150 1379 1325 1546">
     <span class='ocr_line' id='line_1_16' title="bbox 150 1379 1325 1464; baseline -0.003 -22"><span class='ocrx_word' id='word_1_145' title='bbox 150 1382 290 1464; x_wconf 85' lang='lat' dir='ltr'>&#39;gentium</span> <span class='ocrx_word' id='word_1_146' title='bbox 319 1379 566 1460; x_wconf 81' lang='lat' dir='ltr'>inquinamentis,</span> <span class='ocrx_word' id='word_1_147' title='bbox 605 1379 743 1460; x_wconf 80' lang='lat' dir='ltr'>quicquid</span> <span class='ocrx_word' id='word_1_148' title='bbox 764 1379 801 1439; x_wconf 86' lang='lat' dir='ltr'>ab</span> <span class='ocrx_word' id='word_1_149' title='bbox 832 1379 887 1442; x_wconf 86' lang='lat' dir='ltr'>hac</span> <span class='ocrx_word' id='word_1_150' title='bbox 913 1379 1070 1461; x_wconf 77' lang='lat' dir='ltr'>sanctitate</span> <span class='ocrx_word' id='word_1_151' title='bbox 1094 1379 1224 1441; x_wconf 87' lang='lat' dir='ltr'>alienum</span> <span class='ocrx_word' id='word_1_152' title='bbox 1250 1391 1325 1454; x_wconf 86' lang='lat' dir='ltr'>erat,</span> 
     </span>
     <span class='ocr_line' id='line_1_17' title="bbox 157 1456 778 1546; baseline -0.005 -26"><span class='ocrx_word' id='word_1_153' title='bbox 157 1479 324 1538; x_wconf 82' lang='lat' dir='ltr'>commuue,</span> <span class='ocrx_word' id='word_1_154' title='bbox 344 1457 426 1545; x_wconf 76' lang='lat' dir='ltr'>quasi</span> <span class='ocrx_word' id='word_1_155' title='bbox 448 1456 606 1546; x_wconf 82' lang='lat' dir='ltr'>profanum</span> <span class='ocrx_word' id='word_1_156' title='bbox 624 1467 778 1523; x_wconf 82' lang='lat' dir='ltr'>vocarunt.</span> 
     </span>
    </p>
   </div>
   <div class='ocr_carea' id='block_1_10' title="bbox 240 1735 1386 1884">
    <p class='ocr_par' dir='ltr' id='par_1_10' title="bbox 240 1735 1386 1884">
     <span class='ocr_line' id='line_1_18' title="bbox 240 1735 1386 1884; baseline -0.007 -21"><span class='ocrx_word' id='word_1_157' title='bbox 240 1797 343 1878; x_wconf 82' lang='lat'>(136.)</span> <span class='ocrx_word' id='word_1_158' title='bbox 385 1795 556 1864; x_wconf 79' lang='grc' dir='ltr'><strong>ΜΑΤΊἮ.</strong></span> <span class='ocrx_word' id='word_1_159' title='bbox 584 1797 656 1862; x_wconf 87' lang='lat' dir='ltr'>XV.</span> <span class='ocrx_word' id='word_1_160' title='bbox 702 1793 754 1880; x_wconf 76' lang='lat'>21.</span> <span class='ocrx_word' id='word_1_161' title='bbox 786 1795 829 1863; x_wconf 89' lang='lat' dir='ltr'>Et</span> <span class='ocrx_word' id='word_1_162' title='bbox 857 1735 1004 1884; x_wconf 82' lang='lat' dir='ltr'>egressus</span> <span class='ocrx_word' id='word_1_163' title='bbox 1025 1794 1113 1872; x_wconf 61' lang='lat' dir='ltr'>,inde</span> <span class='ocrx_word' id='word_1_164' title='bbox 1147 1793 1243 1858; x_wconf 87' lang='lat' dir='ltr'>Iesus</span> <span class='ocrx_word' id='word_1_165' title='bbox 1278 1813 1326 1857; x_wconf 91' lang='lat' dir='ltr'>se·</span> <span class='ocrx_word' id='word_1_166' title='bbox 1385 1745 1386 1812; x_wconf 72' lang='lat'><em>}</em></span> 
     </span>
    </p>
   </div>
   <div class='ocr_carea' id='block_1_11' title="bbox 155 1893 1326 2087">
    <p class='ocr_par' dir='ltr' id='par_1_11' title="bbox 155 1893 1326 2087">
     <span class='ocr_line' id='line_1_19' title="bbox 157 1893 1326 1983; baseline -0.001 -22"><span class='ocrx_word' id='word_1_167' title='bbox 157 1900 254 1962; x_wconf 84' lang='lat' dir='ltr'>cessit</span> <span class='ocrx_word' id='word_1_168' title='bbox 280 1902 314 1962; x_wconf 91' lang='lat' dir='ltr'>iu</span> <span class='ocrx_word' id='word_1_169' title='bbox 341 1910 449 1982; x_wconf 80' lang='lat' dir='ltr'>partes</span> <span class='ocrx_word' id='word_1_170' title='bbox 472 1901 567 1983; x_wconf 82' lang='lat' dir='ltr'>Tyri.</span> <span class='ocrx_word' id='word_1_171' title='bbox 587 1909 620 1963; x_wconf 91' lang='lat' dir='ltr'>et</span> <span class='ocrx_word' id='word_1_172' title='bbox 645 1895 785 1965; x_wconf 88' lang='lat' dir='ltr'>Sidonis.</span> <span class='ocrx_word' id='word_1_173' title='bbox 832 1901 884 1966; x_wconf 90' lang='grc'>22.</span> <span class='ocrx_word' id='word_1_174' title='bbox 911 1901 954 1966; x_wconf 85' lang='lat' dir='ltr'>Et</span> <span class='ocrx_word' id='word_1_175' title='bbox 982 1917 1057 1966; x_wconf 87' lang='lat' dir='ltr'>ecce</span> <span class='ocrx_word' id='word_1_176' title='bbox 1078 1893 1198 1962; x_wconf 89' lang='lat' dir='ltr'>mulier</span> <span class='ocrx_word' id='word_1_177' title='bbox 1220 1893 1326 1980; x_wconf 20' lang='lat' dir='ltr'>Clana-</span> 
     </span>
     <span class='ocr_line' id='line_1_20' title="bbox 155 2000 1324 2087; baseline 0.001 -22"><span class='ocrx_word' id='word_1_178' title='bbox 155 2020 253 2079; x_wconf 85' lang='lat' dir='ltr'>uaea,</span> <span class='ocrx_word' id='word_1_179' title='bbox 285 2022 368 2087; x_wconf 87' lang='lat' dir='ltr'>quae</span> <span class='ocrx_word' id='word_1_180' title='bbox 391 2023 411 2066; x_wconf 87' lang='lat' dir='ltr'>a</span> <span class='ocrx_word' id='word_1_181' title='bbox 431 2000 553 2067; x_wconf 86' lang='lat' dir='ltr'>finibus</span> <span class='ocrx_word' id='word_1_182' title='bbox 574 2001 639 2066; x_wconf 86' lang='lat' dir='ltr'>illis</span> <span class='ocrx_word' id='word_1_183' title='bbox 660 2013 808 2083; x_wconf 86' lang='lat' dir='ltr'>venerat,</span> <span class='ocrx_word' id='word_1_184' title='bbox 839 2003 987 2070; x_wconf 85' lang='lat' dir='ltr'>clamavit</span> <span class='ocrx_word' id='word_1_185' title='bbox 1008 2001 1135 2080; x_wconf 79' lang='lat' dir='ltr'>dicens,</span> <span class='ocrx_word' id='word_1_186' title='bbox 1162 2001 1324 2085; x_wconf 82' lang='lat' dir='ltr'>Miserere</span> 
     </span>
    </p>
   </div>
   <div class='ocr_carea' id='block_1_12' title="bbox 156 2103 1386 2184">
    <p class='ocr_par' dir='ltr' id='par_1_12' title="bbox 156 2103 1386 2184">
     <span class='ocr_line' id='line_1_21' title="bbox 156 2103 1386 2184; baseline 0.001 -17"><span class='ocrx_word' id='word_1_187' title='bbox 156 2105 221 2168; x_wconf 89' lang='lat' dir='ltr'>mci</span> <span class='ocrx_word' id='word_1_188' title='bbox 241 2104 400 2184; x_wconf 87' lang='lat' dir='ltr'>Domine,</span> <span class='ocrx_word' id='word_1_189' title='bbox 432 2103 482 2169; x_wconf 86' lang='lat' dir='ltr'>fili</span> <span class='ocrx_word' id='word_1_190' title='bbox 503 2103 628 2170; x_wconf 85' lang='lat' dir='ltr'>David:</span> <span class='ocrx_word' id='word_1_191' title='bbox 662 2103 732 2170; x_wconf 88' lang='lat' dir='ltr'>filia</span> <span class='ocrx_word' id='word_1_192' title='bbox 756 2128 830 2172; x_wconf 86' lang='lat' dir='ltr'>men</span> <span class='ocrx_word' id='word_1_193' title='bbox 849 2111 966 2174; x_wconf 87' lang='lat' dir='ltr'>misere</span> <span class='ocrx_word' id='word_1_194' title='bbox 988 2131 1008 2173; x_wconf 84' lang='lat' dir='ltr'>a</span> <span class='ocrx_word' id='word_1_195' title='bbox 1030 2107 1206 2174; x_wconf 86' lang='lat' dir='ltr'>daemonio</span> <span class='ocrx_word' id='word_1_196' title='bbox 1233 2125 1324 2170; x_wconf 82' lang='lat' dir='ltr'>vexa·</span> <span class='ocrx_word' id='word_1_197' title='bbox 1385 2113 1386 2124; x_wconf 61' lang='lat'>¹</span> 
     </span>
    </p>
   </div>
   <div class='ocr_carea' id='block_1_13' title="bbox 157 2196 1324 2300">
    <p class='ocr_par' dir='ltr' id='par_1_13' title="bbox 157 2196 1324 2300">
     <span class='ocr_line' id='line_1_22' title="bbox 157 2196 1324 2300; baseline 0.002 -30"><span class='ocrx_word' id='word_1_198' title='bbox 157 2212 218 2270; x_wconf 88' lang='lat' dir='ltr'>tur.</span> <span class='ocrx_word' id='word_1_199' title='bbox 258 2207 309 2273; x_wconf 89' lang='grc'>23.</span> <span class='ocrx_word' id='word_1_200' title='bbox 335 2205 395 2273; x_wconf 81' lang='lat' dir='ltr'>tlte</span> <span class='ocrx_word' id='word_1_201' title='bbox 416 2229 497 2273; x_wconf 89' lang='lat' dir='ltr'>vero</span> <span class='ocrx_word' id='word_1_202' title='bbox 520 2227 588 2274; x_wconf 89' lang='lat' dir='ltr'>non</span> <span class='ocrx_word' id='word_1_203' title='bbox 609 2207 779 2294; x_wconf 89' lang='lat' dir='ltr'>respoudit</span> <span class='ocrx_word' id='word_1_204' title='bbox 800 2196 832 2300; x_wconf 84' lang='lat' dir='ltr'>ei</span> <span class='ocrx_word' id='word_1_205' title='bbox 852 2214 1038 2299; x_wconf 85' lang='lat' dir='ltr'>quicquam,</span> <span class='ocrx_word' id='word_1_206' title='bbox 1072 2222 1104 2277; x_wconf 88' lang='lat' dir='ltr'>et</span> <span class='ocrx_word' id='word_1_207' title='bbox 1128 2208 1324 2300; x_wconf 78' lang='lat' dir='ltr'>accedentes</span> 
     </span>
    </p>
   </div>
   <div class='ocr_carea' id='block_1_14' title="bbox 73 2303 1386 2398">
    <p class='ocr_par' dir='ltr' id='par_1_14' title="bbox 73 2303 1386 2398">
     <span class='ocr_line' id='line_1_23' title="bbox 73 2303 1386 2398; baseline 0.003 -28"><span class='ocrx_word' id='word_1_208' title='bbox 73 2369 92 2384; x_wconf 25' lang='grc' dir='ltr'><strong>Ν</strong></span> <span class='ocrx_word' id='word_1_209' title='bbox 158 2303 308 2392; x_wconf 87' lang='lat' dir='ltr'>discipuli</span> <span class='ocrx_word' id='word_1_210' title='bbox 331 2311 401 2376; x_wconf 78' lang='lat' dir='ltr'>eius</span> <span class='ocrx_word' id='word_1_211' title='bbox 421 2310 582 2398; x_wconf 83' lang='lat' dir='ltr'>rogabant</span> <span class='ocrx_word' id='word_1_212' title='bbox 602 2309 709 2390; x_wconf 89' lang='lat' dir='ltr'>illum,</span> <span class='ocrx_word' id='word_1_213' title='bbox 744 2309 907 2393; x_wconf 88' lang='lat' dir='ltr'>dicentes,</span> <span class='ocrx_word' id='word_1_214' title='bbox 927 2314 1086 2382; x_wconf 76' lang='lat' dir='ltr'>&#39;Amenda</span> <span class='ocrx_word' id='word_1_215' title='bbox 1113 2313 1220 2380; x_wconf 85' lang='lat' dir='ltr'>iliam:</span> <span class='ocrx_word' id='word_1_216' title='bbox 1252 2333 1325 2376; x_wconf 83' lang='lat' dir='ltr'>uam</span> <span class='ocrx_word' id='word_1_217' title='bbox 1385 2313 1386 2328; x_wconf 63' lang='lat'>¹</span> 
     </span>
    </p>
   </div>
   <div class='ocr_carea' id='block_1_15' title="bbox 114 2405 1325 2605">
    <p class='ocr_par' dir='ltr' id='par_1_15' title="bbox 114 2405 1325 2605">
     <span class='ocr_line' id='line_1_24' title="bbox 114 2405 1324 2505; baseline 0.005 -33"><span class='ocrx_word' id='word_1_218' title='bbox 114 2413 122 2434; x_wconf 86' lang='lat'>&#39;</span> <span class='ocrx_word' id='word_1_219' title='bbox 157 2405 271 2476; x_wconf 80' lang='lat' dir='ltr'>clamat</span> <span class='ocrx_word' id='word_1_220' title='bbox 292 2424 366 2497; x_wconf 86' lang='lat' dir='ltr'>post</span> <span class='ocrx_word' id='word_1_221' title='bbox 386 2437 458 2498; x_wconf 80' lang='lat' dir='ltr'>nos.</span> <span class='ocrx_word' id='word_1_222' title='bbox 522 2416 573 2481; x_wconf 78' lang='lat'>24.</span> <span class='ocrx_word' id='word_1_223' title='bbox 613 2417 656 2480; x_wconf 77' lang='lat' dir='ltr'>At</span> <span class='ocrx_word' id='word_1_224' title='bbox 676 2412 734 2481; x_wconf 88' lang='lat' dir='ltr'>ille</span> <span class='ocrx_word' id='word_1_225' title='bbox 761 2418 978 2505; x_wconf 85' lang='lat' dir='ltr'>respondeus,</span> <span class='ocrx_word' id='word_1_226' title='bbox 1018 2419 1111 2498; x_wconf 79' lang='lat' dir='ltr'>dixit,</span> <span class='ocrx_word' id='word_1_227' title='bbox 1153 2417 1233 2500; x_wconf 70' lang='lat' dir='ltr'>Non</span> <span class='ocrx_word' id='word_1_228' title='bbox 1255 2435 1324 2480; x_wconf 87' lang='lat' dir='ltr'>sum</span> 
     </span>
     <span class='ocr_line' id='line_1_25' title="bbox 156 2513 1325 2605; baseline 0.006 -30"><span class='ocrx_word' id='word_1_229' title='bbox 156 2513 270 2578; x_wconf 87' lang='lat' dir='ltr'>missus</span> <span class='ocrx_word' id='word_1_230' title='bbox 300 2517 363 2588; x_wconf 87' lang='lat' dir='ltr'>uisi</span> <span class='ocrx_word' id='word_1_231' title='bbox 395 2517 436 2584; x_wconf 86' lang='lat' dir='ltr'>ud</span> <span class='ocrx_word' id='word_1_232' title='bbox 470 2539 548 2586; x_wconf 85' lang='lat' dir='ltr'>oves</span> <span class='ocrx_word' id='word_1_233' title='bbox 578 2517 723 2605; x_wconf 83' lang='lat' dir='ltr'>perditas</span> <span class='ocrx_word' id='word_1_234' title='bbox 751 2519 866 2586; x_wconf 85' lang='lat' dir='ltr'>domus</span> <span class='ocrx_word' id='word_1_235' title='bbox 894 2521 1004 2587; x_wconf 88' lang='lat' dir='ltr'>lsrael.</span> <span class='ocrx_word' id='word_1_236' title='bbox 1052 2523 1103 2587; x_wconf 87' lang='grc'>25.</span> <span class='ocrx_word' id='word_1_237' title='bbox 1131 2520 1191 2586; x_wconf 85' lang='lat' dir='ltr'>illa</span> <span class='ocrx_word' id='word_1_238' title='bbox 1218 2530 1325 2584; x_wconf 89' lang='lat' dir='ltr'>autem</span> 
     </span>
    </p>
   </div>
   <div class='ocr_carea' id='block_1_16' title="bbox 156 2617 1386 3131">
    <p class='ocr_par' dir='ltr' id='par_1_16' title="bbox 156 2617 1386 3131">
     <span class='ocr_line' id='line_1_26' title="bbox 156 2617 1386 2704; baseline 0.007 -26"><span class='ocrx_word' id='word_1_239' title='bbox 156 2617 253 2696; x_wconf 85' lang='lat' dir='ltr'>venit,</span> <span class='ocrx_word' id='word_1_240' title='bbox 275 2627 307 2682; x_wconf 91' lang='lat' dir='ltr'>et</span> <span class='ocrx_word' id='word_1_241' title='bbox 328 2619 475 2688; x_wconf 84' lang='lat' dir='ltr'>adoravit</span> <span class='ocrx_word' id='word_1_242' title='bbox 497 2643 581 2699; x_wconf 89' lang='lat' dir='ltr'>eum,</span> <span class='ocrx_word' id='word_1_243' title='bbox 604 2622 723 2702; x_wconf 83' lang='lat' dir='ltr'>dicens,</span> <span class='ocrx_word' id='word_1_244' title='bbox 741 2623 894 2704; x_wconf 89' lang='lat' dir='ltr'>Domine,</span> <span class='ocrx_word' id='word_1_245' title='bbox 916 2645 1068 2690; x_wconf 87' lang='lat' dir='ltr'>succurre</span> <span class='ocrx_word' id='word_1_246' title='bbox 1087 2623 1175 2688; x_wconf 88' lang='lat' dir='ltr'>mihi.</span> <span class='ocrx_word' id='word_1_247' title='bbox 1219 2625 1271 2688; x_wconf 86' lang='grc'>26.</span> <span class='ocrx_word' id='word_1_248' title='bbox 1284 2624 1326 2686; x_wconf 77' lang='lat' dir='ltr'>At</span> <span class='ocrx_word' id='word_1_249' title='bbox 1385 2675 1386 2678; x_wconf 63' lang='lat'>,</span> 
     </span>
     <span class='ocr_line' id='line_1_27' title="bbox 156 2715 1386 2816; baseline 0.007 -32"><span class='ocrx_word' id='word_1_250' title='bbox 156 2715 214 2784; x_wconf 89' lang='lat' dir='ltr'>illc</span> <span class='ocrx_word' id='word_1_251' title='bbox 235 2723 439 2812; x_wconf 88' lang='lat' dir='ltr'>respondens</span> <span class='ocrx_word' id='word_1_252' title='bbox 461 2724 552 2804; x_wconf 83' lang='lat' dir='ltr'>dixit,</span> <span class='ocrx_word' id='word_1_253' title='bbox 578 2725 656 2792; x_wconf 91' lang='lat' dir='ltr'>Non</span> <span class='ocrx_word' id='word_1_254' title='bbox 678 2734 727 2790; x_wconf 86' lang='lat' dir='ltr'>cst</span> <span class='ocrx_word' id='word_1_255' title='bbox 748 2724 918 2806; x_wconf 87' lang='lat' dir='ltr'>decorum,</span> <span class='ocrx_word' id='word_1_256' title='bbox 945 2748 1071 2794; x_wconf 83' lang='lat' dir='ltr'>sumere</span> <span class='ocrx_word' id='word_1_257' title='bbox 1100 2747 1218 2816; x_wconf 85' lang='lat' dir='ltr'>panem</span> <span class='ocrx_word' id='word_1_258' title='bbox 1240 2725 1347 2804; x_wconf 80' lang='lat' dir='ltr'>filio·¹</span> <span class='ocrx_word' id='word_1_259' title='bbox 1385 2747 1386 2816; x_wconf 74' lang='lat'><em>}</em></span> 
     </span>
     <span class='ocr_line' id='line_1_28' title="bbox 156 2827 1386 2928; baseline 0.007 -42"><span class='ocrx_word' id='word_1_260' title='bbox 156 2843 242 2901; x_wconf 89' lang='lat' dir='ltr'>rum,</span> <span class='ocrx_word' id='word_1_261' title='bbox 270 2835 302 2890; x_wconf 88' lang='lat' dir='ltr'>et</span> <span class='ocrx_word' id='word_1_262' title='bbox 323 2829 486 2912; x_wconf 89' lang='lat' dir='ltr'>proiicere</span> <span class='ocrx_word' id='word_1_263' title='bbox 506 2827 639 2893; x_wconf 80' lang='lat' dir='ltr'>catellis</span> <span class='ocrx_word' id='word_1_264' title='bbox 681 2829 732 2893; x_wconf 87' lang='grc'>27.</span> <span class='ocrx_word' id='word_1_265' title='bbox 757 2829 801 2894; x_wconf 84' lang='lat' dir='ltr'>At</span> <span class='ocrx_word' id='word_1_266' title='bbox 822 2829 879 2896; x_wconf 82' lang='lat' dir='ltr'>ilia</span> <span class='ocrx_word' id='word_1_267' title='bbox 900 2829 995 2909; x_wconf 85' lang='lat' dir='ltr'>dixit,</span> <span class='ocrx_word' id='word_1_268' title='bbox 1023 2830 1139 2911; x_wconf 83' lang='lat' dir='ltr'>Certe,</span> <span class='ocrx_word' id='word_1_269' title='bbox 1166 2829 1331 2902; x_wconf 74' lang='lat' dir='ltr'>Domine:</span> <span class='ocrx_word' id='word_1_270' title='bbox 1385 2837 1386 2928; x_wconf 62' lang='lat' dir='ltr'>t</span> 
     </span>
     <span class='ocr_line' id='line_1_29' title="bbox 156 2927 1386 3017; baseline 0.005 -26"><span class='ocrx_word' id='word_1_271' title='bbox 156 2930 276 2992; x_wconf 87' lang='lat' dir='ltr'>etenim</span> <span class='ocrx_word' id='word_1_272' title='bbox 299 2927 408 2994; x_wconf 86' lang='lat' dir='ltr'>catelli</span> <span class='ocrx_word' id='word_1_273' title='bbox 430 2930 531 2996; x_wconf 90' lang='lat' dir='ltr'>cduut</span> <span class='ocrx_word' id='word_1_274' title='bbox 550 2928 593 2996; x_wconf 89' lang='lat' dir='ltr'>de</span> <span class='ocrx_word' id='word_1_275' title='bbox 613 2932 718 3008; x_wconf 86' lang='lat' dir='ltr'>micis,</span> <span class='ocrx_word' id='word_1_276' title='bbox 751 2953 837 3017; x_wconf 86' lang='lat' dir='ltr'>quae</span> <span class='ocrx_word' id='word_1_277' title='bbox 864 2933 984 3000; x_wconf 87' lang='lat' dir='ltr'>cadunt</span> <span class='ocrx_word' id='word_1_278' title='bbox 1005 2955 1023 2998; x_wconf 86' lang='lat' dir='ltr'>a</span> <span class='ocrx_word' id='word_1_279' title='bbox 1045 2955 1157 3000; x_wconf 85' lang='lat' dir='ltr'>mensa</span> <span class='ocrx_word' id='word_1_280' title='bbox 1176 2933 1327 2999; x_wconf 89' lang='lat' dir='ltr'>domiuo.</span> <span class='ocrx_word' id='word_1_281' title='bbox 1385 2969 1386 2988; x_wconf 60' lang='grc' dir='ltr'><strong>ι</strong></span> 
     </span>
     <span class='ocr_line' id='line_1_30' title="bbox 156 3031 1386 3131; baseline 0.005 -38"><span class='ocrx_word' id='word_1_282' title='bbox 156 3050 227 3093; x_wconf 87' lang='lat' dir='ltr'>rum</span> <span class='ocrx_word' id='word_1_283' title='bbox 248 3051 387 3096; x_wconf 80' lang='lat' dir='ltr'>suorum.</span> <span class='ocrx_word' id='word_1_284' title='bbox 430 3031 482 3096; x_wconf 81' lang='lat'>28.</span> <span class='ocrx_word' id='word_1_285' title='bbox 503 3031 599 3096; x_wconf 87' lang='lat' dir='ltr'>Tunc</span> <span class='ocrx_word' id='word_1_286' title='bbox 618 3032 823 3118; x_wconf 87' lang='lat' dir='ltr'>respondeus</span> <span class='ocrx_word' id='word_1_287' title='bbox 844 3035 935 3102; x_wconf 84' lang='lat' dir='ltr'>Iesus</span> <span class='ocrx_word' id='word_1_288' title='bbox 957 3036 1034 3103; x_wconf 79' lang='lat' dir='ltr'>dixit</span> <span class='ocrx_word' id='word_1_289' title='bbox 1055 3034 1119 3114; x_wconf 89' lang='lat' dir='ltr'>illi,</span> <span class='ocrx_word' id='word_1_290' title='bbox 1143 3035 1177 3101; x_wconf 94' lang='grc' dir='ltr'><strong>Ο</strong></span> <span class='ocrx_word' id='word_1_291' title='bbox 1200 3035 1326 3131; x_wconf 54' lang='lat' dir='ltr'>mulier,</span> <span class='ocrx_word' id='word_1_292' title='bbox 1385 3067 1386 3120; x_wconf 71' lang='lat'>3</span> 
     </span>
    </p>
   </div>
   <div class='ocr_carea' id='block_1_17' title="bbox 156 3123 1325 3328">
    <p class='ocr_par' dir='ltr' id='par_1_17' title="bbox 156 3123 1325 3328">
     <span class='ocr_line' id='line_1_31' title="bbox 156 3123 1325 3238; baseline 0.007 -42"><span class='ocrx_word' id='word_1_293' title='bbox 156 3151 272 3218; x_wconf 81' lang='lat' dir='ltr'>magno</span> <span class='ocrx_word' id='word_1_294' title='bbox 293 3143 341 3199; x_wconf 87' lang='lat' dir='ltr'>cst</span> <span class='ocrx_word' id='word_1_295' title='bbox 361 3131 446 3200; x_wconf 87' lang='lat' dir='ltr'>fides</span> <span class='ocrx_word' id='word_1_296' title='bbox 465 3146 538 3200; x_wconf 75' lang='lat' dir='ltr'>tuuc</span> <span class='ocrx_word' id='word_1_297' title='bbox 572 3133 630 3202; x_wconf 87' lang='lat' dir='ltr'>fiat</span> <span class='ocrx_word' id='word_1_298' title='bbox 650 3123 725 3218; x_wconf 78' lang='lat' dir='ltr'>tibi,</span> <span class='ocrx_word' id='word_1_299' title='bbox 760 3138 844 3203; x_wconf 84' lang='lat' dir='ltr'>sicut</span> <span class='ocrx_word' id='word_1_300' title='bbox 863 3141 921 3231; x_wconf 74' lang='lat' dir='ltr'>vis.</span> <span class='ocrx_word' id='word_1_301' title='bbox 942 3205 947 3238; x_wconf 23' lang='grc' dir='ltr'>ι,</span> <span class='ocrx_word' id='word_1_302' title='bbox 967 3138 1011 3205; x_wconf 86' lang='lat' dir='ltr'>Et</span> <span class='ocrx_word' id='word_1_303' title='bbox 1031 3148 1143 3205; x_wconf 84' lang='lat' dir='ltr'>sauata</span> <span class='ocrx_word' id='word_1_304' title='bbox 1172 3139 1235 3208; x_wconf 84' lang='lat' dir='ltr'>iuit</span> <span class='ocrx_word' id='word_1_305' title='bbox 1255 3137 1325 3206; x_wconf 84' lang='lat' dir='ltr'>iilia</span> 
     </span>
     <span class='ocr_line' id='line_1_32' title="bbox 158 3235 529 3328; baseline 0.022 -30"><span class='ocrx_word' id='word_1_306' title='bbox 158 3235 228 3300; x_wconf 89' lang='lat' dir='ltr'>eius</span> <span class='ocrx_word' id='word_1_307' title='bbox 251 3257 289 3302; x_wconf 85' lang='lat' dir='ltr'>ex</span> <span class='ocrx_word' id='word_1_308' title='bbox 310 3258 352 3303; x_wconf 90' lang='lat' dir='ltr'>eo</span> <span class='ocrx_word' id='word_1_309' title='bbox 374 3247 529 3328; x_wconf 86' lang='lat' dir='ltr'>tempore.</span> 
     </span>
    </p>
   </div>
   <div class='ocr_carea' id='block_1_18' title="bbox 240 3438 1386 3554">
    <p class='ocr_par' dir='ltr' id='par_1_18' title="bbox 240 3438 1386 3554">
     <span class='ocr_line' id='line_1_33' title="bbox 240 3438 1386 3554; baseline 0.005 -48"><span class='ocrx_word' id='word_1_310' title='bbox 240 3438 377 3508; x_wconf 82' lang='lat' dir='ltr'><strong>MARC.</strong></span> <span class='ocrx_word' id='word_1_311' title='bbox 404 3442 475 3508; x_wconf 86' lang='lat' dir='ltr'>Vli.</span> <span class='ocrx_word' id='word_1_312' title='bbox 538 3441 591 3509; x_wconf 85' lang='grc'>24.</span> <span class='ocrx_word' id='word_1_313' title='bbox 633 3445 674 3510; x_wconf 89' lang='lat' dir='ltr'>Et</span> <span class='ocrx_word' id='word_1_314' title='bbox 714 3443 792 3510; x_wconf 92' lang='lat' dir='ltr'>inde</span> <span class='ocrx_word' id='word_1_315' title='bbox 830 3465 964 3531; x_wconf 80' lang='lat' dir='ltr'>surgens</span> <span class='ocrx_word' id='word_1_316' title='bbox 997 3443 1077 3510; x_wconf 89' lang='lat' dir='ltr'>abiit</span> <span class='ocrx_word' id='word_1_317' title='bbox 1110 3448 1146 3512; x_wconf 92' lang='lat' dir='ltr'>in</span> <span class='ocrx_word' id='word_1_318' title='bbox 1179 3447 1324 3512; x_wconf 81' lang='lat' dir='ltr'>confinia</span> <span class='ocrx_word' id='word_1_319' title='bbox 1385 3471 1386 3554; x_wconf 34' lang='grc' dir='ltr'>ξ</span> 
     </span>
    </p>
   </div>
   <div class='ocr_carea' id='block_1_19' title="bbox 156 3540 1324 3736">
    <p class='ocr_par' dir='ltr' id='par_1_19' title="bbox 156 3540 1324 3736">
     <span class='ocr_line' id='line_1_34' title="bbox 156 3540 1324 3632; baseline 0.003 -26"><span class='ocrx_word' id='word_1_320' title='bbox 156 3540 241 3627; x_wconf 83' lang='lat' dir='ltr'>Tyri</span> <span class='ocrx_word' id='word_1_321' title='bbox 263 3564 301 3607; x_wconf 87' lang='lat' dir='ltr'>ac</span> <span class='ocrx_word' id='word_1_322' title='bbox 322 3544 469 3612; x_wconf 88' lang='lat' dir='ltr'>Sidonis:</span> <span class='ocrx_word' id='word_1_323' title='bbox 503 3555 535 3612; x_wconf 88' lang='lat' dir='ltr'>et</span> <span class='ocrx_word' id='word_1_324' title='bbox 556 3549 717 3632; x_wconf 83' lang='lat' dir='ltr'>ingressus</span> <span class='ocrx_word' id='word_1_325' title='bbox 739 3545 885 3628; x_wconf 89' lang='lat' dir='ltr'>domum,</span> <span class='ocrx_word' id='word_1_326' title='bbox 916 3551 1077 3615; x_wconf 86' lang='lat' dir='ltr'>neminem</span> <span class='ocrx_word' id='word_1_327' title='bbox 1104 3549 1210 3615; x_wconf 83' lang='lat' dir='ltr'>voluit</span> <span class='ocrx_word' id='word_1_328' title='bbox 1229 3550 1324 3627; x_wconf 81' lang='lat' dir='ltr'>scire,</span> 
     </span>
     <span class='ocr_line' id='line_1_35' title="bbox 156 3643 1321 3736; baseline 0.003 -26"><span class='ocrx_word' id='word_1_329' title='bbox 156 3666 219 3710; x_wconf 84' lang='lat' dir='ltr'>uec</span> <span class='ocrx_word' id='word_1_330' title='bbox 240 3649 346 3732; x_wconf 88' lang='lat' dir='ltr'>potuit</span> <span class='ocrx_word' id='word_1_331' title='bbox 367 3646 478 3716; x_wconf 86' lang='lat' dir='ltr'>latere.</span> <span class='ocrx_word' id='word_1_332' title='bbox 520 3650 571 3714; x_wconf 91' lang='grc'>25</span> <span class='ocrx_word' id='word_1_333' title='bbox 599 3649 722 3736; x_wconf 83' lang='lat' dir='ltr'>Mulier</span> <span class='ocrx_word' id='word_1_334' title='bbox 753 3657 837 3718; x_wconf 87' lang='lat' dir='ltr'>enim</span> <span class='ocrx_word' id='word_1_335' title='bbox 859 3655 977 3732; x_wconf 85' lang='lat' dir='ltr'>statim,</span> <span class='ocrx_word' id='word_1_336' title='bbox 1004 3664 1041 3719; x_wconf 90' lang='lat' dir='ltr'>ut</span> <span class='ocrx_word' id='word_1_337' title='bbox 1062 3643 1187 3718; x_wconf 83' lang='lat' dir='ltr'>audi&#39;vit</span> <span class='ocrx_word' id='word_1_338' title='bbox 1208 3649 1321 3724; x_wconf 81' lang='lat' dir='ltr'>deco,</span> 
     </span>
    </p>
   </div>
   <div class='ocr_carea' id='block_1_20' title="bbox 142 3751 1386 4044">
    <p class='ocr_par' dir='ltr' id='par_1_20' title="bbox 142 3751 1386 4044">
     <span class='ocr_line' id='line_1_36' title="bbox 155 3751 1386 3839; baseline 0.005 -26"><span class='ocrx_word' id='word_1_339' title='bbox 155 3752 247 3816; x_wconf 88' lang='lat' dir='ltr'>cuius</span> <span class='ocrx_word' id='word_1_340' title='bbox 267 3751 372 3818; x_wconf 86' lang='lat' dir='ltr'>filiola</span> <span class='ocrx_word' id='word_1_341' title='bbox 393 3751 535 3819; x_wconf 83' lang='lat' dir='ltr'>habebat</span> <span class='ocrx_word' id='word_1_342' title='bbox 554 3755 699 3839; x_wconf 83' lang='lat' dir='ltr'>spiritum</span> <span class='ocrx_word' id='word_1_343' title='bbox 721 3756 940 3835; x_wconf 64' lang='lat' dir='ltr'>immundum}</span> <span class='ocrx_word' id='word_1_344' title='bbox 969 3759 1061 3822; x_wconf 80' lang='lat' dir='ltr'>veuit</span> <span class='ocrx_word' id='word_1_345' title='bbox 1088 3765 1120 3821; x_wconf 84' lang='lat' dir='ltr'>et</span> <span class='ocrx_word' id='word_1_346' title='bbox 1142 3753 1258 3821; x_wconf 85' lang='lat' dir='ltr'>accidit</span> <span class='ocrx_word' id='word_1_347' title='bbox 1280 3755 1324 3819; x_wconf 84' lang='lat' dir='ltr'>ad</span> <span class='ocrx_word' id='word_1_348' title='bbox 1385 3751 1386 3788; x_wconf 68' lang='lat'><em>³</em></span> 
     </span>
     <span class='ocr_line' id='line_1_37' title="bbox 142 3853 1386 3948; baseline 0.002 -30"><span class='ocrx_word' id='word_1_349' title='bbox 142 3853 259 3948; x_wconf 66' lang='lat' dir='ltr'>¹pedes</span> <span class='ocrx_word' id='word_1_350' title='bbox 288 3857 371 3921; x_wconf 89' lang='lat' dir='ltr'>eius:</span> <span class='ocrx_word' id='word_1_351' title='bbox 413 3856 465 3919; x_wconf 88' lang='grc'>26.</span> <span class='ocrx_word' id='word_1_352' title='bbox 496 3855 590 3934; x_wconf 85' lang='lat' dir='ltr'>(Erat</span> <span class='ocrx_word' id='word_1_353' title='bbox 623 3859 708 3922; x_wconf 87' lang='lat' dir='ltr'>eninr</span> <span class='ocrx_word' id='word_1_354' title='bbox 738 3859 854 3925; x_wconf 81' lang='lat' dir='ltr'>mulier</span> <span class='ocrx_word' id='word_1_355' title='bbox 885 3883 1016 3946; x_wconf 80' lang='lat' dir='ltr'>graeco,</span> <span class='ocrx_word' id='word_1_356' title='bbox 1041 3857 1323 3945; x_wconf 78' lang='lat' dir='ltr'>=Syrophoenissn</span> <span class='ocrx_word' id='word_1_357' title='bbox 1385 3895 1386 3938; x_wconf 75' lang='lat'>,</span> 
     </span>
     <span class='ocr_line' id='line_1_38' title="bbox 155 3943 1386 4044; baseline 0.006 -24"><span class='ocrx_word' id='word_1_358' title='bbox 155 3959 293 4040; x_wconf 79' lang='lat' dir='ltr'>genere)</span> <span class='ocrx_word' id='word_1_359' title='bbox 322 3969 354 4024; x_wconf 91' lang='lat' dir='ltr'>et</span> <span class='ocrx_word' id='word_1_360' title='bbox 374 3956 509 4044; x_wconf 79' lang='lat' dir='ltr'>rogabat</span> <span class='ocrx_word' id='word_1_361' title='bbox 531 3961 618 4037; x_wconf 77' lang='lat' dir='ltr'>eluit,</span> <span class='ocrx_word' id='word_1_362' title='bbox 650 3971 686 4026; x_wconf 93' lang='lat' dir='ltr'>ut</span> <span class='ocrx_word' id='word_1_363' title='bbox 712 3961 917 4040; x_wconf 79' lang='lat' dir='ltr'>daemonium</span> <span class='ocrx_word' id='word_1_364' title='bbox 946 3965 1079 4031; x_wconf 87' lang='lat' dir='ltr'>eiiceret</span> <span class='ocrx_word' id='word_1_365' title='bbox 1101 3961 1143 4028; x_wconf 91' lang='lat' dir='ltr'>de</span> <span class='ocrx_word' id='word_1_366' title='bbox 1165 3960 1235 4026; x_wconf 83' lang='lat' dir='ltr'>filia</span> <span class='ocrx_word' id='word_1_367' title='bbox 1256 3985 1322 4028; x_wconf 80' lang='lat' dir='ltr'>sua·</span> <span class='ocrx_word' id='word_1_368' title='bbox 1385 3943 1386 4020; x_wconf 68' lang='lat' dir='ltr'>i</span> 
     </span>
    </p>
   </div>
   <div class='ocr_carea' id='block_1_21' title="bbox 77 4059 1324 4155">
    <p class='ocr_par' dir='ltr' id='par_1_21' title="bbox 77 4059 1324 4155">
     <span class='ocr_line' id='line_1_39' title="bbox 77 4059 1324 4155; baseline 0.006 -33"><span class='ocrx_word' id='word_1_369' title='bbox 77 4141 80 4147; x_wconf 14' lang='grc' dir='ltr'>Ι</span> <span class='ocrx_word' id='word_1_370' title='bbox 155 4059 206 4124; x_wconf 84' lang='grc'>27.</span> <span class='ocrx_word' id='word_1_371' title='bbox 236 4059 325 4126; x_wconf 89' lang='lat' dir='ltr'>lesus</span> <span class='ocrx_word' id='word_1_372' title='bbox 346 4073 454 4127; x_wconf 84' lang='lat' dir='ltr'>autern</span> <span class='ocrx_word' id='word_1_373' title='bbox 476 4060 558 4127; x_wconf 89' lang='lat' dir='ltr'>dixit</span> <span class='ocrx_word' id='word_1_374' title='bbox 577 4061 644 4144; x_wconf 80' lang='lat' dir='ltr'>illi,</span> <span class='ocrx_word' id='word_1_375' title='bbox 684 4065 763 4131; x_wconf 83' lang='lat' dir='ltr'>Siue</span> <span class='ocrx_word' id='word_1_376' title='bbox 784 4069 873 4155; x_wconf 83' lang='lat' dir='ltr'>prius</span> <span class='ocrx_word' id='word_1_377' title='bbox 895 4069 1031 4134; x_wconf 81' lang='lat' dir='ltr'>saturari</span> <span class='ocrx_word' id='word_1_378' title='bbox 1052 4066 1157 4132; x_wconf 82' lang='lat' dir='ltr'>filios:</span> <span class='ocrx_word' id='word_1_379' title='bbox 1185 4086 1253 4133; x_wconf 92' lang='lat' dir='ltr'>non</span> <span class='ocrx_word' id='word_1_380' title='bbox 1277 4075 1324 4130; x_wconf 86' lang='lat' dir='ltr'>est</span> 
     </span>
    </p>
   </div>
   <div class='ocr_carea' id='block_1_22' title="bbox 157 4161 1386 4258">
    <p class='ocr_par' dir='ltr' id='par_1_22' title="bbox 157 4161 1386 4258">
     <span class='ocr_line' id='line_1_40' title="bbox 157 4161 1386 4258; baseline 0.007 -35"><span class='ocrx_word' id='word_1_381' title='bbox 157 4163 243 4224; x_wconf 89' lang='lat' dir='ltr'>cuim</span> <span class='ocrx_word' id='word_1_382' title='bbox 264 4161 433 4244; x_wconf 84' lang='lat' dir='ltr'>decorum,</span> <span class='ocrx_word' id='word_1_383' title='bbox 451 4187 591 4253; x_wconf 80' lang='lat' dir='ltr'>sumere</span> <span class='ocrx_word' id='word_1_384' title='bbox 617 4175 733 4251; x_wconf 64' lang='lat' dir='ltr'>danem</span> <span class='ocrx_word' id='word_1_385' title='bbox 755 4168 911 4248; x_wconf 85' lang='lat' dir='ltr'>filiorum,</span> <span class='ocrx_word' id='word_1_386' title='bbox 943 4181 975 4237; x_wconf 88' lang='lat' dir='ltr'>ct</span> <span class='ocrx_word' id='word_1_387' title='bbox 1002 4173 1165 4258; x_wconf 89' lang='lat' dir='ltr'>proiicere</span> <span class='ocrx_word' id='word_1_388' title='bbox 1188 4170 1320 4236; x_wconf 85' lang='lat' dir='ltr'>catellis·</span> <span class='ocrx_word' id='word_1_389' title='bbox 1385 4211 1386 4232; x_wconf 48' lang='lat' dir='ltr'>t</span> 
     </span>
    </p>
   </div>
   <div class='ocr_carea' id='block_1_23' title="bbox 155 4263 1323 4456">
    <p class='ocr_par' dir='ltr' id='par_1_23' title="bbox 155 4263 1323 4456">
     <span class='ocr_line' id='line_1_41' title="bbox 155 4263 1323 4354; baseline 0.01 -28"><span class='ocrx_word' id='word_1_390' title='bbox 155 4263 207 4326; x_wconf 85' lang='lat'>28.</span> <span class='ocrx_word' id='word_1_391' title='bbox 236 4265 278 4328; x_wconf 82' lang='lat' dir='ltr'>At</span> <span class='ocrx_word' id='word_1_392' title='bbox 298 4265 355 4330; x_wconf 85' lang='lat' dir='ltr'>illa</span> <span class='ocrx_word' id='word_1_393' title='bbox 376 4268 560 4352; x_wconf 86' lang='lat' dir='ltr'>respoudit,</span> <span class='ocrx_word' id='word_1_394' title='bbox 591 4281 623 4334; x_wconf 88' lang='lat' dir='ltr'>et</span> <span class='ocrx_word' id='word_1_395' title='bbox 644 4269 722 4336; x_wconf 87' lang='lat' dir='ltr'>dixit</span> <span class='ocrx_word' id='word_1_396' title='bbox 743 4269 805 4352; x_wconf 86' lang='lat' dir='ltr'>illi,</span> <span class='ocrx_word' id='word_1_397' title='bbox 838 4273 953 4354; x_wconf 85' lang='lat' dir='ltr'>Certe,</span> <span class='ocrx_word' id='word_1_398' title='bbox 987 4276 1141 4340; x_wconf 77' lang='lat' dir='ltr'>Domine:</span> <span class='ocrx_word' id='word_1_399' title='bbox 1176 4295 1250 4340; x_wconf 86' lang='lat' dir='ltr'>nam</span> <span class='ocrx_word' id='word_1_400' title='bbox 1273 4297 1323 4338; x_wconf 84' lang='lat' dir='ltr'>ca-</span> 
     </span>
     <span class='ocr_line' id='line_1_42' title="bbox 158 4363 1322 4456; baseline 0.013 -28"><span class='ocrx_word' id='word_1_401' title='bbox 158 4363 228 4432; x_wconf 87' lang='lat' dir='ltr'>telli</span> <span class='ocrx_word' id='word_1_402' title='bbox 249 4389 381 4456; x_wconf 82' lang='lat' dir='ltr'>quoque</span> <span class='ocrx_word' id='word_1_403' title='bbox 409 4371 583 4442; x_wconf 88' lang='lat' dir='ltr'>comeduut</span> <span class='ocrx_word' id='word_1_404' title='bbox 610 4373 670 4442; x_wconf 86' lang='lat' dir='ltr'>sub</span> <span class='ocrx_word' id='word_1_405' title='bbox 703 4395 814 4445; x_wconf 81' lang='lat' dir='ltr'>mensa</span> <span class='ocrx_word' id='word_1_406' title='bbox 837 4377 879 4446; x_wconf 85' lang='lat' dir='ltr'>do</span> <span class='ocrx_word' id='word_1_407' title='bbox 900 4379 990 4445; x_wconf 85' lang='lat' dir='ltr'>micis</span> <span class='ocrx_word' id='word_1_408' title='bbox 1010 4377 1165 4448; x_wconf 89' lang='lat' dir='ltr'>filiorum.</span> <span class='ocrx_word' id='word_1_409' title='bbox 1209 4380 1261 4445; x_wconf 72' lang='grc'>29.</span> <span class='ocrx_word' id='word_1_410' title='bbox 1281 4379 1322 4444; x_wconf 85' lang='lat' dir='ltr'>Et</span> 
     </span>
    </p>
   </div>
   <div class='ocr_carea' id='block_1_24' title="bbox 376 4555 381 4564">
    <p class='ocr_par' dir='ltr' id='par_1_24' title="bbox 376 4555 381 4564">
     <span class='ocr_line' id='line_1_43' title="bbox 376 4555 381 4564; baseline 0 0"><span class='ocrx_word' id='word_1_411' title='bbox 376 4555 381 4564; x_wconf 75' lang='grc' dir='ltr'><em>ι</em></span> 
     </span>
    </p>
   </div>
   <div class='ocr_carea' id='block_1_25' title="bbox 0 0 1394 4838">
    <p class='ocr_par' dir='ltr' id='par_1_25' title="bbox 0 0 1394 4838">
     <span class='ocr_line' id='line_1_44' title="bbox 0 0 1394 4838; baseline 0 0"><span class='ocrx_word' id='word_1_412' title='bbox 0 0 1394 4838; x_wconf 95' lang='lat' dir='ltr'> </span> 
     </span>
    </p>
   </div>
  </div>
 </body>
</html>
