2768 4834
590 147 723 210 Ouamo
744 164 780 212 m
799 161 927 210 moure.

255 303 414 362 incertum
441 313 502 376 est,
530 301 661 364 semelne
686 323 723 364 au
749 301 794 380 bis
818 301 894 363 hauc
920 299 1168 376 omnditornam
1188 297 1227 360 Cl

186 380 249 440 disci
269 380 330 438 ulis
352 379 522 438 tradiderit.
554 379 736 456 Quibusdam
755 380 813 440 boc
832 377 992 438 secundum
1011 377 1129 438 videtur
1140 378 1227 460 magis

186 401 293 530 babille,
327 455 401 534 quia
427 455 522 515 Lucas
547 467 683 538 rogatum
709 455 796 516 luisse
816 454 903 528 dicit,
931 455 1095 516 Matthaeus
1114 475 1186 515 vero
1207 455 1227 512 ir

186 535 253 592 altro
274 533 455 595 docentem.
486 531 568 606 Quia
586 545 685 592 tamen
704 532 835 605 diximus,
853 531 1032 591 lllatthaeum
1051 531 1209 611 praecipua

185 631 232 687 qur
251 608 420 668 doctrinae
441 609 538 688 capita
559 608 716 692 colligere,
745 621 778 669 ut
795 607 899 668 melius
917 628 951 667 ex
963 607 1111 670 continua
1130 606 1207 672 serie

184 700 318 746 mmmam
366 685 530 818 erspiciant
547 685 685 760 lectores,
703 684 766 746 fieri
787 695 887 764 potest
904 695 937 744 ut
947 685 1111 750 Matthaeus
1131 683 1227 752 occasi

184 783 260 840 quan
285 783 323 820 re
341 773 396 895 erle
444 782 511 822 uras
537 762 684 838 omiserit,
718 781 882 840 quanquam
907 760 962 822 bac
981 762 1024 834 {de
1049 781 1092 821 re
1108 781 1174 824 cum
1199 781 1227 820 m

254 859 310 898 arc
330 857 373 896 ve
387 859 437 896 rm.
548 876 553 884 ·

183 859 366 978 pugnbned.
385 913 470 974 Sicut
478 913 638 974 etlormnes
647 912 743 983 doceat
752 912 916 991 discipulos.
936 913 1163 989 Quodloauues
1175 913 1227 996 pri*

182 992 277 1051 orandi
304 989 440 1050 sormam
465 991 588 1051 tradidit
605 991 664 1052 suis
684 989 849 1071 discipulis,
878 991 908 1051 id
927 990 1031 1053 iecisse
1052 991 1200 1067 existimo,

183 1069 321 1148 temporis
351 1067 428 1127 ratio
455 1066 580 1127 serebat.
623 1067 682 1127 Res
707 1079 777 1126 tuuc
802 1067 888 1132 valde
911 1067 989 1147 apud
1014 1068 1140 1130 Iudaeos
1165 1087 1227 1134 corr

182 1145 261 1204 luisse
288 1155 403 1202 notum
432 1155 490 1203 est:
522 1156 584 1204 tota
609 1155 690 1206 certe
715 1143 822 1236 religio
842 1145 886 1206 sie
904 1143 1033 1222 collapsa
1052 1155 1134 1218 erat,
1161 1156 1227 1204 utu

182 1242 234 1280 uon
257 1221 320 1294 sit,
353 1219 498 1298 precandi
521 1241 635 1286 morem
659 1241 675 1280 a
700 1241 799 1300 paucis
823 1217 880 1280 rite
906 1219 1015 1280 cultum
1038 1217 1135 1284 fuisse.
1192 1220 1227 1280 Po

184 1319 263 1376 quum
288 1298 423 1356 instaret
447 1298 590 1375 promissa
615 1295 799 1388 redemptio,
828 1296 958 1364 fidelium
977 1306 1091 1362 mentes
1110 1315 1227 1375 precam

183 1375 239 1432 eius'
253 1395 346 1453 spem
367 1385 400 1432 et
419 1373 596 1434 desiderium
616 1375 737 1436 excitdrr
756 1374 909 1454 oportuit.-
935 1373 1063 1432 loannes
1084 1371 1158 1453 ergo
1178 1391 1213 1431 ex

184 1449 354 1530 Scriptus-ac
391 1449 465 1510 locis
500 1463 609 1512 certam
639 1451 766 1530 aliquam
796 1449 998 1531 precationem
1031 1445 1180 1516 conficere

184 1547 247 1604 quae
267 1525 407 1606 tempori
428 1535 620 1610 congrueret,
639 1549 672 1588 ac
691 1528 815 1608 propius
827 1527 985 1588 accederet
995 1525 1032 1585 ad
1041 1467 1227 1610 spiritqaleb

183 1625 313 1686 regnam,
335 1603 497 1682 quodiam
517 1603 652 1683 patefieri
671 1615 821 1683 coeperat
1101 1625 1133 1662 ·.
1226 1651 1227 1656 1

248 1681 362 1740 blatth.
382 1686 411 1744 9.
455 1679 522 1740 Vos
540 1703 609 1758 ergo
626 1684 669 1742 sio
686 1692 775 1742 orote.
813 1679 874 1744 Pro
895 1697 956 1758 quo
975 1678 1085 1753 Lucas,
1108 1698 1227 1758 qaum

184 1751 274 1816 driu:
305 1775 479 1835 quanquam
504 1777 566 1816 non
586 1755 670 1820 iubet
688 1755 821 1826 Christus
840 1765 909 1817 s'uos
929 1753 1081 1835 conceptis
1100 1754 1198 1816 verbis
1218 1775 1227 1820 t

185 1834 227 1892 sed
244 1843 364 1893 tantum
382 1833 528 1907 ostendit,
549 1855 687 1914 quorsum
706 1845 776 1894 vota
795 1833 894 1894 omnia
910 1851 1073 1922 precesque
1082 1830 1189 1892 referri
1202 1831 1227 1891 dr

185 1909 233 1966 Ser
251 1931 287 1969 er
311 1931 331 1970 o
352 1910 552 1988 petitionibus
571 1909 788 1989 complectitur,
808 1909 947 1990 quicquid
967 1909 1061 1970 aDeo
1083 1919 1187 1988 optare
1207 1907 1227 1966 ss

184 1987 274 2063 Atque
287 1931 352 2046 liae
374 1987 513 2046 doctrina
533 1987 605 2048 nibil
624 1985 712 2046 nohis
732 1999 776 2048 est
793 1986 905 2060 utilius:
926 2007 994 2045 nam
1013 2006 1102 2066 quum
1122 1985 1179 2046 boc
1198 2004 1227 2063 pr

185 2083 265 2138 prum
284 2063 325 2121 sit
343 2062 467 2152 pietatis
486 2063 665 2138 exercitium,
684 2062 715 2120 in
735 2061 896 2123 formandis
914 2071 1014 2128 tamen
1033 2059 1171 2142 precibus
1191 2081 1227 2120 au

184 2139 215 2195 tis
232 2139 562 2219 concipiendis'sensus
582 2128 687 2200 orltnes
703 2139 797 2199 nostri
817 2138 967 2199 deliciunt.
995 2138 1041 2198 Ita
1060 2155 1149 2196 nemo
1168 2136 1226 2196 rite

186 2211 231 2286 bit,
248 2215 307 2274 nisi
327 2215 413 2276 cuius
435 2237 469 2276 os
489 2227 519 2276 et
538 2216 813 2287 eormoderabitur
831 2214 967 2276 eoelestis
985 2213 1137 2294 blagistcr.
1179 2211 1227 2290 lu

186 2289 264 2350 tinem
284 2293 394 2355 tradita
416 2304 463 2352 est
480 2293 553 2356 baec
571 2289 683 2374 regula,
703 2292 740 2352 ad
760 2313 845 2371 quam
865 2311 969 2371 preces
987 2301 1102 2348 nostras
1121 2286 1227 2370 exigers

187 2387 256 2428 cesse
284 2381 347 2444 est,
375 2369 400 2428 si
429 2369 574 2451 legitimas
599 2368 713 2431 censeri
730 2367 867 2448 ·Deoque
887 2365 1010 2446 probari
1029 2363 1171 2444 cupimus.
1208 2363 1227 2420 b

188 2445 296 2520 quidem
317 2449 368 2525 (nt
388 2467 488 2536 nuper
507 2447 617 2512 dictum
635 2448 694 2524 est)
714 2442 917 2524 praescribere
929 2441 1020 2500 Filius
1032 2439 1102 2513 Dei,
1121 2437 1226 2517 quib'us

187 2517 223 2580 bis
246 2525 392 2583 utendum
412 2535 468 2595 sit,
499 2535 532 2584 ut
555 2523 595 2588 ah
620 2543 654 2583 ea
680 2542 766 2602 quam
786 2517 908 2588 dictavit
925 2513 1053 2577 formula
1072 2515 1227 2601 deflectere

187 2595 280 2672 liceat,
309 2601 364 2659 sed
390 2612 490 2659 tauren
516 2611 584 2664 vota
608 2610 708 2662 nostra
728 2597 769 2657 sic
790 2595 919 2687 dirigere
939 2592 1115 2682 stenareque
1135 2587 1227 2680 veluit

188 2687 258 2732 extra
275 2688 370 2736 metas
391 2677 461 2738 isus
481 2676 637 2738 oberrent:
657 2675 736 2735 unde
756 2673 932 2755 colligimus,
951 2690 1013 2730 non
1032 2690 1064 2727 in
1083 2666 1192 2742 verbis,
1210 2687 1227 2724 s

186 2749 265 2810 rebus
288 2753 362 2832 ipsis
390 2754 489 2816 datam
507 2752 544 2812 ab
565 2773 603 2812 eo
624 2752 712 2812 luisse
732 2751 789 2811 rite
809 2747 950 2830 precandi
969 2745 1076 2884 legem.
1114 2744 1211 2833 Porrp

188 2825 253 2901 diri,
284 2850 334 2890 sex
361 2828 558 2910 petitionibus
583 2841 718 2890 constare
737 2827 812 2888 hane
831 2825 972 2906 precandi
1006 2842 1132 2895 ormam,
1160 2840 1227 2882 smel

188 2915 237 2978 est,
266 2915 326 2966 tres
350 2907 470 2988 priores
494 2905 661 2987 posthabita
685 2905 780 2964 uostri
805 2904 921 2962 ratione
943 2901 1094 2981 respicere
1114 2898 1145 2956 in
1164 2896 1227 2960 Dei

188 2979 269 3055 riam,
297 2995 359 3044 tres
384 2995 494 3045 autemv
510 2981 636 3060 reliquas
656 2983 692 3043 ad
713 3001 762 3054 ea,
794 3000 867 3060 quae
888 2979 919 3038 in
938 2978 1060 3052 salutem
1080 2985 1222 3063 nostram·

189 3070 262 3132 sunt,
286 3080 350 3120 esse
371 3060 559 3139 compositas.
597 3060 672 3118 Nam
692 3068 724 3116 ut
743 3057 804 3116 Lex
822 3056 882 3116 Dei
896 3055 1011 3119 ‘duabus
1030 3049 1137 3114 rabubs
1156 3049 1227 3138 distr

190 3141 243 3207 lus,
269 3150 391 3214 quarum
414 3137 499 3215 prior
517 3132 634 3215 pietatis
654 3133 752 3194 olli'cia
772 3134 923 3206 eontinet,
946 3131 1039 3191 altera
1057 3139 1154 3198 auttm
1174 3147 1227 3216 carp

190 3211 223 3268 sic
241 3213 354 3274 orando
368 3213 504 3272 Christus
523 3212 628 3291 partim
640 3209 699 3270 Dei
719 3209 844 3290 gloriam
862 3220 998 3289 spectare
1016 3218 1048 3266 et
1066 3223 1228 3284 quaererer

192 3289 290 3364 partim
309 3291 399 3354 uobis
421 3288 574 3348 consulere
593 3288 746 3368 permittit
781 3286 911 3354 Sciamus
930 3295 1104 3365 ergo,'tunc
1122 3301 1178 3350 nos
1197 3279 1227 3338 dc

190 3365 221 3422 ad
244 3367 301 3428 rite
324 3367 509 3447 precandmn
535 3365 600 3425 lore
625 3374 826 3456 comparatos,
855 3363 879 3422 si
902 3382 966 3424 non
984 3371 1098 3422 notum
1117 3357 1154 3417 de
1174 3353 1227 3418 nol

192 3443 303 3532 propria
327 3443 459 3504 utilitate
485 3442 591 3502 erimus
616 3439 750 3514 solliciti,
781 3440 835 3502 sed
854 3439 984 3519 priorem
1000 3435 1101 3512 locum
1119 3433 1179 3502 Dei
1198 3433 1227 3514 gl

192 3517 325 3580 dabrmm:
347 3531 395 3579 est
415 3518 493 3578 euim
513 3518 598 3578 nimis
618 3539 688 3598 prae
711 3528 850 3590 osterum,
870 3535 971 3578 curare
991 3523 1104 3584 tantum
1124 3529 1227 3596 quaen

190 3607 259 3670 sunt,
275 3617 405 3678 regnum
425 3607 521 3658 autem
531 3594 602 3668 Dei,
622 3539 708 3673 quorl
721 3593 814 3674 longe
831 3590 1058 3673 praeferendum
1075 3599 1128 3662 est,
1147 3585 1227 3721 degli

191 3675 271 3732 Potes·
290 3688 408 3745 meter,
479 3675 491 3730 ι·
514 3693 544 3732 rs
565 3675 598 3730 ὄπ
620 3671 716 3734 coelis.
759 3671 830 3730 Duo
849 3668 972 3738 maxime
991 3665 1180 3755 nobisoolonsr
1203 3681 1227 3718 el

190 3761 257 3822 sunt,
275 3751 396 3830 quoties
415 3767 432 3809 a
473 3749 659 3829 precandum
671 3746 866 3830 accingimur,
885 3757 946 3805 tam
966 3755 1000 3802 ut
1016 3740 1108 3816 nobo
1125 3756 1227 3802 accessi

191 3821 276 3888 Deum
294 3837 409 3908 pateat,
428 3835 490 3888 tum
509 3835 542 3886 ut
560 3824 651 3904 plena
666 3823 819 3902 solidaque
838 3821 944 3886 fiducia
963 3820 997 3890 iu⁴
1014 3839 1081 3880 eum
1094 3811 1227 3904 recumbe

192 3920 250 3962 nen
271 3915 450 3994 epaternus
470 3901 532 3964 eius
551 3921 620 3992 erga
641 3919 697 3966 nos
717 3921 809 3973 amor,
829 3911 859 3959 et
877 3898 1017 3968 immensa
1058 3903 1179 3981 oteutrua,
1210 3889 1227 3960 l.

193 3995 224 4036 nt
241 3925 419 4052 llrbrtemus,
439 3977 510 4056 quin
530 3977 661 4058 benigne
680 3975 818 4056 amplecti
837 3996 892 4041 uos
903 3974 986 4042 Deus
1005 3995 1023 4032 v
1054 3969 1087 4043 it,
1108 3987 1179 4047 qum
1196 3983 1227 4044 pt

193 4053 224 4112 sit
240 4058 364 4130 advota
386 4067 485 4117 nostra
505 4053 700 4128 exaudienda,
731 4052 801 4132 quin
823 4051 952 4130 denique
968 4057 1074 4128 sponte
1095 4063 1227 4135 propensi

194 4131 222 4186 ad
244 4153 295 4192 nos
320 4131 476 4192 iuvandos.
520 4127 618 4190 Pistris
642 4147 753 4190 nomeu
777 4127 820 4188 illi
840 4127 995 4188 tribuitur:
1027 4142 1101 4204 ergo
1120 4141 1152 4188 ru
1171 4120 1227 4180 ho:

194 4205 266 4268 theto
285 4209 344 4268 iam
365 4207 576 4268 euschemo
596 4205 718 4268 fiduciae
737 4204 887 4266 materiam
899 4202 1032 4264 Christus
1043 4198 1129 4258 nobis
1138 4217 1211 4288 supp
1225 4216 1227 4254 ε

196 4285 401 4366 sedquoniam
421 4285 539 4348 dimidia
558 4283 671 4353 tautum
690 4303 726 4346 ex
745 4276 1084 4376 parteiuDeilbouitate
1095 4294 1227 4356 acqures:
