2814 4846
384 259 388 264 -
476 219 558 298 <tls
580 217 645 280 *De
663 218 721 280 ficu
739 219 856 300 sterili.)
1069 218 1070 227 ’
1206 227 1245 292 31
1289 239 1303 262 ⁸

75 373 199 453 pitium:
226 370 259 430 iu
285 391 348 450 quo
371 371 478 452 duplex
501 383 547 434 est
570 371 665 464 culpa.
695 373 779 436 ‚Nam
804 373 920 454 quoties
943 373 1071 455 aliquem
1089 372 1171 434 Deus
1190 373 1244 436 sub

77 449 174 510 oculis
194 447 307 510 uostris
327 449 460 531 castigat,
480 451 516 510 de
536 450 647 511 indicus
667 449 725 512 suis
745 471 801 510 uos
820 451 972 527 admonet,
991 463 1023 510 ut
1034 449 1090 510 sei
1113 469 1161 512 sos
1177 471 1245 513 exa-

74 527 192 586 minare
214 523 328 586 discant
347 525 465 605 singuli,
485 538 515 586 et
534 526 603 606 quid
624 527 779 606 promeriti
796 527 856 588 siut
874 529 1048 607 expendere.
1089 472 1180 612 5qu
1192 549 1245 588 au-

75 616 137 664 tem
163 599 254 662 uobis
271 602 316 662 'ad
341 613 458 682 tempus
482 604 591 684 percit,
615 603 671 664 hac
694 603 878 684 benignitate
903 616 934 664 et
958 604 1114 665 clementia
1133 624 1189 666 nos
1207 604 1246 666 ad

74 677 296 760 poenitentiam
316 679 434 740 invitat:
455 691 567 740 tantum
588 679 681 754 abest,
699 692 734 740 ut
751 679 840 741 uobis
859 680 975 741 occasio
990 701 1051 742 esse
1062 679 1169 760 debeat
1181 692 1244 742 tor-

75 755 169 836 poris.
209 755 294 836 Ergo
315 767 347 814 ut
367 775 486 834 pravum
506 756 579 816 illud
599 757 748 831 iudicium,
768 757 875 836 inquo
892 757 1004 818 miseris
1022 768 1053 816 et
1070 755 1245 818 calamitosis

74 833 205 892 solemus
226 851 288 891 esse
309 831 434 906 inimici,
459 835 591 914 corrigat
610 831 760 907 Christus,
785 844 816 894 et
839 834 924 894 simul
949 853 1019 914 quas
1044 835 1167 913 quisque
1187 833 1246 895 sibi

75 909 147 968 facit
167 906 288 968 delicias
310 909 448 984 excutiat,
475 910 570 990 primo
592 909 694 983 docet,
715 930 775 970 non
797 911 926 971 omnium
948 930 1010 970 esse
1029 911 1172 991 pessimos
1193 909 1245 989 qui
1313 913 1320 920 '

74 1007 145 1066 prae
166 983 232 1063 aliis
254 985 367 1044 duriter
385 997 561 1046 tractantur:
588 985 654 1066 quia
674 987 754 1047 Deus
779 987 887 1047 iudicia
912 1009 979 1060 sua,
1006 1007 1066 1065 quo
1085 986 1179 1046 visum
1199 998 1244 1046 est

75 1061 182 1122 ordine
201 1069 233 1120 et
248 1057 351 1138 ἡδο,
371 1059 413 1122 sic
426 1075 551 1136 exercet,
572 1074 605 1121 nt
624 1061 673 1122 alii
693 1063 789 1122 statim
810 1063 960 1143 rapiantur
979 1064 1016 1123 ad
1035 1084 1173 1143 poenam,
1193 1063 1244 1123 alii

74 1139 106 1197 in
134 1137 200 1198 otio
228 1147 260 1196 et
286 1135 397 1198 deliciis
423 1139 473 1198 diu
498 1140 659 1218 quiescant.
690 1139 816 1200 Deinde
836 1139 1025 1218 pronuntiat,
1046 1151 1194 1220 quotquot
1211 1140 1243 1200 in

74 1214 187 1280 mundo
209 1210 349 1274 accidunt
370 1208 702 1290 calamitates,'totidem
723 1235 785 1275 esse
804 1215 864 1275 irae
884 1213 943 1275 Dei
963 1217 1144 1276 testimonia:
1163 1217 1243 1278 uude

73 1290 252 1373 colligimus,
272 1291 358 1370 quale
378 1291 497 1351 exitium
517 1313 571 1352 nos
590 1302 706 1352 maneat
720 1291 776 1351 nisi
792 1302 1017 1351 antevertamus.
1055 1291 1153 1351 Porro
1170 1293 1241 1352 inde

74 1365 289 1428 exhortationis
308 1378 376 1428 nata
398 1379 442 1428 est
461 1369 588 1442 occasio,
608 1370 688 1448 quod
708 1367 873 1430 retulerunt
892 1367 1019 1446 quidam,
1038 1366 1163 1426 Pilatum
1174 1389 1242 1428 san-

73 1445 195 1526 guinem
216 1443 374 1503 humanum
395 1467 461 1504 cum
480 1445 627 1506 sacrificiis
646 1445 806 1518 miscuisse,
826 1457 859 1503 ut
877 1443 989 1503 scilieet
1008 1443 1059 1504 tali
1069 1445 1184 1524 flagitio
1195 1467 1242 1504 sa·
1260 1513 1265 1521 ,

73 1521 185 1580 crificia
205 1520 238 1580 iu
259 1521 484 1582 detestationem
503 1522 648 1582 venirent.
688 1521 767 1598 Quia
787 1532 884 1580 autern
904 1519 1063 1580 verisimile
1088 1533 1146 1595 est,
1171 1541 1242 1600 pro-

71 1598 158 1657 brum
180 1597 239 1658 boc
258 1597 449 1658 Samaritanis
471 1597 581 1658 illatum
603 1618 675 1673 esse,
696 1599 746 1689 qui
767 1619 782 1658 a
803 1617 879 1678 puro
898 1596 988 1680 Legis
1007 1597 1089 1657 cultu
1109 1597 1241 1658 descire-

71 1684 156 1748 rant,
183 1673 271 1734 facile
293 1695 326 1734 ac
345 1686 515 1754 promptum
535 1676 649 1738 Iudaeis
670 1676 741 1750 furt,
767 1674 967 1734 Samaritanus
993 1672 1159 1734 damnando
1184 1674 1242 1736 sibi

74 1751 144 1830 ipsis
165 1750 324 1828 plaudere:
345 1751 395 1812 sed
410 1751 556 1811 Dominus
576 1752 635 1812 alio
656 1773 707 1812 eos
727 1750 884 1812 convertit.
923 1751 1076 1832 Namquia
1088 1749 1143 1812 illis
1155 1771 1243 1814 erosa

73 1839 106 1887 et
124 1827 242 1888 infamis
264 1838 328 1888 crat
346 1827 435 1888 totius
478 1829 553 1888 entis
572 1828 717 1910 impietas,
737 1829 854 1910 quaerit
862 1847 900 1888 an
912 1839 1020 1908 putent
1030 1829 1153 1888 miseros
1165 1828 1243 1906 illos,

73 1903 124 1982 qui
144 1903 237 1964 occisi
257 1902 375 1964 fueraut
395 1925 411 1964 a
428 1849 537 1979 Pilato,
556 1905 644 1967 fuisse
664 1905 726 1966 aliis
746 1904 876 1986 peiores:
896 1904 955 1964 acsi
973 1904 1100 1979 dixisset,
1118 1905 1242 1968 Minime

71 1992 153 2040 certe
174 2001 227 2040 vos
250 1980 331 2054 latet,
350 1990 458 2040 terram
478 1981 558 2041 illam
578 1981 673 2062 impiis
693 1982 833 2043 refertam
854 2000 927 2053 esse,
947 1982 1107 2057 etmultos,
1127 1983 1177 2063 qui
1190 2003 1241 2044 ea-

70 2057 137 2117 dem
160 2076 259 2136 poena
280 2057 363 2148 digni
383 2058 521 2130 fuissent,
546 2058 640 2118 adhuc
662 2077 786 2119 manere
808 2057 988 2140 superstites.
1027 2059 1146 2120 Coecus
1165 2080 1240 2142 ergo

70 2153 105 2194 ac
125 2154 234 2213 pravus
254 2133 366 2193 arbiter
385 2145 438 2210 est,
459 2133 509 2213 qui
530 2136 662 2196 oiunium
704 2147 802 2198 ereata
821 2135 955 2196 aestimat
973 2155 1009 2194 ex
1028 2137 1132 2214 poenis
1152 2156 1239 2216 prae-

70 2209 215 2272 sentibus.
253 2211 360 2290 Neque
380 2210 459 2270 enim
479 2212 656 2291 utquisque
677 2155 808 2272 deterior
828 2223 887 2285 est,
916 2211 955 2270 ita
998 2211 1086 2270 rimus
1106 2211 1143 2271 ad
1163 2232 1240 2292 poe-

71 2285 299 2362 namtrahitur,
318 2287 370 2346 sed
389 2307 478 2366 quum
520 2307 608 2348 aucos
629 2309 664 2348 ex
681 2289 779 2348 multis
799 2288 967 2367 puniendos
1019 2307 1068 2346 eus
1088 2289 1187 2370 eligit,
1206 2289 1239 2350 in
1273 2293 1282 2302 “

70 2383 175 2422 eorum
197 2383 325 2443 persona
345 2362 466 2443 reliquis
507 2363 650 2440 enuntiat,
670 2385 701 2426 se
722 2365 788 2424 fore
808 2362 947 2438 ultorem,
966 2373 1001 2421 ut
1019 2367 1121 2425 omnes
1141 2377 1239 2426 terre-

70 2451 169 2498 antur.
208 2440 368 2520 Postquam
396 2453 493 2504 autem
519 2441 556 2501 de
581 2441 769 2500 samaritanis
795 2438 934 2518 loquutus
962 2449 1021 2512 est,
1050 2440 1171 2519 propius
1201 2441 1239 2502 ad

71 2517 199 2578 ludaeos
220 2517 229 2576 i
252 2537 301 2576 sos
320 2517 443 2577 aceedit.
474 2519 548 2578 Nam
562 2537 650 2595 quum
663 2517 720 2576 illis
734 2513 837 2592 diebus
850 2515 1016 2576 octodecim
1029 2515 1162 2577 homiues
1174 2529 1239 2576 tuc-

69 2591 109 2651 ris
128 2593 215 2652 ruina
227 2538 367 2654 flierosol
388 2613 487 2655 maso
510 2593 603 2674 pressi
621 2604 727 2669 essent,
745 2601 836 2686 negat
847 2611 898 2652 eos
910 2590 997 2651 fuisse
1009 2592 1239 2670 scelestissimos,

68 2667 120 2728 sed
141 2669 172 2728 in
195 2690 298 2730 eorum
313 2615 396 2732 clade
411 2615 546 2738 omuibus
559 2690 614 2752 pro
639 2671 740 2731 ositam
752 2669 840 2730 fusse
849 2669 1000 2728 materiam
1011 2669 1148 2728 terroris:
1170 2669 1239 2747 quia

68 2746 146 2804 siin
167 2746 224 2806 illis
244 2747 345 2813 iudicii
362 2747 406 2808 sui
426 2747 575 2828 specimen
596 2692 635 2806 ed

68 2834 186 2904 tempus
199 2823 376 2898 tolerentur,
393 2824 454 2884 eius
465 2845 580 2884 manum
596 2823 751 2906 effugient
779 2825 849 2884 Non
883 2820 1003 2882 cohibet
1016 2824 1133 2912 quidem
1147 2819 1238 2882 Cbri-

67 2911 139 2970 stus,
159 2899 232 2978 quin
252 2901 356 2960 attenti
375 2899 435 2960 sint
453 2901 556 2962 fideles
574 2899 611 2960 ad
631 2899 845 2961 consideranda
897 2898 925 2958 ei
944 2898 1066 2988 inplicta,
1085 2900 1137 2959 sed
1157 2899 1236 2961 bunc

69 2977 205 3036 ordinem
225 2977 387 3039 tenendum
407 2977 591 3056 praescribit,
613 2991 646 3038 ut
661 2997 676 3038 a
690 2978 747 3037 suis
759 2975 1048 3068 peccatisiuciprant.
1077 2977 1153 3036 Nam
1167 2976 1236 3038 hinc

68 3065 211 3132 sequetur
231 3053 358 3132 optimus
378 3055 545 3134 profectus,
571 3066 604 3114 ut
651 3065 821 3114 raevemant
846 3051 963 3144 flagella
986 3051 1046 3112 Dei
1069 3053 1236 3114 uoluntaria

89 3129 266 3190 oeuitentia.
305 3130 376 3203 Quo
398 3131 486 3192 etiarn
504 3131 601 3191 tendit
620 3077 669 3192 iila
682 3129 766 3190 Pauli
786 3128 960 3203 admonitio,
978 3129 1024 3190 Ne
1038 3129 1102 3209 quis
1113 3149 1165 3192 vos
1173 3129 1235 3190 'fal-

66 3151 113 3340 ¹iat
130 3207 270 3342 iqaquus
289 3207 399 3347 gerbis:
420 3229 488 3268 nam
507 3220 634 3290 propter
652 3209 725 3268 baec
744 3207 827 3270 venit
844 3205 888 3266 ira
898 3205 959 3266 Dei
978 3208 1114 3270 adversus
1134 3207 1234 3270 rebel-

79 3303 108 3342 es
216 3327 224 3342 .
312 3327 346 3342 ..

128 3287 194 3424 <ti-p
211 3283 336 3420 Diietai
359 3373 386 3419 et
408 3356 484 3420 buno
505 3359 727 3420 similitudinem.
778 3359 898 3420 Summa
922 3359 979 3421 buc
1003 3359 1096 3436 redit,
1124 3357 1235 3422 multos

66 3437 103 3495 ad
124 3447 239 3516 ternpus
259 3435 397 3510 tolerari,
423 3438 474 3516 qui
500 3437 583 3520 digni
608 3449 706 3498 essent
731 3437 859 3499 excidio:
884 3436 958 3497 nibil
976 3449 1077 3498 tamen
1097 3457 1130 3496 ex
1149 3457 1234 3498 mora

66 3513 253 3588 lucrifacere,
272 3512 296 3572 si
316 3513 347 3571 in
368 3516 551 3574 contumacia
570 3535 620 3575 sua
641 3525 775 3595 pergant.
814 3513 890 3573 Nam
909 3513 978 3574 binc
991 3535 1081 3594 prava
1093 3513 1233 3586 adulatio,

67 3611 124 3668 qua
143 3610 176 3650 se
195 3590 336 3650 indurant
355 3589 528 3670 hypocritae
550 3604 580 3652 et
599 3590 808 3652 obstinatiores
826 3590 1000 3664 redduntur,
1011 3589 1235 3724 lquiamalasua

66 3667 124 3726 uisi
144 3667 242 3728 coacti
263 3685 326 3726 nou
345 3677 493 3746 reputant,
512 3668 650 3748 ideoque,
690 3666 842 3746 uantisper
861 3667 1001 3727 connivet
1043 3687 1093 3728 eus
1110 3685 1173 3724 suas
1196 3682 1258 3744 ue,

67 3743 277 3824 castigationes
297 3763 343 3802 sus
367 3743 462 3818 cudit,
489 3743 545 3804 sibi
573 3765 638 3804 curn
663 3689 716 3804 tito
743 3743 820 3804 bene
841 3743 1002 3804 convenire
1022 3743 1148 3822 fingunt.
1176 3685 1234 3800 tita

66 3822 196 3880 securius
207 3819 265 3879 sibi
275 3765 442 3900 indulgent,
463 3821 545 3900 quasi
586 3832 681 3882 actum
703 3821 831 3882 babeant
850 3841 916 3879 curu
935 3829 1031 3878 morte
1044 3828 1114 3877 etse
1137 3815 1234 3892 ulcro,

67 3907 101 3956 ut
125 3897 198 3957 dicit
222 3896 328 3956 lessius
353 3899 428 3976 (ts,
448 3898 525 3975 fb).
564 3843 644 3958 ideo
667 3911 727 3958 tam
750 3897 942 3958 vehementer
966 3895 997 3954 in
1021 3893 1101 3974 ipsos
1151 3893 1233 3954 aulus

66 3973 217 4034 iurebitur
236 3975 273 4034 ad
292 3973 445 4033 Romanos
464 3995 495 4034 ca
520 3979 569 4048 .2‚
587 3981 627 4050 5.,
647 3975 715 4055 quia
734 3975 806 4036 iram
826 3973 885 4034 Dei
903 3971 960 4032 sibi
979 3969 1232 4031 accumulamus.

66 4071 124 4129 que
136 4051 172 4111 ad
186 4051 264 4110 diem
280 4061 448 4110 extremum.
488 3995 720 4127 detonantem,
740 4049 861 4112 arbores
871 4049 1017 4110 interdum
1030 4047 1149 4121 serrari,
1169 4067 1233 4108 nou

66 4127 146 4205 quod
165 4127 255 4186 utiles
274 4149 391 4206 semper
411 4127 537 4188 dominis
557 4127 670 4187 fuerint
688 4149 722 4189 ac
742 4129 925 4201 fructuosae,
951 4123 1003 4185 sed
1029 4123 1097 4204 quia
1116 4123 1233 4185 sedulus

67 4215 96 4263 et
116 4204 280 4264 industrius
300 4202 431 4340 agricola
451 4203 523 4263 nihil
544 4224 606 4263 non
621 4205 928 4286 experituractentat,
949 4199 1116 4283 priusquam
1131 4222 1235 4284 agrum

63 4292 112 4340 aut
131 4280 252 4340 vineam
272 4301 312 4338 nu
334 4301 383 4340 are
402 4280 483 4340 velit.
522 4281 601 4341 Hinc
621 4294 718 4342 autem
739 4283 889 4354 docemur,
929 4294 998 4338 uum
1008 4278 1154 4339 Dominus
1170 4297 1233 4337 nou
1264 4297 1270 4317 ¹

62 4357 164 4419 rtatim
187 4355 344 4436 improbos
362 4357 527 4434 ulciscitur,
550 4358 604 4419 sed
623 4376 726 4422 eorum
745 4377 857 4440 poenas
877 4301 994 4434 differt,
1021 4355 1163 4438 optimam
1187 4352 1233 4414 illi

634 2747 788 2818 iditDeus,
808 2745 902 2804 nihilo
923 2745 971 2804 alii
991 2745 1092 2828 magis,
1112 2744 1183 2806 licet
1198 2745 1237 2806 ad
1337 2815 1339 2822 y
