2756 4838
646 1 842 56 “e“

192 175 404 294 etati-182
442 173 989 310 AeriaPharisaeorum'reprohatio.)
1133 218 1197 282 235

1043 285 1051 327 Ι

54 385 108 427 esse
125 362 417 437 merumhmninem,
447 364 580 436 sed·Dci·
596 383 715 445 quoque
741 365 893 428 maieetme
911 365 1086 446 praeditum.
1122 367 1198 428 Nam

52 443 124 504 Deus
143 451 292 518 aeternus,
320 439 375 520 qui
389 441 578 504 iureiurando
599 441 655 504 sibi
675 443 725 501 uni
744 442 803 501 hoc
822 441 964 518 vindicat,
994 455 1028 501 ut
1047 461 1147 504 eorem
1166 465 1198 512 se

54 521 177 598 llcctatur
196 527 284 577 omne
306 537 395 614 genu,
415 517 499 576 sim'ul
519 517 605 577 etiam
625 518 717 593 iurat,
737 515 769 579 se
788 518 871 578 alteri
892 515 1016 599 gloriam
1036 539 1116 578 suam
1137 538 1200 578 non

55 598 174 654 daturum
195 594 267 670 (les.
279 599 335 666 tu,
354 595 401 659 23.
422 603 452 654 et
471 600 521 668 tat
538 591 591 673 8.).
636 595 744 675 atqui,
768 606 844 656 teste
863 595 973 670 Panlo,
992 597 1062 655 dum
1082 607 1200 654 erectus

53 673 138 732 estin
155 691 278 752 regnum
291 668 434 742 chrocus,
454 671 551 745 datum
572 671 616 731 illi
634 671 691 741 [uit
711 691 820 734 nomen
841 673 921 751 quod
941 684 986 740 est
1003 695 1036 732 su
1059 693 1092 732 er
1112 691 1201 748 omne

53 769 161 824 nomen,
181 757 324 806 uteorum
337 747 402 826 ipso
417 749 553 822 flectatur
569 768 656 809 omne
674 769 754 830 genu
773 749 874 828 (Rom.
887 755 934 824 111,
945 755 990 813 11.
1011 694 1087 824 Phil.
1098 753 1127 820 2,
1147 749 1200 826 9.).

53 825 140 906 htque
159 818 193 910 ul
212 821 243 881 id
262 843 412 902 nunquam
432 823 562 883 a'Paulo
583 825 691 885 dictum
719 836 811 899 essct,
849 822 890 886 sic
914 837 1013 885 tamen
1032 847 1080 885 res
1100 823 1222 900 habet„

54 901 192 962 Christum
213 899 427 979 itleupraeesse
437 900 544 959 Davisii
565 912 596 961 et
614 901 702 962 sacris
722 902 785 962 aliis
803 901 936 984 regibun·
955 902 1021 980 qnia
1040 923 1127 980 supra
1147 921 1201 960 au-

52 977 126 1058 gelus
146 995 266 1056 quoque
286 976 419 1054 excellit:¹
455 979 535 1056 quod
554 978 755 1040 inhominem
776 992 905 1050 creatum
924 999 985 1038 non
1008 988 1201 1057 competeret,

52 1053 101 1112 nisi
119 1053 195 1113 idem
216 1073 335 1131 quoque
355 1066 432 1113 esset
445 1053 528 1122 Deus
548 1047 578 1112 in
599 1075 686 1114 carne
706 1055 914 1114 manifestatus.
953 1053 1064 1115 Fateor
1084 1054 1228 1134 quidem.

22 1171 29 1180 -
51 1129 92 1188 hic
111 1129 217 1194 diserte
231 1141 269 1187 et
288 1129 324 1188 ad
343 1129 466 1190 verbum
485 1151 547 1188 non
568 1120 690 1210 exprimi
710 1131 836 1192 divinam
862 1132 924 1191 eius
949 1131 1121 1206 essentiam‚¹
1151 1130 1203 1190 sed

51 1205 151 1266 inferre
162 1215 334 1288 promptum
348 1218 401 1281 est,
419 1205 518 1266 Deum
532 1223 603 1286 esse²
625 1208 675 1282 qui
691 1230 778 1287 supra
792 1228 893 1268 ornnes
913 1219 1058 1267 creaturas
1079 1207 1202 1266 locatur.
1297 1217 1299 1222 '

103 1291 180 1363 '44ss
202 1281 295 1340 Dixit
313 1281 459 1364 Dominus
469 1281 606 1343 Domino.
632 1284 690 1344 Hic
711 1280 838 1363 Spiritus
857 1295 973 1344 sanctus
992 1284 1087 1364 praeit
1106 1283 1204 1342 omni-

53 1358 100 1418 bus
117 1359 179 1438 piis·
192 1358 369 1438 triumphale
390 1381 523 1434 carmen,
552 1372 589 1420 ut
604 1359 731 1422 Satanae
751 1373 782 1420 et
801 1359 936 1420 omnihus
955 1359 1053 1439 impiis
1072 1359 1205 1418 animose

54 1436 196 1512 insultent,
218 1455 251 1494 ac
272 1455 374 1496 eortun
394 1437 525 1496 furorem
546 1437 713 1514 derideant,
734 1439 814 1517 quod
836 1434 985 1496 Christum
1004 1435 1167 1495 moliuntur
1186 1455 1204 1496 e

52 1511 120 1571 solio
140 1505 193 1572 sub
212 1509 334 1570 eiicere.
355 1511 455 1594 ‘Ergo
477 1499 674 1572 nelvacittent
692 1513 739 1572 vel
753 1524 955 1594 expavescant,
975 1522 1128 1572 cernentes
1138 1531 1204 1570 rno-

52 1588 105 1646 reri
127 1589 155 1646 in
175 1599 255 1648 terra
276 1587 412 1670 ingentes
432 1600 491 1648 stre
514 1589 586 1663 itus,
612 1589 753 1650 iubentur
772 1611 885 1651 sacrum
905 1599 936 1648 et
951 1587 1127 1648 inviolabile
1146 1587 1205 1647 Dei

52 1665 193 1725 decretum
229 1665 385 1724 contrariis
410 1611 547 1725 omnihus
577 1666 679 1727 studiis
709 1685 874 1747 opponere.
912 1665 1023 1725 Sensus
1049 1685 1122 1747 ergo
1147 1675 1206 1724 est:

51 1739 228 1818 quantumvis
247 1739 396 1804 insaniant
413 1741 565 1816 homines‚.
578 1743 694 1802 irritum
703 1755 802 1804 umen
815 1743 883 1820 sore
897 1741 1035 1822 quicquid
1046 1740 1208 1802 machinari

51 1817 194 1882 audebunt
213 1815 261 1880 ad*
271 1815 506 1880 labefactandum
519 1815 629 1878 Christi
641 1815 775 1900 regnuin,
795 1819 876 1897 quod
886 1839 948 1878 non
961 1818 1112 1878 hominurn
1126 1817 1206 1877 arbi-

50 1893 115 1968 trio,
133 1895 183 1952 scd
205 1892 341 1960 divinitus
362 1907 491 1954 erectum
512 1906 632 1955 aeterna
650 1895 810 1956 stabilitate
831 1895 957 1956 fulcitur.
978 1896 1070 1978 :Ergo
1091 1893 1206 1974 quoties

50 1969 192 2030 violente'r'
210 1970 363 2048 impetitur
381 1971 439 2032 hoc
458 1986 599 2052 regnum,
627 1973 727 2032 veniat
751 1971 838 2032 nobis'
859 1972 889 2030 in
909 1983 1037 2031 mentem
1058 1972 1116 2030 hoc
1134 1989 1207 2046 coe-

51 2045 118 2106 leste
140 2045 307 2108 oraculum..
336 2048 414 2106 Nam
435 2060 515 2108 certe
527 2049 566 2118 ,in
578 2049 688 2110 Christi
706 2069 796 2108 manu
814 2049 949 2128 deposita
970 2047 1026 2113 fuit
1041 2050 1117 2120 'hacc
1156 2067 1208 2118 ro-

50 2124 164 2198 missio,
202 2134 235 2181 ut
257 2141 322 2182 eam
343 2123 452 2204 singuli
476 2124 577 2184 fideles
597 2125 628 2184 in
648 2145 730 2184 suum
750 2123 1086 2196 usumaccommodent
1157 2143 1208 2182 eus

52 2210 142 2258 autem
165 2219 202 2258 ne
225 2197 375 2272 nivarius
397 2211 455 2272 cst,
485 2219 582 2278 neque
602 2199 702 2273 [alliun²
732 2211 765 2258 ut
785 2211 924 2260 retractet
944 2201 1023 2277 quod
1044 2197 1208 2256 semel-ore

51 2297 101 2334 sno
122 2219 272 2355 protulit*
287 2275 391 2334 ¹Porro
412 2277 499 2333 scano
519 2275 561 2334 act
577 2273 744 2348 dexterum,
768 2275 970 2354 metaphorice
990 2275 1133 2352 accipitur
1151 2291 1208 2352 pro

49 2348 246 2417 secundmvtss
259 2348 400 2426 ιμοιίωο
420 2351 524 2430 gradu,
545 2373 632 2430 quem
646 2351 706 2412 Dei
722 2352 852 2421 vicarius
866 2372 940 2410 occu
962 2361 1000 2408 at
1021 2350 1123 2424 Quare
1142 2360 1209 2413 ran-

49 2429 169 2486 tnndem
187 2425 268 2492 palet
288 2445 321 2502 ac
341 2443 484 2499 summum
503 2424 658 2507 imperium
684 2439 715 2486 et
732 2427 897 2508 potentipnr
918 2371 1054 2491 ohtincre
1073 2425 1133 2484 Dei
1152 2443 1211 2482 no-

47 2506 141 2562 mine:
170 2499 256 2560 sicuti
276 2500 374 2558 Deum
393 2501 548 2592 unigenito
567 2501 647 2563 'Fili'o
667 2521 732 2561 suas
753 2509 856 2582 partes'
868 2503 1018 2560 mandasse
1038 2499 1158 2574 scimus,
1177 2507 1212 2558 ht

70 2596 102 2640 cr
123 2578 186 2638 eius
205 2594 324 2642 manum
347 2577 510 2641 Ecclesiam
535 2585 615 2638 suam
639 2579 811 2660 gubernet·
853 2580 957 2655 Itaque
984 2579 1054 2636 baec
1075 2573 1210 2666 loquutio

49 2601 147 2715 locum
167 2654 289 2728 minime
309 2653 460 2733 designat,
497 2657 550 2734 sed
577 2659 674 2736 potius¹
700 2655 815 2736 coelum
837 2667 867 2734 et
885 2667 993 2714 terram
1014 2652 1137 2734 includit
1155 2650 1210 2716 sub

52 2731 162 2791 Christi
182 2729 317 2810 imperio.
358 2730 511 2790 Sessurum
531 2752 603 2792 vero
625 2730 773 2793 Christum
793 2723 874 2792 Deus
900 2726 1089 2810 pronuntiat,
1115 2728 1211 2787 donec

73 2808 191 2869 rostrati
210 2805 321 2866 luerint
340 2807 401 2866 eius
421 2808 543 2882 inimici,
563 2821 596 2868 ut
614 2809 736 2869 'sciamus
756 2809 896 2868 invictum
909 2808 975 2868 lore
988 2807 1212 2884 etinexpugna-

52 2831 110 2945 litte
131 2887 198 2946 eius
210 2903 348 2964 regnum:
369 2905 432 2943 non
445 2886 524 2963 quod
535 2881 663 2946 subactis
678 2885 812 2946 hostibus
832 2885 989 2964 privandus
1008 2883 1046 2942 sit
1065 2890 1213 2962 potestate
1279 2895 1284 2908 ¹

52 2962 106 3020 sihi
127 2965 205 3036 data,
225 2960 278 3020 sed
297 2959 364 3039 quia
386 2961 558 3022 cadentibus
579 2963 710 3022 omnium
730 2963 857 3022 hostium
876 2959 988 3032 turbis,
1008 2960 1125 3041 integer
1143 2975 1213 3036 pcr-

53 3050 141 3116 pntuo
160 3037 260 3098 stabit
286 3037 438 3097 vinterea
457 3049 594 3114 notatur,
652 3061 709 3099 uae
733 3039 822 3099 hodie
847 3037 1023 3118 perspicitur
1045 3033 1132 3116 regni
1150 3032 1213 3094 eiut

56 3115 199 3198 conditi03
219 3133 258 3175 ne
277 3113 433 3204 molestum
452 3115 539 3176 nobis
557 3117 606 3192 sit,
624 3061 677 3176 elsi
695 3116 825 3178 ridemus
845 3115 977 3192 undique
996 3111 1138 3174 infestari.
1270 3127 1274 3143 “

190 3205 196 3244 l
339 3227 343 3250 ι

153 3314 267 3398 ’(179,),
303 3303 474 3380 ΜΑΤἸῊ.
490 3299 616 3406 ‚xiim
683 3314 712 3380 1.
754 3313 976 3400 Tuncj'lesus·
992 3311 1146 3402 loquutus
1168 3316 1217 3377 est

59 3416 97 3482 ud
119 3418 288 3484 turbaret
306 3416 347 3510 ad
370 3413 548 3512 discipulos
567 3437 661 3496 suos,
691 3419 722 3482 2.
744 3413 881 3496 Dicens,
913 3418 950 3481 ln
972 3415 1124 3482 cathedra
1144 3415 1218 3481 Mo·

56 3523 96 3584 sis
121 3521 238 3598 sedent
258 3519 392 3586 Scribae
421 3531 453 3585 et
480 3507 658 3613 Pharisaei:
700 3524 741 3584 3:
761 3507 880 3586 Omnia
903 3535 980 3610 ergo
1003 3515 1216 3606 quaecunque

55 3609 396 3711 praeceperiut'vobis
418 3645 562 3706 seruare,
587 3633 713 3692 servate
735 3631 768 3688 et
789 3622 899 3689 facite:
930 3619 1108 3687 secundum
1134 3639 1214 3682 vero
1281 3703 1284 3710 .

57 3745 155 3811 opera
177 3747 290 3792 uorum
303 3725 543 3794 nolitetacere:
564 3727 782 3802 dicuntenim,
795 3736 915 3792 ,ernon
929 3725 1059 3790 iaciunt.
1084 3723 1116 3786 «b
1135 3720 1218 3808 Nam

58 3829 211 3916 colligant
239 3847 339 3897 onera
368 3833 475 3916 gravia
502 3843 535 3897 et
563 3828 711 3920 difficilia
741 3839 885 3914 portatu,
928 3831 1161 3914 imponuntque
1182 3826 1218 3889 in

56 3931 206 4003 humeros
227 3933 408 4003 horninurn:
449 3919 549 4022 digito
572 3945 678 4000 autem
706 3922 766 3998 suo
795 3955 834 3998 ea
851 3932 979 4008 ,nolunt
1004 3941 1145 4016 tangere.
1188 3926 1217 3995 5.

57 4031 177 4110 Omnia
198 4039 280 4102 viro
303 4055 405 4124 opera
426 4056 484 4101 ma
504 4035 641 4114 iaciunt,
682 4045 717 4102 ut
740 4045 926 4126 spectentur
950 4034 993 4099 ab
1019 4033 1219 4102 huminibus:

59 4135 193 4206 dilatant
222 4151 330 4210 autem
357 4123 560 4230 phylacteria
587 4162 660 4221 sua,
691 4138 733 4204 'et
757 4135 963 4226 magnificant
987 4135 1131 4202 fimbrias
1152 4131 1220 4224 pal-

59 4231 176 4314 liorum
198 4231 346 4326 suorum,
385 4247 414 4310 6.
444 4245 627 4330 Antonique
648 4245 770 4332 primos
792 4237 955 4324 accubitus
976 4241 1012 4309 in
1032 4243 1159 4320 ononis,
1188 4247 1221 4311 et

61 4347 373 4431 primasenthedrus
392 4349 435 4418 in·
447 4353 634 4438 synagogis,
670 4351 699 4416 ’1.
726 4346 767 4414 Et
787 4343 998 4416 salutationes
1018 4347 1052 4414 in
1073 4344 1163 4423 iuro,
1189 4347 1222 4409 ct
