2764 4854
150 190 209 255 ³⁹⁰
291 181 407 245 SECT.
426 174 490 242 XX.
530 195 661 242 cumsrr
682 193 908 242 nusnunncrro
931 193 972 238 er
993 185 1173 240 usurusro:

230 336 336 398 Mattb.
353 341 383 402 2.
419 331 461 394 Fa
483 355 547 397 ecoe
569 348 664 396 maroe
688 346 791 394 matus.
830 330 969 393 Pluribus
995 329 1087 416 signis
1111 329 1231 414 gloriae
1249 352 1316 392 snae

65 473 69 478 .
141 413 350 496 ,praesentiam
376 414 506 474 ostendit
523 411 687 484 Dominus,
706 422 740 470 ut
759 411 798 472 ad
821 408 1017 470 reverentiam
1043 408 1151 469 melius
1176 407 1319 469 lor-maret

156 495 321 551 sanctarum
340 490 495 550 mulierum
516 489 615 550 corda.
654 489 728 556 Nam
749 487 817 567 quia
836 506 883 548 res
902 505 966 546 uon
985 484 1057 546 levis
1076 486 1227 545 momenti
1246 497 1319 560 erat,

156 568 246 640 scire,
264 578 378 646 partam
398 584 460 627 esse
479 587 494 626 a
514 565 592 626 Filio
612 564 671 624 Dei
691 566 729 624 de
747 576 845 624 morte
863 562 1018 624 victoriam
1042 563 1089 641 (iu
1112 582 1176 642 qno
1196 563 1318 622 vertitur

157 643 257 704 salutis
276 654 396 702 nostrae
414 644 540 719 summa)
581 641 735 722 scrupulos
762 659 866 700 omnes
891 638 976 700 eximi
997 639 1150 719 oportuit,
1170 649 1205 698 ut
1225 639 1319 699 dirina
1367 701 1368 720 ,

156 719 399 799 maiestaspalam
412 731 443 780 et
454 741 515 780 non
528 686 652 780 obscure
666 718 779 778 illarum
800 716 893 778 oculis
902 736 932 776 se
944 715 1078 777 offerret
1103 715 1239 775 Facem
1251 737 1319 807 ergo

155 811 251 858 terroe
268 811 375 856 emtum
392 795 465 856 dicit
481 797 663 871 Matthaeus,
681 794 712 854 in
733 815 792 874 quo
812 791 956 855 sensibilis
980 805 1045 853 erat
1065 791 1117 852 illa
1147 813 1240 872 quam
1266 793 1318 852 dni

157 873 292 934 coelestis
311 872 453 954 potentia.
490 874 590 952 Atque
610 870 668 932 boc
687 881 829 951 portento
850 868 986 930 mulieres
1006 869 1210 950 expergefieri
1231 889 1321 949 opor-

102 993 111 1012 .
156 949 228 1024 tuit,
256 959 289 1010 ut
307 949 381 1012 nuit
400 949 458 1009 iam
476 948 634 1009 bumannm
661 947 709 1008 vel
736 957 875 1008 terrestre
900 945 1114 1027 conciperent,
1134 945 1192 1006 sed
1211 959 1321 1006 mentes

157 1045 222 1086 suas
243 1025 419 1086 extollerent
437 1026 473 1085 ad
493 1047 603 1086 norum
628 1037 659 1085 et
677 1023 797 1084 minime
817 1034 1013 1102 exspectatum
1023 1021 1084 1082 Dei
1104 1043 1125 1082 o
1149 1044 1196 1082 us.
1216 1024 1256 1082 ln
1269 1045 1318 1086 an-

180 1101 217 1162 eli
258 1122 357 1182 noque
375 1103 483 1164 vestitu
502 1113 534 1162 et
552 1101 657 1176 forma,
698 1100 761 1160 uasi
780 1119 835 1180 per
854 1098 962 1173 radios,
981 1099 1109 1161 Deitatis
1126 1043 1239 1192 lulgur
1262 1121 1320 1159 sese

152 1122 298 1238 {isiodus
312 1191 345 1241 ut
353 1177 508 1256 sentirent,
525 1198 589 1238 non
609 1198 671 1239 esse
713 1175 841 1237 ominem
860 1175 1030 1250 mortalem,
1049 1175 1102 1312 gui
1124 1176 1207 1236 lacre
1227 1176 1318 1236 bomi-

157 1255 204 1315 nis
229 1255 347 1315 indutus
370 1275 467 1336 prope
492 1253 613 1316 astabat
651 1255 715 1319 Etsi
735 1253 813 1312 enim
822 1253 859 1314 ad
869 1253 1038 1312 immensam
1081 1251 1109 1311 ei
1130 1252 1264 1334 gloriam
1280 1253 1321 1312 ni-

157 1330 200 1391 hil
219 1331 267 1391 vel
292 1329 366 1392 lucis
386 1333 567 1404 coruscatio,
591 1331 638 1392 vel
659 1330 733 1392 nivis
754 1329 881 1405 candor,
948 1328 978 1388 in
1004 1329 1111 1402 etiam,
1131 1331 1158 1389 si
1180 1350 1252 1390 eam
1270 1330 1322 1388 rite

158 1427 342 1490 cognoscere
362 1408 503 1488 cupimus,
523 1405 619 1468 nullus
639 1407 793 1488 lingendus
816 1417 862 1465 est
879 1425 915 1466 co
930 1426 977 1465 or:
999 1407 1128 1466 externis
1149 1418 1255 1466 tamen
1271 1427 1322 1466 no-

157 1483 196 1544 tis
209 1504 240 1544 se
255 1485 455 1576 propinquum
476 1505 539 1546 esse
558 1484 732 1559 admonens,
751 1501 807 1562 pro
828 1481 1003 1542 infirmitatis
1023 1491 1147 1544 nostrae
1169 1493 1261 1564 captu
1274 1504 1322 1542 nos

159 1561 198 1620 ad
217 1560 380 1620 reinvitat
419 1561 547 1622 Tantum
567 1560 718 1621 sciendum
738 1571 791 1632 est,
811 1557 934 1620 visibilia
954 1561 1144 1638 praesentiae
1165 1562 1232 1620 eius
1245 1560 1321 1642 signa

158 1637 247 1696 uobis
268 1636 383 1713 offerri,
402 1649 436 1697 ut
454 1659 520 1698 eum
540 1635 718 1698 invisibilem
737 1644 851 1695 meotes
870 1647 989 1696 nostrae
1008 1637 1257 1726 apprehendant:
1274 1636 1321 1696 sub

158 1713 312 1805 corporeis
332 1713 435 1774 sormis
454 1726 570 1796 gustum
591 1713 678 1773 nobis
699 1710 836 1792 praeberi
854 1711 1010 1791 spiritualis
1031 1733 1095 1772 erus
1116 1715 1276 1789 essentiae,
1292 1725 1323 1772 ut

157 1789 348 1869 spiritualiter
366 1811 429 1850 eam
452 1807 632 1870 quaeramus.
670 1791 789 1849 Interea
809 1807 872 1860 nou
893 1788 1013 1848 dubium
1027 1799 1084 1864 est,
1103 1790 1180 1868 quin
1202 1791 1321 1851 externis

157 1863 298 1946 symbolis
316 1865 475 1926 coniuncta
495 1867 584 1926 luerit
602 1865 728 1926 interior
748 1865 890 1945 quaedam
907 1864 1050 1940 efficacia,
1071 1886 1153 1945 quae
1170 1867 1320 1927 mulierum

159 1940 299 2000 cordibus
310 1941 441 2003 Deitatis
454 1962 570 2014 sensum
588 1941 778 2022 insculperet.
817 1942 891 2000 Nam
911 1941 1074 2012 etsiiuitio
1097 1943 1320 2025 obstupefactae

158 2027 235 2089 sunt,
256 2013 371 2097 patebit
387 2029 488 2078 tamen
508 2039 542 2079 ex
562 2029 712 2094 contestu,
732 2016 864 2078 collectis
884 2017 985 2078 animis
1004 2018 1158 2099 gradatim
1177 2022 1218 2080 ita
1236 2021 1319 2080 luisse

118 2123 120 2131 r
159 2093 279 2154 edoctas
309 2106 342 2153 ut
358 2105 544 2175 praesentem
554 2094 614 2156 Dei
633 2115 753 2154 manum
770 2093 925 2156 sentirent„
965 2095 1133 2156 Caeterum
1153 2107 1211 2162 tres
1227 2095 1318 2156 nostri

156 2135 365 2254 Evangelistae
384 2163 453 2230 dom
473 2171 651 2252 compendio
671 2171 800 2246 student,
817 2181 1011 2250 praetereunt
1023 2173 1115 2307 (guod
1139 2174 1224 2234 iusim
1237 2194 1253 2232 a
1265 2172 1314 2232 lo-

159 2265 236 2306 anne
257 2258 392 2308 narratur
412 2269 445 2308 ca
468 2247 509 2308 ite
527 2255 576 2314 20.
597 2269 629 2308 us
654 2267 689 2308 ue
701 2247 863 2308 adversum
883 2253 940 2323 12,
960 2269 1020 2328 quo
1062 2250 1175 2310 scimus
1193 2251 1247 2310 illis
1257 2269 1315 2307 nou

159 2342 222 2383 esse
241 2322 401 2384 insolitum.
472 2345 508 2385 oc
529 2323 615 2384 etiam
632 2268 781 2385 liversum
802 2334 861 2402 est,
885 2325 966 2404 quod
987 2326 1067 2406 apud
1086 2326 1272 2388 Mattbaeum
1291 2337 1318 2384 et

69 2415 71 2420 ‘
158 2397 290 2459 Marcum
316 2399 400 2460 unius
425 2411 539 2462 tantum
564 2400 663 2482 angeli
688 2401 722 2458 fit
746 2403 875 2474 mentio,
901 2422 990 2480 quum
1015 2402 1153 2463 loannes
1181 2417 1214 2464 et
1236 2405 1321 2464 Lucas

158 2469 232 2534 duos
251 2487 374 2556 ponant.
412 2477 522 2546 Verum
542 2477 615 2537 haec
634 2497 754 2556 quoque
774 2478 988 2613 repugnantiae
1000 2479 1117 2558 species
1133 2480 1224 2542 facile
1240 2481 1320 2540 dilui-

157 2559 220 2612 turs
240 2551 307 2631 quia
326 2551 431 2614 scimus
452 2573 538 2632 quarn
563 2553 734 2632 frequentes
753 2553 784 2614 in
829 2562 957 2632 criptura
981 2556 1197 2635 synecdochae
1222 2558 1319 2638 passim

158 2639 324 2688 occurrant
364 2627 527 2708 Conspecti
546 2649 619 2766 ergo
640 2628 761 2689 suerunt
776 2630 836 2690 duo
856 2630 964 2766 angeli,
983 2630 1114 2720 primunr
1125 2633 1255 2706 Mariae,
1274 2635 1319 2694 de-

907 2707 1037 2786 oquendr
1057 2721 1162 2788 partes
1181 2711 1320 2783 sustinuit,

158 2703 228 2764 iude
249 2704 312 2766 aliis
333 2705 499 2766 comitibus.
540 2705 580 2766 Se
641 2707 688 2765 uia
708 2705 799 2779 alter,
825 2705 875 2785 qui

157 2781 376 2915 praecipuead
396 2803 427 2873 ‚⁸²
447 2781 597 2842 conreitit
615 2727 730 2842 illamm
749 2792 877 2857 mentes,
903 2783 1056 2874 Matthaeo
1078 2796 1108 2844 et
1131 2787 1241 2848 Marco
1261 2789 1320 2848 satis

172 2869 215 2916 nrt
233 2877 295 2920 ems
314 2857 495 3011 lem
514 2858 635 2918 reterre.
673 2857 758 2920 Adde
779 2857 861 2938 quod
879 2859 931 2922 ubi
944 2859 1016 2920 diest
1033 2861 1223 2940 Matthaeus,
1239 2887 1320 2940 mge-

156 2932 217 2994 lum
241 2955 329 3010 crapas·
411 2937 419 2954 '
503 2933 623 3011 sedisse,
650 2934 681 2994 in
701 2933 746 2994 bis
770 2934 867 2995 verbis
893 2947 938 2996 est
961 2943 1079 3016 ὕστερον
1095 2945 1257 3022 uprirrpor:
1279 2942 1320 3000 rel

157 3011 260 3072 saltem
281 3011 416 3092 neglecta
438 3020 482 3072 est
500 3011 642 3086 historiae
661 3010 762 3086 series,
782 3012 931 3090 quianon
951 3015 1088 3093 protinus
1109 3021 1254 3096 apparuit
1271 3040 1317 3077 an-

157 3087 251 3177 gelus,
269 3086 321 3146 sed
341 3108 429 3166 quum
449 3107 601 3167 suspensas
622 3087 768 3166 etanxias
789 3087 928 3148 mulieres
946 3089 990 3150 rei
1010 3090 1131 3152 novitas
1152 3106 1187 3154 et
1201 3097 1319 3155 admira·

157 3173 347 3222 tso-teneret.
393 3218 397 3227 .

189 3279 197 3329 .'
233 3246 261 3302 4.
299 3239 379 3331 Ptpe
400 3242 504 3300 stam
527 3243 657 3302 moeso
680 3254 748 3300 sunt
771 3238 908 3302 comedes.
947 3240 1071 3302 Terruit
1097 3247 1240 3307 custodes
1259 3247 1321 3307 Do-

157 3335 268 3390 minus,
295 3337 354 3376 acsr
374 3315 533 3390 cauterium
553 3316 736 3397 imprimeret
755 3338 859 3379 eorum
879 3317 1087 3393 conscientiis,
1108 3323 1196 3400 quod
1217 3323 1322 3384 inritos

157 3405 281 3475 cogeret
300 3391 427 3454 divinam
449 3394 510 3454 eius
530 3394 668 3455 virtutem
688 3394 814 3454 sentire:
833 3395 934 3454 saltem
945 3393 1096 3474 bucusque
1108 3397 1205 3458 valuit
1218 3412 1323 3469 terror,

156 3489 196 3529 ne
214 3487 317 3530 secure
338 3469 501 3544 eluderent,
522 3491 596 3550 quae
618 3490 685 3528 mou
706 3471 742 3530 de
762 3471 978 3542 resurrectione
1002 3493 1110 3554 sparge
1136 3475 1173 3534 da
1197 3490 1262 3536 erat
1280 3477 1322 3535 la-

80 3609 81 3614 ,
156 3565 212 3606 ma.
250 3546 325 3625 Mam
345 3547 399 3607 etsi
419 3546 534 3627 linguas
554 3546 671 3606 venales
692 3547 870 3626 prostituere
893 3548 971 3628 ipsos
992 3569 1055 3607 uon
1099 3495 1206 3626 uiuit,
1225 3553 1320 3612 coacti

155 3632 224 3684 sunt
242 3633 352 3698 tamen,
370 3622 480 3684 vellent
498 3623 624 3697 nollent,
644 3621 722 3682 intus
742 3643 904 3708 agnoscere
916 3624 1023 3704 quoda
1047 3571 1096 3684 orl
1105 3625 1243 3688 homines
1262 3629 1320 3686 im-

178 3700 252 3759 robe
272 3699 430 3780 negabant
467 3699 532 3759 Nec
551 3719 623 3761 vero
644 3698 765 3762 dubium
786 3711 830 3759 est
870 3700 934 3774 oin,
953 3699 1005 3759 ubi
1026 3645 1154 3762 liberior
1176 3707 1320 3785 loquendi

155 3719 277 3836 lacultas
294 3789 375 3852 erat,
399 3797 416 3836 a
437 3775 476 3836 ud
495 3795 563 3836 suos
589 3775 770 3836 familiariter
790 3721 917 3836 coniessi
938 3776 1065 3852 luerint,
1090 3782 1174 3858 quod
1197 3784 1321 3862 pecunia
1367 3839 1368 3848 ,

152 3851 299 3989 redempti
318 3873 381 3913 non
399 3797 547 3914 gdebant
564 3851 655 3933 vulgo
675 3852 820 3932 proferre.
848 3856 893 3914 Ac
911 3852 1074 3914 notandum
1096 3867 1142 3916 est
1162 3857 1321 3923 discrimen

57 3985 61 3992 .
154 3927 235 3988 inter
274 3951 323 3990 uas
343 3929 464 3989 terroris
483 3929 606 4008 species,
626 3949 698 4007 quas
716 3929 880 3990 Matthaeus
900 3929 979 3989 inter
997 3951 1029 3999 se
1050 3947 1218 4012 comparat.
1246 3937 1322 3995 Ter-

155 4004 204 4064 riti
230 4005 349 4066 suerunt
372 4005 478 4065 milites
506 4004 612 4065 assueti
631 4005 669 4065 ad
687 4005 843 4082 tumultus,
872 4017 902 4073 et
926 4027 1037 4086 pavore
1060 4007 1100 4067 ita
1130 4009 1270 4091 absorpti
1294 4025 1324 4069 ut

152 4090 292 4158 tanquam
311 4081 493 4146 semimortui
513 4081 666 4142 caderent:
687 4081 738 4141 sed
762 4095 925 4162 prostratos
945 4083 1024 4144 nulla
1043 4084 1139 4146 virtus
1159 4089 1268 4162 erexit,
1287 4089 1323 4147 si-

154 4155 229 4214 milis
250 4155 305 4216 fnit
323 4157 479 4218 mulierum
499 4179 602 4237 pavor,
618 4158 673 4217 'sed
696 4159 861 4219 consolatio
872 4181 939 4220 mox
951 4172 1074 4238 sequuta
1094 4163 1216 4224 animos
1228 4185 1322 4244 prope

155 4230 287 4290 delectos
307 4233 448 4308 restituit,
475 4245 508 4292 nt
527 4234 627 4294 saltem
653 4234 757 4294 melius
784 4235 894 4315 aliquid
913 4255 1031 4328 sperare
1058 4235 1245 4318 inciperent.
1286 4245 1322 4300 ru

157 4315 237 4366 certe
258 4318 488 4370 cousentaneum
510 4322 568 4387 cst,
588 4322 620 4372 ut
639 4311 806 4392 promiscue
827 4324 884 4374 tam
906 4313 961 4394 ptis
981 4334 1067 4392 quatu
1088 4315 1232 4398 reprobis
1255 4319 1320 4379 bor-
