2768 4834
476 214 610 276 omno
630 231 666 278 m
686 230 813 288 nunna.
1149 227 1206 292 151

71 365 177 424 laneat
203 365 286 448 ignis
315 366 526 450 Purgatorius,
556 335 709 455 frigebupt
728 380 827 448 tamen
846 369 1031 430 sacerdotnm
1051 383 1081 431 et
1099 392 1204 434 mona-

69 441 183 500 tlrorurn
206 443 346 518 culinae,
378 464 500 524 quarum
525 445 557 504 iu
582 447 705 530 gratiam
732 457 817 508 tanto
841 445 930 507 studii
949 446 1056 508 ardore
1076 469 1131 528 pro
1151 449 1204 514 illo
1292 477 1311 531 ῃ

68 530 206 598 pugnant.

27 759 29 774 .
98 715 184 795 (46.)
232 713 410 784 statutt.
430 717 469 782 V.
510 719 563 784 27.
589 717 732 814 Audistis
754 719 843 806 qnod
865 719 985 786 dictum
1006 719 1105 788 fucrit
1126 723 1205 788 anti-

65 819 136 902 quis,
158 818 247 882 Non
264 821 445 883 commines
459 819 659 884 adulterium.
689 819 739 885 28.
764 820 806 885 At
827 841 888 906 ego
902 820 1093 902 dicovobis,
1115 822 1204 910 quod

66 923 256 1006 quicunque
280 922 441 1005 aspexerit
461 919 627 984 mulierem
645 919 685 985 ad
710 923 1003 1008 concupiscendum
1026 945 1110 1001 eam,
1141 927 1204 989 iam

64 1019 260 1083 adulterium
284 1023 442 1086 commisit
464 1043 534 1085 cum
557 1041 596 1087 ea
618 1022 651 1084 in
670 1020 769 1086 corde
791 1045 860 1089 suo.
902 1027 953 1090 29.
974 1021 1105 1109 Quodsi
1127 1045 1205 1091 ocn-

64 1121 209 1187 lustuns
235 1120 349 1190 dexter
375 1118 546 1187 obstaculo
573 1120 632 1186 tibi
660 1121 771 1200 luerit,
802 1144 880 1191 erue
901 1123 1009 1202 illum,
1041 1136 1073 1193 et
1096 1123 1202 1190 abiice

62 1221 113 1286 abs
134 1234 185 1287 te:
228 1221 361 1310 expedit
383 1225 468 1287 euim
489 1221 563 1298 tibi,
589 1232 624 1286 nt
642 1233 755 1307 pereat
775 1242 873 1288 unum
894 1225 1109 1290 membrorum
1131 1235 1204 1291 tuo·

62 1346 141 1400 rum,
170 1345 218 1388 ac
243 1343 313 1388 non
342 1327 444 1388 totum
473 1343 592 1407 corpus
619 1333 707 1388 tuum
735 1325 926 1390 coniiciatur
952 1328 986 1390 iu
1015 1325 1202 1410 gehennam.

63 1425 106 1489 3⁰.
131 1425 175 1490 Et
198 1425 230 1487 si
252 1421 364 1488 deutra
390 1433 444 1486 tua
471 1444 584 1488 manus
609 1423 770 1490 obstiterit
792 1421 865 1499 tibi,
900 1433 1028 1509 amputa
1053 1446 1137 1502 eam,
1168 1426 1203 1492 et

63 1527 183 1608 proiice
210 1523 270 1588 abs
290 1536 339 1590 te:
373 1523 502 1610 expedit
522 1525 608 1590 euim
630 1522 706 1602 tibi,
732 1536 766 1589 ut
788 1535 901 1612 pereat
921 1547 1019 1590 unum
1041 1523 1202 1590 membro-

62 1647 124 1690 rum
145 1637 299 1704 tuorum,
332 1645 370 1690 ac
397 1645 465 1692 non
491 1636 592 1692 totum
624 1643 742 1711 corpur
769 1634 857 1690 tumn
879 1628 1071 1694 coniiciatur
1091 1627 1125 1690 in
1148 1647 1201 1712 ge·

63 1725 210 1792 hennam

132 1891 243 1952 ntatth.
256 1897 304 1956 27.
344 1889 415 1948 Non
434 1892 587 1980 committes
604 1886 786 1978 adumetinus.
825 1887 929 1980 Pergit
940 1887 1076 1980 Christus
1095 1889 1126 1948 iu
1146 1909 1197 1951 sua

64 1967 273 2048 disputatione,
294 1965 446 2046 quodLea
458 1965 515 2025 Der
537 1986 598 2024 uon
619 1977 657 2024 srt
676 1976 788 2024 tantum
808 1965 932 2046 politico
943 1965 1033 2026 modu
1047 1975 1124 2026 vitae
1135 1989 1197 2027 ma-

61 2046 147 2126 gistra
169 2044 207 2103 ad
229 2043 402 2102 [unnandos
422 2055 557 2102 externos
576 2061 684 2115 rnores,
704 2041 755 2114 sed
775 2061 996 2132 purosquoquc
1017 2054 1047 2102 et
1065 2043 1199 2134 integros

62 2123 155 2182 cordis
176 2119 304 2180 allectus
325 2119 464 2199 requirat.
503 2119 680 2178 Tenendum
696 2138 770 2180 reru
789 2138 930 2178 memoria
951 2130 995 2178 est
1015 2120 1096 2197 quod
1116 2141 1198 2200 prius
1241 2154 1248 2169 ι

61 2199 178 2272 monui,
196 2198 344 2277 'quamvis
364 2196 474 2258 reserat
495 2195 628 2255 Christus
648 2195 737 2286 Legis
762 2193 869 2271 rerba,
898 2215 1024 2254 crassum
1049 2207 1147 2256 umen
1168 2208 1199 2256 et

61 2274 257 2350 adulterinum
277 2295 411 2347 sensum,
440 2269 526 2353 quem
546 2271 656 2332 sinistri
676 2282 854 2351 anterpretes
880 2270 1069 2345 induxerant,
1101 2272 1137 2331 ab
1160 2292 1196 2332 eo
1290 2327 1301 2338 ,

61 2352 248 2432 reprebendi.
289 2353 352 2410 Iam
372 2349 450 2410 enirn
470 2349 532 2440 ipse
558 2347 707 2428 praelatus
727 2359 786 2420 est,
814 2368 846 2408 se
871 2367 933 2405 non
954 2346 1068 2407 reuicse
1087 2368 1196 2408 norum
1252 2419 1254 2424 .

61 2427 285 2510 legislatorem,
306 2427 359 2487 sed
379 2425 467 2486 fidum
483 2436 676 2503 interpretem
691 2422 781 2504 Legis
800 2421 891 2482 semel
912 2423 1005 2482 datae.
1046 2423 1124 2496 Quia
1144 2447 1196 2483 an-

62 2518 115 2566 tem
136 2505 232 2566 obiici
253 2514 383 2586 poterat,
402 2502 495 2585 longo
516 2522 569 2561 usu
590 2501 767 2560 inveterasse
788 2497 858 2557 illud
871 2507 1079 2571 commentum,
1099 2500 1196 2558 nomi.

62 2583 147 2643 uatim
167 2582 200 2642 id
220 2582 332 2641 latetur
353 2579 495 2641 Christus.
535 2576 596 2638 Sed
615 2577 673 2634 huc
692 2574 783 2634 modo
804 2573 963 2654 anticipat,
983 2573 1202 2652 praeiudicium

62 2679 92 2719 cr
110 2658 222 2720 erroris
242 2668 388 2718 vetustate
408 2676 470 2716 non
490 2653 601 2714 dehere
622 2651 695 2712 lieri.

132 2741 182 2802 28.
278 2737 453 2809 'nepem
470 2731 625 2792 nuum
647 2725 832 2788 'Consilium
854 2723 965 2784 Christi
985 2735 1030 2784 est
1047 2725 1196 2807 generali-

62 2823 105 2872 ter
124 2811 221 2874 carnis
253 2811 397 2870 ibidinem
418 2810 564 2869 damnare.
603 2804 686 2866 Dicit
705 2803 810 2885 igitur,
842 2801 992 2862 adulteros
1012 2821 1076 2862 esse
1096 2822 1196 2862 coram

62 2888 144 2964 lleo,
176 2909 240 2948 uon
261 2885 447 2966 tantumqui
467 2883 576 2945 alienas
596 2902 701 2942 uxores
723 2877 924 2960 corruperint,
950 2879 1002 2938 sed
1023 2877 1196 2958 quioculos

62 2966 222 3043 polluerint
248 2965 399 3044 impudico
426 2973 555 3042 aspectu.
599 2961 653 3020 Est
683 2969 780 3017 autem
809 2953 1024 3044 synecdoclrica
1049 2954 1195 3035 loquutid,

64 3043 125 3119 quia
146 3043 284 3104 homines
306 3039 443 3100 adulterii
462 3058 529 3098 reos
550 3037 662 3096 iaciunt
681 3053 743 3094 nou
760 3045 871 3092 tantum
892 3032 987 3105 ocula,
1012 3032 1064 3091 sed
1085 3051 1195 3094 coccae

61 3121 145 3178 etiarn
166 3119 265 3180 cordis
286 3118 426 3178 ustiones.
465 3115 538 3174 Ideo
559 3111 667 3172 Paulus
687 3110 726 3187 (Ι.
748 3108 819 3170 Cor.
840 3115 874 3182 7,
893 3109 957 3185 34.)
980 3107 1143 3168 castitatem
1163 3109 1195 3168 in

62 3216 188 3276 torpore
208 3207 240 3256 et
258 3194 365 3274 spiritu
386 3191 547 3252 coustituit.
573 3188 730 3248 Caeterum
749 3186 818 3246 satis
838 3183 941 3244 habuit
952 3181 1097 3259 Christus,
1116 3205 1194 3248 cras-

60 3295 118 3330 sum
144 3284 346 3332 commentum
371 3269 452 3348 qnod
481 3267 650 3328 obtinuerat
682 3263 836 3338 refellere,
866 3261 933 3340 quia
959 3259 1102 3340 putabant
1132 3281 1194 3322 non

62 3349 113 3408 nisi
143 3349 181 3409 ab
213 3361 337 3409 externo
363 3345 508 3405 adulterio
534 3341 706 3402 cavendum.
751 3339 831 3414 Quia
857 3349 955 3396 tamen
980 3349 1013 3396 ut
1038 3337 1194 3417 plurimum

61 3425 134 3485 oculi
160 3425 274 3486 animos
299 3423 358 3484 suis
376 3420 537 3482 lenociniis
561 3417 736 3489 sollicitant,
768 3426 798 3474 et
827 3413 920 3473 libido
941 3413 1023 3492 qnasi
1047 3435 1102 3494 per
1126 3415 1194 3475 istas

62 3504 137 3562 lorea
158 3513 308 3582 penetrat,
327 3501 381 3560 laac
401 3497 541 3577 loquendi
563 3495 656 3555 forma
676 3513 744 3551 usus
765 3501 809 3551 est
829 3489 976 3560 Christus,
1017 3513 1085 3550 num
1104 3490 1195 3552 vellet

62 3579 326 3660 concupiscentiam
348 3578 499 3636 damnare:
519 3573 607 3652 idque
628 3592 661 3630 ex
681 3567 774 3629 verbo
793 3569 946 3642 connaprlrc
1031 3567 1117 3627 facile
1137 3565 1192 3634 elif

61 3658 141 3717 citur.
182 3657 256 3732 Quo
277 3654 365 3714 etiam
390 3654 546 3724 docemur,
576 3648 725 3708 adulteros
751 3644 864 3704 censeri
892 3664 991 3703 coram
1016 3643 1102 3716 Deo,
1129 3662 1192 3701 non

61 3746 169 3794 tannim
190 3733 241 3824 qui
264 3733 320 3791 lixo
343 3750 487 3790 consensu
506 3725 717 3787 scortationem
745 3720 899 3782 inanimis
921 3720 1110 3799 concipiunt,
1141 3715 1193 3777 sed

63 3812 107 3890 qui
128 3814 292 3872 admittunt
311 3807 425 3887 quasvis
445 3803 631 3886 punctiones.
676 3801 776 3880 Quare
803 3797 888 3858 nimis
914 3816 1006 3856 crassa
1028 3806 1072 3854 est
1094 3804 1124 3852 et
1141 3814 1191 3852 su-

63 3889 123 3968 pina
142 3887 331 3968 Papistarum
351 3881 530 3965 hypocrisis,
550 3879 600 3969 qui
620 3869 890 3965 concupiscentiam
908 3881 1020 3955 negant
1039 3880 1192 3958 peccatum

62 3987 127 4042 csse,
148 3967 249 4026 donec
269 3973 364 4024 totum
385 3980 438 4019 cor
457 3967 639 4018 assentiatur.
678 3953 739 4014 Sed
758 3949 832 4012 urhrl
852 3969 957 4009 mirum
978 3957 1030 4020 est,
1051 3952 1090 4040 tta
1111 3955 1191 4036 exte-

61 4045 137 4104 nuari
156 4042 196 4102 ab
223 4040 280 4100 illis
306 4049 474 4119 peccatum,
504 4033 622 4114 quando
649 4028 789 4092 socordes
814 4039 844 4117 et
863 4045 982 4106 prorsus
1007 4023 1192 4113 stupidospp

61 4121 129 4182 vitiis
154 4119 217 4180 suis
246 4113 416 4197 reputandis
441 4133 503 4174 csse
528 4119 665 4190 oportet,
698 4105 748 4188 qui
772 4103 910 4164 iustitiam
935 4120 1057 4179 operum
1080 4109 1191 4160 mentm

59 4197 214 4259 ascribunt.
1056 4251 1064 4267 ·
1156 4251 1164 4268 ·

126 4281 178 4340 29.
206 4271 243 4332 st
262 4268 361 4330 oculus
379 4281 444 4327 toras
462 4279 513 4326 etc.
541 4261 621 4337 Quia
633 4261 663 4320 in
683 4262 739 4320 hac
759 4255 854 4320 carnis
865 4265 896 4314 et
915 4262 1036 4312 naturae
1055 4252 1191 4313 imbecil-

58 4351 134 4414 litate
156 4349 255 4410 videri
275 4347 392 4428 poterat
403 4342 536 4406 Christus
557 4338 643 4400 nmis
662 4357 763 4401 serere
783 4351 891 4418 urgere
902 4329 1046 4410 homines,
1066 4337 1192 4410 occiput
1352 4327 1354 4338 '

1318 1151 1335 1198 l
