2764 4854
340 27 356 58 ὀ
382 43 387 51 a

191 233 194 240 ⁴
273 244 432 322 (iffi-⁸!
453 217 588 303 Christus
608 258 708 302 eoram
728 239 840 302 Pontio
860 241 985 320 Pilato.)
1088 241 1091 249 '
1155 245 1212 310 351
1283 209 1288 216 ἱ

51 399 212 463 urentioue
235 395 421 477 Galilaeae,
449 401 671 486 interrogavit,
699 419 776 464 num
797 397 895 464 homo
917 395 1086 463 Galilseus
1117 407 1213 466 esset.

51 491 78 568 7.
98 505 204 588 Atque
226 512 261 566 ut
290 505 460 586 cognovit,
488 501 578 589 quod
606 502 647 568 ad
667 501 811 569 Herodis
839 502 997 590 ditionem
1023 501 1212 588 pertineret,

50 610 167 670 remisit
189 627 261 670 eum
285 607 325 670 ad
348 606 528 685 Herodem,
551 611 606 694 qui
629 609 752 693 etipse
774 603 1016 690 Hierosolymis
1038 615 1108 670 erat
1134 615 1212 672 tunc
1257 598 1262 604 ’
1366 611 1367 614 ’

50 711 208 794 terrrporis.
251 710 280 774 8.
302 710 453 776 Herodes
481 721 585 775 autem
615 715 686 777 viso
714 701 793 776 lesu¹
816 711 941 794 gavisus
964 718 1012 772 cst
1032 708 1144 774 valde:
1165 717 1212 772 te-

49 813 184 879 nebatur
211 817 296 878 enim
329 816 392 878 iam
423 812 523 879 multo
557 825 703 900 tempore
738 813 914 900 cupiditate
946 811 1081 878 videndi
1107 809 1210 890 illurn,

49 939 87 982 eo
116 917 206 1002 quod
241 916 367 980 audiret
394 915 492 980 multa
527 917 569 982 de
599 941 655 984 eo:
682 929 715 984 et
741 915 913 1004 sperabat,
942 937 977 980 se
1007 918 1130 998 signum
1154 900 1211 978 ali-

48 1021 134 1108 quod
161 1023 302 1084 visurum
330 1018 371 1083 ab
399 1041 440 1086 eo
467 1019 549 1085 lieri.
591 1024 620 1087 9.
642 1003 866 1109 Interrogabat
895 1031 1001 1085 autem
1031 1039 1102 1084 curn
1129 1017 1210 1082 mul-

48 1129 85 1190 tis
118 1122 337 1192 sermonibus:
371 1135 402 1188 at
434 1126 503 1210 ipsc
536 1125 618 1190 nihil
651 1128 682 1190 ei
715 1122 945 1211 respondebat.
994 1123 1044 1188 10.
1076 1120 1211 1188 Stabant

48 1241 149 1294 utitem
188 1231 352 1315 principes
391 1222 595 1310 sacerdotum
639 1238 672 1293 et
703 1228 829 1294 scribae
871 1231 987 1293 acriter
1024 1238 1212 1292 accusantes

48 1355 127 1396 cunr.
172 1333 221 1396 11.
243 1331 371 1418 Sprevit
394 1341 499 1394 autem
529 1351 602 1395 eum
625 1331 777 1402 Herodes
805 1355 877 1399 cuna
906 1329 1099 1422 exercitibus
1126 1333 1211 1406 suis}

47 1459 207 1523 quotaque
230 1432 394 1512 illusisset,
423 1433 569 1500 indutum
596 1447 687 1502 veste
714 1435 888 1522 splendida
916 1438 1038 1501 remisit
1059 1435 1101 1500 ad
1122 1432 1209 1499 Pila-

46 1551 117 1606 tum.
161 1538 211 1602 1‘2.
232 1537 274 1602 Et
296 1535 374 1602 lacti
398 1548 474 1602 sunt
495 1540 590 1603 amici
611 1541 698 1604 inter
724 1559 759 1604 se
783 1538 905 1604 Pilatus
927 1549 960 1605 et
980 1531 1211 1614 Herodes'eo7

46 1643 115 1708 dem
138 1643 202 1709 die.
244 1639 328 1708 Nam
350 1651 445 1706 antea
465 1639 610 1708 simultas
631 1643 718 1707 inter
738 1662 796 1708 eos
818 1642 1054 1707 intercesserat.

118 1945 222 2004 hlottb.
243 1950 290 2010 11.
329 1943 412 2004 Iesrm
438 1957 532 2004 amero
555 1945 637 2006 stetit
677 1943 856 2026 Quanquam
890 1931 1026 2004 deforme
1061 1940 1118 2002 fuit
1148 1943 1208 2003 boc

45 2023 256 2099 spectaculum,
277 2033 307 2081 et
326 2021 418 2112 louge
438 2021 567 2081 alienum
588 2042 604 2082 a
625 2019 770 2104 dignitate
794 2021 818 2080 F
821 2021 863 2080 ilii
888 2019 965 2096 Dei,
992 2021 1072 2100 qnod
1097 2031 1207 2081 tractus

46 2097 98 2156 luit
118 2100 153 2158 ad
175 2099 295 2178 profani
316 2099 442 2156 hominis
463 2095 603 2170 tribunal,
623 2109 656 2156 ut
676 2119 791 2158 causam
811 2097 914 2178 capitis
933 2109 1074 2175 tanquam
1093 2096 1206 2157 malefi-

46 2196 92 2232 cus
114 2197 147 2234 ex
167 2175 291 2236 vinculis
316 2175 441 2234 diceret:
467 2175 630 2233 tenendum
649 2185 748 2233 tamen
768 2173 912 2233 memoria
933 2184 992 2247 est,
1019 2172 1050 2230 in
1071 2173 1207 2234 doctrina

44 2253 135 2312 erucis
157 2255 249 2330 (quac
270 2249 393 2309 Graecis
413 2249 534 2308 stultitia
556 2260 610 2322 est,
631 2260 660 2307 et
670 2249 786 2308 Iudaeis
798 2249 982 2327 scandalum)
1002 2259 1138 2308 constare
1150 2269 1208 2310 no-

44 2325 87 2386 bis
107 2328 239 2388 salutem.
278 2325 383 2384 Voluit
403 2324 481 2383 enim
494 2323 585 2382 Filius
600 2323 660 2384 Dei
680 2325 793 2385 vinctus
813 2325 876 2384 sisti
896 2345 995 2384 coram
1015 2335 1138 2384 terreno
1158 2325 1206 2384 in-

44 2404 124 2474 dice,
146 2414 176 2460 et
196 2403 256 2460 illic
276 2401 373 2460 subire
394 2399 518 2479 capitale
537 2399 692 2476 iudicium,
717 2410 750 2459 ut
773 2421 828 2460 nos
853 2412 938 2461 reatu
962 2399 1052 2460 soluti
1077 2403 1114 2462 ad
1135 2409 1206 2462 eoe-

44 2479 146 2538 lestem
160 2478 218 2537 Dei
238 2478 378 2536 thronum
398 2475 492 2536 libere
512 2476 655 2538 accedere
674 2497 736 2536 non
750 2475 924 2537 dubitemus.
964 2477 1046 2560 Ergo
1066 2478 1091 2536 si
1111 2499 1158 2538 res
1181 2479 1206 2540 i-

44 2557 144 2628 rimus,
165 2555 235 2634 quid
257 2553 343 2614 nobis
365 2551 512 2633 profuerit
525 2553 675 2614 Christum
695 2553 818 2614 iudicari
831 2551 885 2613 sub
899 2553 1009 2628 Pilato,
1028 2555 1125 2613 statim
1138 2501 1206 2616 abs—

43 2643 152 2692 tersum
174 2633 229 2690 erit
249 2629 390 2722 probrum
412 2641 469 2688 tam
490 2630 632 2768 indiguae
652 2629 854 2691 subiectionis.
893 2631 934 2698 Et
951 2641 1033 2690 certe
1044 2630 1141 2690 nullos
1157 2631 1204 2692 of·
1266 2691 1277 2708 „

44 2707 260 2768 lerrditChristr
281 2707 430 2766 damnatio
451 2705 506 2767 nisi
526 2730 562 2768 re
593 2709 738 2788 superbos
757 2707 937 2799 hypocritas,
955 2705 1005 2767 vel
1024 2707 1158 2786 stupidos
1176 2719 1207 2770 et

44 2807 153 2845 crassos
165 2785 222 2844 Dei
242 2795 474 2864 contemptores,
494 2785 728 2922 guespropriae
748 2785 910 2864 iniquitatis
930 2805 992 2844 non
1013 2785 1113 2863 pudet.
1135 2784 1204 2846 Ste-

44 2863 78 2920 tit
98 2883 171 2944 ergo
192 2863 251 2922 Dei
271 2861 363 2920 Filius
384 2881 483 2921 coram
525 2882 626 2924 omine
645 2861 764 2922 mortali
784 2882 867 2937 reus,
885 2861 1005 2952 illicque
1025 2863 1154 2922 accusari
1175 2873 1205 2922 et

45 2939 175 2998 damnari
216 2959 293 3000 assus
315 2950 368 3011 est,
388 2948 420 2996 ut
440 2959 494 2999 nos
515 2959 614 3000 coram
633 2939 702 3006 Deo
722 2950 830 3000 stemus
854 2937 1004 3019 intrepidi.
1042 2937 1205 3000 Aeternam

45 3017 160 3094 quidem
180 2961 223 3075 tiit
242 3015 391 3074 infamiam
412 3016 546 3099 irrogare
566 3017 666 3076 eonati
686 3027 755 3076 sunt
773 3017 889 3092 hostes,
915 3016 966 3076 sed
991 3013 1078 3076 nobis
1126 3015 1204 3077 otius

44 3094 216 3169 spectandus
238 3105 281 3152 est
301 3092 382 3166 finis,
407 3094 444 3153 ad
465 3114 551 3173 quem
572 3113 627 3154 nos
653 3093 753 3176 dirigit
770 3092 830 3153 Dei
850 3091 1045 3174 providentia.
1114 3094 1205 3154 amsi

44 3167 73 3226 in
93 3181 222 3229 mentem
247 3169 364 3243 veniat,
390 3191 476 3248 quam
502 3164 690 3230 formidabile
709 3171 748 3230 sit
766 3169 825 3229 Dei
849 3167 998 3244 tribunal,
1027 3189 1083 3230 nec
1103 3181 1202 3231 tamma

45 3247 173 3322 potuisse
195 3266 249 3305 nos
270 3245 330 3304 illic
351 3243 474 3320 absolui,
495 3246 550 3306 nisi
569 3267 636 3307 reus
656 3247 687 3306 in
699 3258 777 3307 terra
791 3245 925 3307 Christus
937 3245 1032 3322 fieret,
1052 3268 1204 3327 nunqnam

44 3321 157 3401 pigebit
177 3323 208 3380 in
229 3322 290 3382 eius
309 3322 434 3382 vinculis
453 3323 585 3405 gloriari.
618 3323 751 3384 'Rursum
794 3325 889 3384 uoties
909 3323 1057 3400 audimus,
1075 3325 1107 3384 in
1127 3325 1204 3385 tristi

44 3399 222 3479 sordidoque
244 3398 346 3458 habitu
358 3396 506 3458 Christum
527 3400 641 3461 stetisse
662 3345 798 3460 cerami

44 3473 104 3532 ciae
125 3475 287 3550 materiam,
306 3485 338 3534 ut
358 3475 422 3554 ipso
443 3477 637 3546 intercessore
657 3475 726 3537 freti
745 3476 777 3536 in
796 3475 855 3537 Dei
874 3489 1066 3556 conspectum
1085 3477 1156 3538 laeti
1175 3489 1205 3538 ct

45 3548 151 3612 alacres
173 3551 357 3633 prodeamus.
396 3553 512 3612 Eodem
537 3554 625 3614 etiam
673 3552 797 3630 ertinet,
822 3556 902 3634 quod
928 3555 966 3614 de
990 3553 1109 3616 silentio
1135 3575 1203 3616 mox

44 3629 182 3704 sequitur.
221 3628 328 3686 'facuit
342 3625 474 3688 Christus
495 3651 584 3720 quum
603 3575 734 3709 undique
754 3629 849 3711 ipsum
869 3643 1013 3724 urgerent
1023 3631 1203 3706 sacerdotes,

44 3721 107 3762 nem
133 3715 202 3766 eut
221 3724 286 3765 suo¹
300 3703 418 3764 silentio
444 3705 531 3766 nobas
552 3727 585 3766 os
605 3707 741 3786 aperiret
782 3708 856 3768 Nam
883 3709 951 3768 hinc
978 3707 1127 3788 praeclara
1151 3706 1202 3768 illa

45 3726 177 3857 lacuitas,
199 3803 285 3862 quam
306 3779 437 3841 celebrat
456 3771 563 3843 Paului
583 3785 685 3862 (Rom.
705 3789 733 3858 8,
753 3787 832 3864 th),
851 3795 884 3845 ut
903 3784 994 3865 pleno
1020 3803 1072 3844 ore
1093 3783 1201 3843 clarne-

44 3873 104 3914 mus
130 3859 217 3918 llbba
243 3859 345 3916 Patere
373 3870 405 3916 ut
424 3859 520 3920 statim
546 3861 652 3920 iterum
673 3861 824 3942 attingam.
866 3863 918 3922 Tu
936 3883 966 3920 es
985 3859 1058 3920 Rea*
1076 3858 1202 3920 Iudaeo-
1245 3901 1249 3904 -

43 3950 113 3991 eram.
154 3935 332 4015 Quanquam
353 3934 450 3994 multis
470 3947 500 3995 et
518 3936 604 3996 variis
625 3936 795 3998 criminibus
817 3938 965 4000 Christum
986 3935 1115 3996 obruere
1134 3948 1202 3996 ten-

44 4016 156 4086 tarunt,
176 4011 332 4092 probabile
353 4023 450 4070 tamen
471 4022 530 4083 est,
550 4011 678 4096 maligne
699 4035 763 4074 arre
788 4026 849 4074 tum
868 4013 905 4074 ab
926 4013 982 4074 illis
1002 4012 1091 4073 suisse
1110 4012 1201 4096 Regis

43 4101 149 4146 nomen
182 4107 286 4168 exque
307 4105 448 4148 summam
468 4087 606 4150 invidiam
626 4111 642 4150 a
665 4092 704 4151 ud
723 4036 851 4150 Piiitum
871 4091 915 4150 illi
926 4090 1100 4152 conflarent.
1125 4091 1199 4152 Idco

44 4163 118 4237 apud
153 4132 263 4225 bucam
300 4164 486 4246 exprimitur,
524 4109 875 4246 qnod«:deprehsnder·irrt
910 4171 1005 4246 hesum
1037 4181 1202 4230 mntem

41 4253 167 4317 genten,
192 4263 228 4302 cc
246 4255 383 4302 mentm
407 4239 512 4302 tributo
535 4241 604 4301 ders·
629 4248 761 4320 Caesari,
787 4242 925 4304 dicentem
944 4256 1001 4305 etc.
1040 4245 1108 4306 Hoc
1126 4267 1200 4306 vero

46 4313 166 4377 erimine
192 4318 264 4377 nihil
286 4319 416 4378 odiosius
442 4319 521 4398 apud
547 4319 692 4396 Pilatum,
718 4321 766 4382 cui
792 4319 866 4380 nihil
885 4321 991 4383 maiori
1015 4341 1103 4382 curae
1128 4333 1201 4396 erat,

45 4405 127 4462 qrram
153 4395 283 4471 quietum
308 4395 425 4475 imperii
448 4407 554 4459 statum
570 4397 664 4458 tueri.
703 4399 747 4458 Ex
766 4397 880 4460 Ioanne
905 4397 1097 4480 perspicitur,
1121 4399 1201 4462 varie

799 3399 882 3476 ilato,
902 3401 972 3460 hinc
983 3411 1116 3481 petamus
1126 3399 1203 3460 fidu·
1299 3449 1302 3454 ,
