2814 4846
439 203 521 282 (121.
558 199 607 262 De
627 198 765 273 convivio
783 201 906 288 regio.)¹
1140 150 1142 160 ‘
1205 209 1246 291 43

72 353 203 445 spicitur
221 351 296 412 ιιιίιι
311 349 523 428 ·Dei·bonitas,
543 352 610 434 qni,
627 352 681 415 ubi
699 353 778 414 ultro
799 355 885 418 adse
904 363 1034 418 vocatos
1046 367 1080 418 to
1118 375 1169 420 ere
1186 339 1244 422 nos

73 431 169 507 undet,
188 427 340 514 pigritiam
360 441 491 492 nostram
512 429 680 510 importune
699 429 851 493 sollicitat:
871 453 926 494 nec
938 445 1051 494 tantum
1063 455 1097 494 ex
1119 435 1245 498 ortatio'·

73 507 165 568 nibus
185 527 242 566 nos
284 505 381 588 ungit,
399 507 451 566 sed
471 507 559 566 etiam
578 507 664 568 minis
684 507 836 588 compellit
851 507 888 570 ad
901 531 932 570 se
943 511 1093 573 accedere.
1122 511 1245 574 Interea

74 604 141 644 non
160 528 315 663 immolo,
334 583 414 662 quod
428 583 609 666 Augustinus
628 583 686 646 hoc
705 585 876 646 testimonio
892 607 941 648 sae
964 587 1008 648 ius
1025 599 1129 648 contra
1137 585 1244 648 Dona-

73 660 158 722 tistas
179 681 248 721 usus
269 671 329 734 est,
358 670 391 721 ut
410 661 566 738 probaret,
589 661 706 742 piorum
731 661 899 742 principum
925 609 1027 724 elisiis
1047 664 1084 724 ad
1103 663 1166 724 veri
1184 663 1245 724 Dei

75 737 190 798 cultum
210 747 243 797 et
261 735 330 796 fidei
349 735 492 796 unitatem
512 736 591 797 licite
608 737 677 820 cogi
694 733 876 818 praefractos
888 751 919 800 et
927 739 1069 801 rebelles:
1090 739 1170 819 quia,
1190 739 1245 802 etsi

75 813 245 874 voluntaria
265 823 311 873 est
329 811 412 885 fides,
431 813 561 874 videmus
580 825 690 889 tamen,
708 814 743 874 iis
761 815 865 878 mediis
884 815 996 877 utiliter
1014 817 1128 878 domari
1140 836 1245 878 eorum

75 890 285 971 pervicaciam,
306 888 437 968 quinon
458 889 511 950 nisi
531 889 627 952 coacti
645 901 760 971 parent.
902 953 904 960 ,

117 1008 121 1016 .
152 967 262 1026 March.
287 971 334 1031 tt.
381 964 536 1042 Ingressus
563 981 658 1026 erasm
684 989 758 1041 rex,
788 983 820 1028 ut
841 965 956 1030 utdmu
1006 967 1064 1029 Hic
1093 967 1151 1030 iam
1180 989 1245 1031 ιιοιι

78 1044 241 1124 exprobrat
261 1040 394 1102 Christus
414 1043 546 1124 ludaeis,
570 1045 651 1124 quod
674 1044 766 1124 impie
789 1045 1024 1127 contempserint
1041 1045 1101 1107 Dei
1120 1045 1245 1129 gratiam

77 1131 108 1180 et
126 1119 333 1189 vocationem:
357 1117 410 1179 sed
429 1139 481 1180 eos
502 1119 552 1200 qui
571 1119 753 1202 subrogandi
773 1133 857 1181 erant
874 1122 907 1182 in
925 1121 1043 1183 illorum
1062 1123 1162 1184 locum
1181 1144 1247 1184 artat·¹
1349 1181 1356 1196 ,

77 1208 143 1258 ture
163 1207 351 1277 praemonet,
370 1215 409 1255 ne
427 1196 486 1257 suis
505 1194 641 1257 sordibus
660 1217 755 1256 sacras
775 1198 892 1278 nuptias
910 1198 1080 1278 inquinent,
1099 1199 1245 1260 ulriDeus

76 1293 197 1336 mensae
217 1293 287 1332 suae
307 1271 534 1352 participatione
555 1294 607 1334 eos
627 1273 763 1354 dignatus
782 1273 880 1334 fuerit.
924 1277 1008 1358 Ergo
1028 1276 1170 1337 hactenus
1189 1277 1246 1337 do-

76 1350 158 1426 cuit,
182 1348 451 1430 Iudaeos-speciali
471 1349 595 1410 honoris
613 1349 772 1442 privilegio
793 1348 833 1409 ob
853 1349 976 1430 impium
995 1372 1079 1412 suum
1098 1351 1247 1414 fastidium

75 1427 238 1518 privandos
259 1447 332 1500 esse,
352 1438 440 1506 atque
457 1448 490 1486 ex
505 1425 638 1507 profanis
652 1437 682 1486 et
696 1425 853 1488 resecticiis
868 1425 1005 1508 gentibus
1015 1428 1176 1504 vocandos,
1195 1427 1247 1508 qui

75 1523 234 1564 meorum
254 1503 353 1562 locum
372 1504 575 1564 succederent
611 1501 699 1563 Nunc
718 1523 790 1564 vero
810 1502 975 1578 denuntiat,
994 1523 1030 1563 ex
1048 1504 1106 1565 hoc
1126 1523 1246 1585 quoqne
1277 1521 1280 1527 ’

76 1600 204 1641 munero
218 1579 454 1640 exterminandos
466 1599 539 1654 esse,
572 1579 602 1638 ui
615 1579 778 1641 Ecclesiam
794 1579 974 1642 contumelia
985 1579 1157 1641 affecerint:
1176 1599 1246 1642 nam

98 1655 147 1716 uia
188 1657 335 1718 romiscue
355 1676 410 1735 per
428 1601 623 1740 Evangeium
643 1677 745 1717 omncs
763 1657 846 1720 Deus
865 1667 967 1732 vocat,
986 1657 1071 1739 molti
1088 1657 1196 1739 impuri
1215 1667 1247 1719 et

76 1677 155 1793 insti
178 1733 331 1793 'homines
369 1745 552 1828 errumpunt,
572 1731 633 1811 qui,
651 1733 768 1796 tametsi
787 1731 825 1794 ad
844 1744 960 1812 tempus
980 1731 1078 1795 locum
1099 1745 1248 1825 occupant

75 1809 159 1870 inter
182 1809 273 1884 alios,
297 1753 415 1868 tandem
436 1810 486 1869 ubi
505 1815 573 1870 suos
600 1810 738 1871 convivas
756 1810 916 1891 perlustrat
933 1809 1033 1886 Deus,
1059 1809 1139 1872 foras
1159 1808 1248 1872 erecti

76 1888 235 1968 rapiuntur
253 1887 290 1946 ad
309 1906 446 1966 poenam.
485 1886 605 1946 Summa
626 1897 684 1946 est:
703 1908 767 1948 non
786 1907 889 1948 omnes
930 1887 959 1946 ui
977 1886 1068 1948 semel
1083 1886 1247 1950 Ecclesiam

76 1961 336 2046 ingressisuerint,
356 1963 431 2025 vitae
451 1975 589 2024 aeternae
609 1962 675 2024 lore
695 1963 865 2056 participes,
883 1908 935 2024 sel
955 1963 1005 2044 qui
1025 1975 1161 2026 ornatum
1174 1985 1247 2026 coe·

77 2038 146 2102 lesti
161 2039 276 2120 palatio
292 2039 414 2123 <liguum
432 2051 547 2120 gestare
564 2051 708 2120 compertu
724 2039 844 2103 suerint
874 2037 972 2101 Porro
991 2040 1028 2100 de
1041 2043 1249 2118 murnuptinli

76 2115 187 2176 frustra
201 2126 342 2190 certatur,
361 2115 437 2176 sitne
449 2115 532 2192 fides,
550 2136 588 2176 an
607 2127 706 2177 sancta
725 2136 760 2177 ac
779 2117 827 2198 pia
846 2115 921 2177 rita:
941 2115 1009 2195 quia
1029 2137 1126 2198 neque
1141 2119 1213 2180 fides
1229 2137 1248 2180 ι

77 2193 167 2254 bonis
188 2191 330 2274 operibus
348 2193 477 2272 separari
497 2202 606 2274 potest,
626 2202 657 2253 et
676 2193 755 2258 buna
776 2214 868 2284 opera
888 2213 952 2252 non
970 2191 1027 2252 nisi
1047 2214 1083 2254 er
1099 2193 1158 2253 fide
1173 2214 1247 2275 pro-

78 2271 199 2336 cedunt
240 2269 373 2332 Christus
393 2282 491 2328 autern
512 2269 703 2330 hortantum
721 2269 827 2344 voluit,
846 2269 902 2328 hac
920 2267 988 2350 lege
1007 2289 1062 2330 uos
1079 2290 1096 2330 a
1112 2271 1246 2334 Domino

77 2346 192 2422 vocari,
209 2357 245 2405 nt
264 2345 378 2426 Spiritu
398 2361 577 2405 renovemur
594 2345 627 2405 in
646 2347 708 2406 eius
727 2344 1067 2427 imaginem,·ideoque,
1085 2357 1120 2405 ut
1137 2367 1248 2428 perpe-

78 2435 131 2484 tuo
153 2421 237 2483 domi
255 2421 317 2482 eius
336 2427 516 2496 maneamus,
534 2433 664 2482 veterem
684 2421 834 2482 hominem
854 2441 921 2482 cum
939 2421 997 2482 suis
1017 2420 1248 2501 inquinamentis

79 2499 246 2562 exuendum
273 2519 350 2574 esse,
375 2520 410 2559 ac
433 2499 632 2560 meditandam
657 2517 764 2560 novam
789 2498 895 2574 vitam,
920 2508 954 2559 ut
971 2496 1092 2560 restitus
1110 2510 1170 2558 tam
1191 2501 1248 2560 ho·

78 2575 223 2638 norificae
240 2575 393 2653 ,vocationi
411 2575 601 2656 respondeat.
639 2573 701 2636 Sed
721 2575 888 2656 quaeritur,
911 2572 963 2652 qui
987 2573 1145 2634 conveniat
1161 2595 1249 2636 men·

79 2653 177 2714 dicum
198 2651 294 2712 auoci
313 2671 411 2732 poena
430 2651 581 2726 mulctari,
606 2653 674 2732 quia
687 2649 863 2744 'nuptialem‘
883 2648 995 2712 vestem
1019 2668 1082 2710 non
1106 2650 1251 2730 attulerit,

99 2731 163 2790 nasi
182 2747 256 2790 vero
276 2749 386 2789 novum
405 2729 459 2804 sit,
482 2729 621 2803 miseros,
645 2750 695 2808 qm
721 2741 828 2790 victum
853 2747 886 2786 m
912 2725 1048 2807 compitis
1072 2728 1250 2806 quaeritant,
1329 2718 1333 2739 '

78 2749 197 2868 iaceros
218 2825 252 2864 ac
273 2805 420 2865 deformes
440 2805 581 2886 conspici.
612 2803 873 2885 Respondeo,l1io
886 2801 1088 2878 contrectari,
1105 2805 1250 2866 undere-

78 2883 129 2944 stis
150 2881 281 2964 petenda
301 2881 367 2952 sit:¹
382 2901 450 2941 nam
469 2882 616 2944 Dominus
636 2902 768 2964 quoscun
811 2901 827 2942 e
846 2881 964 2956 inritat,
984 2878 1070 2940 simul
1090 2879 1178 2942 etiam
1195 2901 1250 2944 ve-

79 2959 141 3034 stit,
161 2979 196 3020 ac
216 2958 248 3018 in
269 2955 406 3018 omuibus
426 2957 512 3018 nobis
532 2959 681 3040 impletur,
700 2980 759 3039 quo
801 2959 874 3020 dicit
891 2955 1033 3018 Ezechiel
1053 2975 1117 3049 cap.
1136 2963 1191 3035 16,
1209 2965 1251 3038 7.,

120 3055 172 3095 um
195 3034 272 3094 nihil
296 3033 378 3094 Deus
402 3035 535 3096 inveniat
558 3036 589 3095 in
614 3035 702 3097 nobis
726 3049 845 3116 praeter
869 3034 1003 3096 miseram
1030 3036 1193 3096 nuditatem
1219 3045 1251 3098 et

93 3113 208 3174 oetidas
219 3111 332 3186 sordes,
341 3131 458 3172 ornare
477 3133 532 3172 nos
547 3111 704 3248 sleendido
716 3113 836 3172 vestitu:
856 3110 1070 3185 retinuerim,
1088 3131 1152 3173 non
1163 3111 1251 3176 alite'r

80 3189 239 3250 reformari
259 3209 315 3248 nos
335 3187 365 3247 in
386 3188 544 3270 imaginem
594 3189 631 3264 ei,
652 3189 707 3250 nisi
727 3190 795 3249 dum
816 3187 965 3250 Christum
985 3187 1140 3250 induimus.
1177 3191 1251 3252 Nou

80 3286 156 3348 ergo
176 3264 354 3346 pronuntiat
373 3255 522 3339 Christus,
548 3265 673 3325 eiectum
692 3266 728 3325 iri
747 3265 869 3326 miseros
888 3265 1038 3340 homines,
1064 3264 1115 3344 qui
1133 3267 1251 3347 pretio-

80 3363 142 3402 sam
161 3354 274 3402 vestem
294 3362 328 3401 ex
346 3361 413 3402 arca
432 3363 483 3418 sua
502 3343 707 3422 depromptam
727 3362 789 3401 non
808 3342 980 3417 attulerint,
998 3342 1050 3402 sed
1069 3342 1121 3432 qui
1138 3344 1252 3424 reperti
1287 3341 1293 3356 ⁸

81 3418 196 3480 suerint
220 3418 253 3477 in
276 3419 336 3478 suis
359 3418 510 3493 sordibus,
533 3418 586 3478 ubi
604 3418 686 3478 Deus
711 3419 748 3480 ad
774 3411 894 3479 eiamen
915 3420 951 3480 de
970 3421 1101 3481 convivis
1120 3421 1178 3482 suis
1197 3421 1251 3481 tn-

81 3495 215 3556 hendum
235 3495 379 3555 adveniet.
419 3493 580 3558 Conclusio
600 3516 672 3556 vcro
683 3498 780 3576 finem
792 3493 956 3572 parabolus
975 3495 1121 3572 ostendit,
1139 3517 1250 3577 paucos

83 3592 145 3632 esse
166 3571 289 3646 electos,
309 3571 379 3632 licet
396 3572 481 3632 multi
499 3571 597 3633 vocati
615 3572 688 3632 sint:
709 3571 788 3632 unde
808 3572 988 3656 colligimus,
1011 3594 1076 3634 non
1096 3592 1160 3633 esse
1179 3573 1251 3632 sub·

82 3649 174 3710 tiliter
200 3647 388 3709 excutiendas
414 3649 543 3731 singulas
563 3649 728 3728 particulas.
766 3649 872 3730 Neque
896 3651 975 3710 enim
996 3647 1130 3709 Christus
1154 3667 1251 3731 nuper

84 3724 284 3797 denuntiavit,
308 3727 450 3786 maiorem
471 3738 582 3804 partem
603 3725 730 3786 eiectum
750 3725 803 3802 iri,
830 3727 881 3786 sed
907 3727 993 3786 nnius
1012 3737 1126 3786 tantum
1146 3723 1250 3784 memi-

82 3801 141 3862 nit:
168 3801 218 3862 hic
241 3821 314 3861 vcro
335 3802 481 3876 audimus,
505 3823 614 3881 paucos
635 3825 669 3863 ex
686 3823 795 3884 magno
815 3822 939 3863 numero
958 3812 1106 3862 retentum
1125 3799 1171 3859 iri.
1208 3799 1250 3861 Et
1308 3847 1318 3858 ,

84 3889 178 3952 certe,
220 3900 292 3936 uum
309 3878 399 3938 hodie
419 3878 515 3959 plures
525 3879 680 3962 Evangelii
698 3899 773 3942 voce
793 3880 825 3940 in
833 3879 998 3940 Ecclesiam
1017 3887 1250 3958 congregentur,

85 3975 172 4035 quarn
192 3899 265 4014 silim
285 3975 339 4036 per
356 3955 479 4039 Legem,
500 3955 600 4036 exigua
621 3957 720 4036 portio
741 3957 818 4018 vitae
837 3957 970 4016 novitate
989 3954 1076 4014 fidem
1096 3974 1176 4013 suam
1196 3962 1250 4033 ap·
1273 4001 1275 4004 -

84 4032 204 4111 probat.
245 4030 347 4105 Quare
373 4055 410 4092 ne
435 4033 600 4112 placeamus
625 4033 713 4094 nobis
738 4033 820 4094 inani
838 4033 907 4092 fidei
926 4031 1030 4104 titulo,
1055 4027 1107 4090 sed
1127 4029 1251 4121 quisque

84 4107 162 4168 serio
188 4127 220 4168 se
244 4107 340 4191 ipsum
366 4110 525 4185 examinet,
548 4110 636 4169 utin
662 4109 766 4170 ultimo
792 4109 910 4172 delectu
928 4107 1044 4170 censeri
1062 4119 1155 4188 possit
1173 4108 1252 4169 inter

85 4184 237 4275 legitimos
257 4186 402 4250 convivas.
439 4187 516 4246 Nam
535 4198 569 4245 ut
588 4185 695 4247 Paulus
715 4187 855 4248 admonet
874 4185 927 4258 (ΙΙ.
948 4185 1026 4244 Tim.
1045 4189 1076 4260 2,
1096 4185 1169 4264 to),
1187 4205 1252 4245 non

86 4281 173 4320 nurus
194 4263 313 4353 generis
332 4285 399 4328 rasa
418 4276 486 4323 sunt
506 4263 536 4323 in
557 4265 646 4323 domo
657 4263 790 4341 Domini,
809 4264 878 4323 ideo
892 4261 1022 4324 discedat
1033 4262 1070 4322 ab
1087 4262 1253 4343 iniquitate,

87 4339 223 4419 quisquis
241 4335 360 4402 invocat
379 4361 488 4404 nomen
499 4339 631 4403 Domini.
660 4341 718 4406 Hic
738 4343 775 4404 de
795 4339 986 4404 aeternaDei
1003 4339 1151 4416 electione
1166 4337 1252 4402 altius
