2756 4838
138 249 211 312 ata-1
249 214 397 336 'Stet
417 241 513 302 xvll.
549 244 812 303 rranrsrsonunt
831 215 1131 304 nrncuururrortus.¹

143 408 196 471 est,
216 416 277 456 non
298 415 360 457 esse
379 417 498 471 novum,
517 397 540 454 si
559 395 728 456 sacerdotes
745 395 853 474 aliique
871 393 1022 454 Ecclesiae
1045 415 1188 529 proceres
1205 395 1304 455 Deum

143 475 206 533 iure
225 495 279 532 suo
299 474 435 534 fraudare
454 473 544 554 impie
565 484 725 533 conentur:
745 492 813 530 nam
823 472 908 532 simili
922 464 1037 562 pridem
1061 471 1210 533 atrocinio
1224 493 1305 554 gras-

35 561 40 572 “
66 607 77 631 ,
143 563 221 612 satos
242 549 329 610 luisse
350 551 380 609 in
400 549 576 630 Prophetas,
595 559 625 607 et
644 568 723 607 nunc
743 548 779 608 ad
798 549 904 608 Filium
926 546 1168 608 mterficiendum
1188 561 1307 628 paratos

143 647 218 701 esse,
237 627 288 686 sed
308 647 369 685 non
389 627 510 708 impune
529 625 648 685 tandem
669 626 790 699 laturos,
810 625 877 704 quia
887 625 969 685 Deus
989 625 1060 684 iuris
1081 625 1126 682 sui
1137 625 1246 684 vindex
1259 648 1305 684 ex-

142 725 192 762 sur
214 716 252 763 et.
289 703 338 761 Du
359 701 407 762 lex
423 699 587 762 'autem'est
604 722 722 780 scopus,
741 712 774 772 ut
789 700 990 762 sacerdotibus
1001 701 1248 784 ingratitudinem
1260 723 1305 762 ex-

142 723 268 860 probret
286 725 426 860 peridiae
446 791 476 840 et
494 777 611 840 scelerIs
631 779 763 859 plenam:
794 777 899 839 deinde
919 789 953 837 ut
972 775 1190 836 offendiculum
1211 779 1306 850 tollat,

143 855 224 936 quod
243 855 372 916 instabat
386 877 419 915 ex
440 855 606 938 propinqua
625 875 676 914 sua
695 865 800 914 morte.
829 854 939 914 Fallaei
954 854 1032 913 enim
1046 851 1135 912 titulo
1151 853 1230 934 apud
1243 855 1306 912 vul-

143 952 197 1014 gus
217 932 383 1020 imperitum
403 944 433 991 et
451 931 596 1010 simplices
616 942 729 990 tantum
770 931 950 1005 refecerant,
968 941 1002 990 ut
1015 930 1052 990 ab
1067 951 1172 990 cortun
1186 931 1308 990 decreto

144 1019 176 1066 et
198 1021 272 1068 nutu
296 1010 442 1090 penderet
468 1010 545 1068 inter
569 1007 695 1068 Iudaeos
719 952 836 1088 religio.
875 1007 1048 1067 Praemunit
1073 1027 1147 1142 ergo
1175 1007 1308 1066 infirmos

144 1083 341 1160 christanae
361 1084 459 1160 docet,
479 1105 569 1165 quum
588 1105 604 1143 a
624 1084 825 1144 sacerdotibus
844 1082 917 1144 olim
933 1093 980 1143 tot
999 1083 1090 1143 occisi
1122 1083 1310 1144 uerintPre-
1375 1123 1376 1154 ,

142 1163 251 1242 phetae
272 1161 321 1221 alii
340 1183 429 1242 super
448 1162 532 1235 alios,
552 1181 614 1220 nou
627 1181 688 1225 esse
702 1183 754 1221 cnr
765 1159 900 1220 turbetur
914 1159 1076 1250 quisquam,
1095 1161 1119 1218 si
1130 1157 1188 1218 tale
1205 1179 1310 1218 exem·
1375 1195 1376 1202 ι

144 1237 226 1318 plum
246 1239 276 1297 in
295 1259 346 1298 sua
367 1257 485 1318 qunque
505 1245 635 1318 persona¹
654 1238 763 1298 editum
784 1237 880 1296 fuerit.
920 1237 982 1296 Sed
994 1257 1052 1294 ram
1063 1235 1189 1318 singulas
1205 1243 1313 1314 partes*

145 1315 349 1394 expendamus.
391 1315 540 1375 Plentnvit
561 1317 680 1373 vincum
723 1315 908 1393 Frequenter
936 1313 967 1372 in
994 1313 1147 1392 Scriptura
1176 1313 1310 1387 occurrit

142 1391 217 1451 haec
236 1391 403 1462 similitudo.
438 1389 536 1466 -Qund
555 1391 593 1450 ad
611 1400 797 1470 praesentem
816 1389 914 1449 locum
934 1399 1058 1470 spectat,
1076 1399 1194 1447 tantum
1214 1389 1309 1472 sigui-

143 1467 213 1530 fscat
226 1465 370 1543 Christus,
389 1469 457 1528 dum
478 1469 614 1528 Pastores
634 1465 872 1527 Ecclesiaesuae
892 1465 974 1525 Deus
993 1465 1139 1546 praeficit,
1159 1465 1205 1523 ius
1224 1487 1310 1524 suum
1375 1455 1376 1480 ¹

142 1543 174 1604 in
186 1565 237 1604 eos
249 1543 368 1605 minime
380 1543 549 1618 transferre,
569 1543 620 1604 sed
640 1542 764 1624 perinde
783 1542 880 1602 facere
894 1542 953 1603 acsi
968 1539 1178 1621 paterfamilias
1191 1541 1308 1602 vineam

69 1663 79 1670 -
144 1633 194 1680 aut
214 1641 315 1706 agrum
335 1621 445 1681 colono
465 1621 589 1693 locaret,
610 1619 660 1699 qui
680 1640 698 1678 o
723 1638 801 1678 eram
821 1639 901 1677 suam
921 1618 1052 1702 culturae
1064 1618 1240 1696 impendens
1253 1639 1308 1676 an-

142 1717 233 1755 nuum
254 1697 379 1762 fructum
398 1696 536 1758 solveret.
575 1641 833 1770 Quemadmodum
853 1695 1047 1774 autem-apud
1060 1693 1187 1754 lesaiam
1207 1707 1238 1753 et
1257 1695 1306 1753 le·
1375 1725 1376 1744 ι

142 1774 263 1832 remiam
284 1773 475 1852 conqueritur
494 1773 566 1849 (les.
578 1780 608 1846 5,
626 1780 654 1836 t.
675 1773 733 1830 Ier.
747 1779 777 1846 ⁶2,
795 1774 869 1848 21·)‚
889 1771 970 1851 quod
990 1791 1024 1830 ex
1043 1771 1142 1842 vinea,
1162 1771 1201 1830 ad
1221 1793 1309 1850 quam

110 1875 112 1882 ·
144 1848 298 1907 colendam
311 1848 433 1907 multum
453 1847 564 1907 laboris
585 1859 615 1906 et
633 1845 764 1926 sumptus
779 1848 973 1927 impenderat,
992 1840 1106 1907 nulfum
1118 1847 1306 1907 fructumre-
1375 1907 1376 1926 ,

142 1922 258 1996 tulerit,
284 1923 324 1982 ita
345 1923 490 1984 hocloco
510 1923 652 1984 vinitores
672 1921 751 2003 ipsos
771 1930 906 1998 accusat,-
931 1923 981 2014 qui
1023 1937 1182 1983 reventum
1200 1923 1307 1984 vineae

142 2000 225 2078 quasi
243 1999 552 2080 violentipraedones
570 1998 627 2059 sibi
646 2001 772 2079 rapiunt.
806 2001 898 2075 Quod
913 1999 985 2060 dreit
996 1945 1141 2074 diuisum,
1161 2001 1305 2084 agricolas
1375 2043 1376 2054 .

139 2077 256 2138 vineam
270 2076 377 2156 ,pulcre
397 2089 530 2137 ornatam
543 2087 581 2136 aet
599 2076 769 2136 instructam
785 2097 801 2136 e
814 2097 902 2138 manu
916 2075 1133 2158 patrisfamilias
1147 2078 1306 2158 accepisse,

142 2173 245 2214 eorum
264 2154 374 2213 crimen
394 2173 456 2213 nnn
476 2153 581 2212 leviter
600 2164 765 2245 exaggerat.
802 2153 878 2212 Nam
898 2175 957 2246 quo
979 2153 1130 2212 liberalius
1150 2175 1217 2212 cum
1229 2154 1305 2234 ,ipsis

141 2243 239 2290 actrrm
264 2241 321 2304 est,
351 2249 390 2302 eq
407 2229 519 2291 maiore
541 2229 610 2290 odio
632 2229 661 2289 dr
686 2251 722 2290 ua
743 2229 999 2310 est'ingratrtudo.
1038 2231 1105 2291 Hoc
1126 2243 1303 2314 argumento

142 2307 234 2366 utitur
258 2305 382 2382 Paulus,
408 2307 475 2367 dum
500 2305 613 2367 hortari
637 2250 701 2368 wilt
719 2305 857 2366 Pastores
875 2307 917 2367 'ad
943 2327 1048 2366 munus
1075 2327 1161 2366 suum
1188 2319 1305 2366 sucurre
1375 2339 1376 2348 ι

140 2383 353 2466 peragendum,
373 2385 453 2464 quod
474 2383 633 2444 oeconomi
659 2384 732 2458 siut,
760 2382 846 2442 electi
867 2383 904 2442 ad
923 2383 1085 2465 regendam
1095 2381 1156 2443 Dei
1176 2383 1306 2456 domum,
1375 2427 1376 2443 .

105 2500 111 2508 ·
142 2459 838 2539 quaecolumnaestetfundamentumveritatis
858 2460 1124 2539 (I.Tim.3,15.).
1154 2461 1305 2520 Etreete:
1375 2473 1376 2526 t

139 2557 208 2596 uam
229 2555 287 2618 quo
305 2557 320 2596 s
343 2535 492 2598 lendidior
511 2549 542 2596 et
560 2538 651 2619 magis
671 2536 835 2596 honorifica
856 2547 900 2596 est
912 2555 1014 2596 corum
1027 2537 1174 2610 conditio,
1195 2556 1305 2596 eoma-

52 2629 54 2636 '
163 2613 274 2692 isDeo
294 2558 430 2674 obstricti
447 2623 525 2688 suot,
544 2632 582 2674 ne
602 2613 734 2694 seguiter
751 2613 783 2671 iu
804 2633 895 2692 opere
914 2624 1076 2672 versentur.
1119 2611 1192 2688 Quo
1212 2613 1307 2696 magis
1375 2617 1376 2656 l

138 2633 189 2768 fut
200 2691 257 2752 iam
269 2689 378 2750 dictum
391 2691 449 2766 est)
468 2709 571 2749 eorum
592 2689 769 2750 detestabilis
781 2701 825 2750 est
835 2683 967 2768 perfidia,
988 2687 1092 2778 quibus
1110 2689 1245 2750 ludibrio
1263 2701 1307 2749 est
1375 2736 1376 2752 .

115 2773 220 2826 'tantn
238 2767 299 2825 Dei
317 2764 599 2856 liberalitasktautus
622 2785 659 2826 ue
680 2767 778 2826 bonor
797 2785 857 2846 quo
877 2765 956 2844 ipsos
976 2765 1112 2847 diguatus
1133 2778 1188 2825 est
1227 2765 1305 2826 Cae·
1375 2799 1376 2820 ι

137 2855 235 2901 terum
258 2843 375 2904 vineam
401 2841 601 2920 plantaverat·
634 2860 701 2914 eus,
727 2844 844 2921 quando
870 2839 1015 2922 gratuitae
1041 2863 1113 2901 suae
1133 2841 1305 2923 adoptionis

138 2939 262 2992 memor,
282 2916 425 2998 populum
445 2938 480 2976 ex
495 2918 633 3053 Aequpto
653 2917 809 2980 liberatum
830 2919 866 2979 dc
886 2918 1005 3000 integro
1025 2917 1081 2977 sibi
1102 2917 1133 2977 iu
1154 2920 1302 2999 peculium

138 3006 361 3074 segregaverat,
386 3012 476 3072 seque
499 2991 531 3052 in
583 3015 648 3054 eum
674 3006 704 3055 et
723 2995 842 3056 Patrem
862 2994 889 3054 ei
909 2995 978 3054 fore
995 3003 1118 3056 testatus
1143 3009 1305 3056 vocaverat
1375 3047 1376 3066 ι

138 3069 169 3128 in
189 3089 271 3160 spem
290 3081 428 3129 aeternae
447 3068 555 3129 salutis.
595 3071 677 3145 Haec
697 3077 774 3131 enim
795 3070 938 3151 plantatio
960 3081 1014 3144 est,
1034 3071 1116 3130 cuius
1135 3074 1254 3133 mentio
1273 3075 1304 3132 tit

137 3145 249 3204 Iesarae
267 3151 316 3220 60,
333 3167 360 3204 v.
379 3151 428 3212 21.
449 3155 480 3205 et
498 3143 561 3210 aliis
580 3144 662 3208 locis.
701 3147 760 3207 Per
777 3147 908 3208 tmcsrlvsr
925 3160 952 3207 et
969 3151 1074 3206 turrim
1091 3148 1192 3207 intelli
1216 3151 1301 3210 eai—
1375 3177 1376 3198 ι

136 3220 290 3297 minicula,
318 3241 394 3302 quae
420 3222 455 3282 acl
481 3222 615 3284 alendam
639 3224 745 3304 populi
769 3224 857 3284 fidem
876 3224 965 3306 Legis
990 3223 1144 3284 doctrinae
1166 3245 1182 3284 a
1206 3239 1303 3285 cuncta

136 3297 265 3370 fuerant,
286 3310 318 3357 ut
336 3299 475 3359 sacrificia
496 3311 527 3360 et
546 3299 619 3361 aliae
636 3301 844 3361 ceremoniae..
873 3299 954 3360 Deus
971 3299 1060 3373 enim,
1079 3300 1176 3362 instar
1187 3303 1302 3382 providi
1375 3349 1376 3362 .

137 3385 168 3434 et
177 3374 269 3434 seduli
281 3375 504 3454 patrisfamilias,
524 3375 597 3436 nihil
617 3376 790 3468 diligentiae
809 3376 955 3457 reliquum
975 3375 1056 3449 fecit,
1077 3377 1149 3454 quiu
1165 3379 1302 3438 omnibus
1375 3399 1376 3402 ¹

93 3514 98 3534 Ι
135 3451 287 3531 praesidiis
305 3452 468 3512 Ecclesiam
492 3473 572 3512 suam
597 3465 734 3514 muniret.
773 3453 896 3514 laeam
915 3473 981 3514 carn
1006 3455 1155 3528 agricolis.
1198 3455 1300 3514 Posset

157 3529 253 3588 uidem
274 3529 468 3608 percellens
489 3529 599 3611 absque
619 3530 771 3590 bominum
791 3550 883 3610 opera
902 3531 978 3589 tueri
999 3527 1077 3587 bene
1099 3531 1296 3612 compositum

133 3549 285 3665 icelesiae
304 3616 422 3680 statum,
441 3606 492 3666 sed
511 3606 644 3666 homines
664 3605 720 3666 sibi
740 3606 858 3666 assumit
876 3605 1037 3680 ministros,
1058 3623 1293 3686 eorumquema-

132 3681 220 3740 nibus
239 3681 339 3742 utitur.
378 3682 428 3742 Sic
449 3681 519 3741 olim
538 3683 705 3756 sacerdotes
723 3679 858 3754 instituit,
878 3679 928 3760 qui
948 3692 1089 3760 tanquam
1108 3681 1213 3744 vineae
1232 3683 1297 3742 cul-

132 3769 214 3818 tores
234 3770 338 3818 essent.
378 3757 437 3819 Sed
457 3758 563 3818 mirum
583 3770 635 3832 est,
655 3781 709 3818 cur
727 3758 890 3839 Prophetas
908 3755 1041 3818 Christus
1062 3759 1158 3818 servis
1178 3768 1300 3839 compa-

130 3847 189 3910 ret,
209 3833 259 3925 qui
278 3835 404 3914 peractis
424 3835 578 3896 vindemiis
594 3836 630 3895 ad
644 3835 772 3896 fructum
784 3835 958 3917 exigendum
968 3833 1139 3918 mittuntur:
1161 3855 1229 3896 uam
1241 3835 1300 3895 sci-

130 3930 195 3970 mus
214 3932 293 3990 rpsos
314 3932 372 3992 quo
397 3931 434 3970 uc
452 3911 539 3971 fuisse
557 3912 719 3988 vinitores,
741 3923 772 3972 et
795 3931 951 3974 commuue
974 3931 1080 3970 munus
1106 3933 1175 3972 cum
1200 3933 1301 3973 sacer-

131 3983 249 4064 dotibus
262 3987 357 4047 fuisse
376 3932 432 4046 illis
451 3987 624 4048 iniunctum.
662 3988 853 4078 Respondeo,
874 3985 994 4050 Christo
1007 4006 1070 4046 uon
1085 3986 1178 4048 fuisse
1194 4005 1301 4050 ueoes-

130 4055 237 4142 sar'imrl
262 4076 361 4122 exacte
386 4062 432 4124 vel
456 4063 627 4143 scrupulose
652 4085 829 4145 exprimere,
860 4063 930 4144 quid
953 4061 1047 4124 simile
1074 4063 1121 4124 vel
1148 4065 1300 4126 diversum

85 4199 95 4217 ‚
130 4147 207 4198 esset
230 4137 310 4224 iuter
334 4141 407 4204 duos
429 4139 502 4200 istos
527 4141 655 4202 ordines.
701 4138 791 4200 Certe
814 4143 870 4202 lrac
895 4140 963 4222 lege
990 4140 1082 4200 creati
1101 4140 1191 4201 initio
1213 4153 1299 4207 eraut

48 4223 50 4231 ⁴
127 4213 305 4290 sacerdotes,
325 4226 358 4274 ut
376 4235 445 4274 sana
464 4216 597 4278 doctrina
615 4211 748 4297 perfecte
760 4217 922 4278 Ecclesiam
933 4213 1118 4278 excolerent:
1139 4219 1192 4278 sed
1204 4237 1300 4299 quum

126 4283 263 4376 socordia
281 4289 329 4351 vel
347 4290 460 4361 inscitia
480 4293 647 4354 mandatum
666 4291 721 4352 sibi
742 4314 816 4373 opus
836 4291 1041 4374 negligerent,
1060 4293 1206 4354 summissi
1223 4305 1300 4356 sunt

83 4389 86 4394 ·
127 4381 210 4441 quast
228 4383 259 4422 m
275 4365 535 4428 extraordinarium
553 4369 713 4432 subsidium
724 4369 903 4452 Prophetae,
924 4365 974 4449 qui
993 4368 1081 4432 vitem
1101 4370 1199 4432 noxiis
1218 4369 1297 4430 irer-

265 4689 275 4716 Ι
