2778 4838
162 271 220 334 ttt
446 257 564 324 sset.
583 258 648 320 XV.
686 271 779 318 rasus
799 269 842 354 ar
860 267 1040 316 niscirum

164 411 386 495 obiurgationes
407 422 437 484 et
456 412 548 472 minas
567 409 696 472 ludibrio
716 407 817 480 babet,
836 407 860 468 si
871 407 907 468 ab
919 427 952 468 ea
965 407 1130 478 damnetur,
1148 413 1247 464 ratum
1259 402 1321 466 lore

164 491 195 550 iii
216 491 302 552 coelo
322 489 460 550 indicium
480 489 559 569 quod
579 489 713 548 homines
726 485 857 546 tulerint.
887 483 921 544 Si
932 482 996 564 quis
1006 480 1137 554 obiiciat,
1156 481 1258 540 Deum
1268 481 1321 542 boc

166 568 256 626 modo
278 567 341 626 fieri
361 566 442 656 quasi
461 565 613 645 pedarium
632 561 770 638 iudicem,
789 561 840 642 qui
857 558 1022 623 subscribat
1040 557 1207 618 mortalium
1229 557 1320 616 borni-

166 665 236 702 num
255 653 434 716 sententiae‚
452 640 561 701 solutio
581 641 773 720 inpromptu
793 649 845 698 est.
884 637 990 716 Neque
1015 635 1093 694 enim
1118 634 1320 694 anctoritatem

165 719 315 780 Ecclesiae
332 738 400 778 suae
418 718 519 777 asserit
533 716 675 790 Christus,
695 737 752 796 qua
771 714 815 776 ius
834 735 916 775 snum
932 723 963 773 et
975 709 1069 771 Patris
1088 711 1257 785 imminuat,
1275 711 1320 771 sed

166 796 265 875 potius
290 816 345 874 qna
370 792 454 854 verbi
478 793 522 853 siii
540 794 720 853 maiestatem
739 791 858 854 sanciat.
898 787 1156 865 Quemadmodum
1175 787 1258 846 enini
1277 808 1320 846 ca-

165 873 226 951 pite
238 877 283 936 16.
304 891 363 930 nori
386 868 545 948 quamlibet
564 870 729 948 promiscue
741 867 903 928 doctrinam
918 863 1051 926 stabilire
1061 863 1166 938 voluit,
1185 864 1239 924 sed
1252 883 1319 943 quae

166 967 200 1008 ex
223 967 348 1007 crestio
368 946 500 1026 profecta
522 955 608 1018 esset,
627 945 665 1007 ita
685 965 783 1025 neqiie
799 943 855 1004 lioc
865 943 934 1003 loco
948 939 1105 1022 quodlibet
1113 940 1319 1001 indiciumsta-

167 1022 227 1083 bile
248 1033 278 1082 et
296 1035 390 1081 ratum
410 1022 475 1082 fore
496 1020 577 1098 dicit,
596 1022 648 1082 sed
667 1023 698 1081 in
740 1043 778 1081 uo
798 1021 860 1100 ipse
880 1019 1039 1100 praesidet:
1064 1037 1103 1076 ne
1126 1037 1163 1076 ue
1183 1017 1216 1076 iil
1235 1017 1320 1076 modo

166 1097 374 1236 perspiritum
405 1098 456 1158 sed
476 1097 563 1156 etiam
583 1118 639 1188 per
657 1043 798 1158 Verbum.
837 1097 926 1156 Unde
946 1095 1089 1174 seqnitur,
1106 1039 1243 1153 ‘domines
1256 1091 1320 1152 nnl-

179 1197 226 1236 uin
247 1173 355 1235 allerre
406 1195 442 1234 eo
480 1173 688 1249 raeindicium,
713 1174 782 1235 dnm
805 1171 879 1232 nibil
905 1172 960 1232 nisi
980 1191 1014 1230 ex
1034 1170 1096 1229 eius
1117 1189 1169 1230 ore
1187 1189 1320 1249 proiinii-

101 1263 104 1271 '
165 1253 251 1326 tiant,
270 1272 303 1311 ac
322 1261 436 1312 tantum
470 1248 578 1310 deliter
590 1271 654 1312 exse
677 1250 706 1310 ui
720 1250 848 1326 student,
868 1248 949 1328 quod
959 1247 1009 1307 ille
1020 1245 1176 1306 mandavit
1206 1244 1318 1320 Quam-

166 1329 209 1388 vis
229 1327 305 1388 eiiiin
325 1327 427 1387 unicus
447 1327 485 1386 sit
502 1325 603 1388 mundi
622 1271 708 1387 iudex
728 1324 876 1400 Christus,
900 1324 962 1386 vult
984 1335 1081 1384 tamen
1101 1323 1215 1382 interea
1232 1321 1319 1380 mini-

167 1417 243 1465 stros
267 1402 351 1464 verbi
378 1404 421 1462 sui
445 1401 555 1463 babere
596 1423 745 1464 raecones.
784 1402 901 1464 Deinde
924 1401 988 1462 vult
1011 1420 1095 1460 snum
1119 1398 1261 1458 indicium
1284 1395 1320 1457 ab

167 1479 299 1542 Ecclesia
318 1479 457 1560 proferri.
494 1479 541 1540 lta
582 1492 594 1539 t
612 1491 647 1539 nt
665 1479 738 1539 nihil
757 1477 813 1539 sibi
833 1478 958 1560 deroget
975 1475 1153 1556 interposito
1173 1474 1321 1534 bominum

166 1557 340 1630 ministerio,
360 1556 430 1636 quin
450 1554 529 1615 solus
548 1556 610 1635 ipse
631 1549 763 1616 absolvat
782 1566 812 1615 et
830 1555 851 1615 li
875 1566 913 1614 et.
946 1554 1050 1614 Oritur
1060 1563 1159 1611 tamen
1173 1551 1222 1610 bic
1235 1571 1321 1630 qnae·

168 1635 237 1707 atio,
257 1655 345 1713 quum
365 1631 473 1691 multos
492 1632 659 1724 hypocritas
671 1631 803 1692 Ecclesia
822 1575 942 1704 toleret,
962 1629 1095 1690 absolvat
1105 1627 1194 1687 etiam
1207 1626 1321 1700 multos,

169 1709 219 1790 qui
239 1709 334 1768 lictum
353 1707 571 1788 poenitentum
587 1706 763 1778 obtendunt,
784 1727 820 1767 an
841 1707 1000 1768 conveniat
1018 1704 1090 1765 tales
1110 1705 1142 1763 in
1162 1703 1252 1764 coelo
1272 1701 1320 1762 ab·

167 1784 252 1846 solvi.
290 1785 482 1863 Respondeo‚
501 1803 563 1843 non
583 1783 620 1844 ad
640 1783 712 1843 alios
733 1784 788 1843 diri
812 1784 820 1798 ⁰
839 1803 1017 1857 sermonem,
1036 1801 1123 1862 quam
1135 1780 1187 1859 qui
1199 1791 1280 1840 recte
1292 1799 1322 1838 ac

168 1861 282 1921 sincere
302 1859 452 1918 Ecclesiae
471 1879 502 1919 se
522 1859 724 1920 reconciliant.
769 1804 844 1922 Νξιιιι
864 1860 986 1939 trepidis
1006 1857 1196 1918 conscientiis
1217 1855 1322 1916 allerre

167 1935 304 1998 solatium
316 1947 484 2014 metumque
502 1935 628 1996 eximere
647 1936 750 1996 rolens
767 1947 903 2010 testatur,
921 1948 1003 1996 reatu
1014 1933 1133 1994 libcrari
1144 1953 1247 1992 coram
1260 1932 1320 1992 Deo

167 2011 335 2102 quicunqne
351 2011 547 2091 peccaverint,
566 2013 591 2072 si
601 2013 632 2071 iii
647 2013 770 2094 gratiani
779 2014 903 2074 redeant
914 2033 978 2072 ciim
990 2010 1132 2071 Ecclesia.
1161 2009 1233 2070 Hoc
1250 2009 1320 2069 enim

167 2088 250 2168 qnasi
269 2107 374 2178 pignus
394 2087 530 2152 coelestis
549 2089 661 2170 gratiae
680 2090 790 2163 statuit,
810 2090 888 2169 quod
905 2089 976 2148 nihil
995 2092 1032 2148 ad
1049 2087 1068 2146 b
1112 2087 1222 2146 ueritas
1237 2083 1321 2167 perti-

167 2177 235 2237 net,
262 2185 312 2254 qni
336 2185 440 2244 purum
466 2165 716 2226 reconciliationis
741 2187 824 2226 usum
849 2175 1030 2244 pervertunt.
1070 2107 1139 2222 ylliis
1164 2180 1321 2222 vero-non

167 2239 296 2323 vulgaris
316 2241 385 2300 inde
405 2241 510 2300 fidncia
529 2241 667 2316 nascitur,
687 2243 755 2302 dnm
775 2261 825 2302 sua
845 2253 964 2322 peccata
986 2261 1085 2301 corani
1099 2239 1168 2298 Deo
1189 2251 1220 2298 et
1234 2257 1321 2318 ange-

168 2316 203 2377 lis
224 2317 316 2378 deleri
336 2317 467 2394 audiuiit,
486 2317 605 2379 simulac
624 2319 738 2380 veniam
756 2318 939 2378 obtinuerint
951 2315 988 2378 ab
1001 2314 1141 2377 Ecclesia.
1182 2315 1219 2374 lii
1235 2315 1321 2375 altero

169 2391 305 2453 membro
328 2394 449 2454 mininie
474 2392 553 2454 ambi
576 2415 611 2454 na
633 2407 677 2455 cst
694 2415 776 2455 mens
797 2393 921 2455 Christi:
946 2413 1014 2454 naui
1038 2412 1128 2472 quum
1152 2390 1323 2472 praefractis
1370 2437 1371 2454 ι

169 2481 200 2530 et
210 2469 343 2550 superbis
356 2471 487 2561 proclive
499 2471 547 2546 sit,
555 2413 716 2532 Ecclesiae
731 2471 869 2531 iudiciuin
888 2472 944 2532 lioc
956 2466 1110 2550 praetextu
1123 2479 1324 2540 contemnere,

169 2543 237 2626 quia
259 2546 424 2606 hominibus
443 2547 548 2607 subiici
567 2547 674 2622 nolint,
693 2547 777 2608 siciiti
793 2547 876 2626 impii
892 2547 1057 2608 nebulones
1072 2565 1120 2606 sae
1144 2567 1161 2605 e
1177 2546 1214 2604 ad
1228 2545 1322 2605 coele·

168 2636 212 2686 ste
232 2622 361 2683 tribunal
381 2625 519 2684 audacter
537 2636 718 2704 provocant,
743 2625 892 2700 Christus,
916 2635 949 2682 ut
973 2635 1087 2683 terrore
1114 2567 1235 2704 dangat
1255 2623 1322 2680 lianc

169 2701 393 2775 contumaciam,
412 2719 487 2780 quae
507 2719 585 2760 nunc
605 2700 642 2760 ab
662 2700 720 2760 illis
732 2701 890 2780 spernitur,
909 2701 1127 2760 damnationem
1138 2698 1169 2758 in
1181 2697 1270 2758 coelo
1281 2717 1323 2756 ra-

168 2788 228 2836 tam
248 2776 313 2835 lore
334 2776 496 2835 denuntiat
531 2777 657 2842 Interim
677 2798 745 2837 snos
765 2779 800 2837 ad
820 2779 923 2838 iustam
942 2777 1128 2836 severitatem
1147 2776 1270 2848 animat,
1289 2793 1323 2832 iie

168 2851 322 2988 improbae
341 2871 444 2912 eorum
464 2854 664 2914 contumaciae
683 2852 888 2927 succumbant,
913 2856 963 2934 qui
984 2851 1166 2932 disciplinam
1186 2862 1324 2932 respuent

168 2949 204 2989 vc
235 2929 391 2986 excutient.
429 2927 507 2987 Hinc
528 2947 645 3007 quoque
664 2929 764 2990 ridere
785 2943 838 3004 est,
858 2950 944 3010 qnam
965 2929 1073 2990 insulse
1083 2927 1223 3008 Papistae
1242 2947 1322 3008 prae-

169 3015 282 3064 sentem
306 3002 404 3063 locum
429 3004 464 3062 ad
490 3023 578 3063 omne
598 3005 760 3085 tyrannidis
779 3025 872 3088 genus
892 3007 1049 3068 locandum
1068 3015 1242 3084 torqueant.
1281 3005 1324 3063 lus

174 3080 443 3140 excommunicandi
454 3079 603 3140 Ecclesiae
622 3081 714 3141 tribui
733 3097 845 3142 certiim
865 3094 919 3157 est,
938 3095 968 3142 et
986 3083 1049 3142 sani
1062 3101 1165 3141 omnes
1184 3081 1324 3141 latentur:

170 3157 222 3216 sed
242 3177 278 3214 an
298 3167 332 3214 iit
349 3155 577 3247 unusquispiam²
596 3169 626 3218 et
646 3159 763 3238 quidem
784 3179 845 3219 non
866 3159 903 3219 ab
923 3159 1056 3220 Ecclesia
1075 3169 1216 3230 vocatus,
1241 3157 1323 3216 seda

171 3241 294 3293 cornuta
315 3231 483 3312 larvataque
503 3232 595 3294 bestia
609 3247 731 3309 creatus,
751 3255 806 3315 pro
816 3257 867 3296 sua
877 3234 1001 3297 libidine
1011 3236 1112 3294 inanes
1125 3233 1323 3293 excommuni-

170 3307 318 3370 cationum
327 3309 466 3398 crepitns
479 3309 610 3371 emittat?
638 3312 730 3392 Atqui
741 3311 900 3394 legitimam
913 3311 1064 3372 Ecclesiae
1076 3309 1322 3404 gubernationem

170 3383 348 3465 presbyteris
368 3385 527 3447 iniunctam
547 3387 634 3448 luisse
654 3400 780 3463 constat,
798 3409 861 3448 non
872 3397 984 3447 tantum
997 3387 1090 3448 Verbi
1105 3386 1259 3460 ministris,
1277 3387 1324 3446 sed

170 3462 222 3598 qui
242 3482 276 3552 ex
295 3459 383 3541 plebe
402 3483 517 3522 morum
537 3481 674 3525 censores
694 3464 751 3524 illis
771 3464 899 3524 adiuncti
919 3474 1011 3524 erant
1043 3466 1107 3526 Hac
1119 3475 1222 3523 tamen
1233 3462 1322 3541 impu-

191 3550 270 3598 entia
290 3557 352 3598 non
372 3539 504 3599 contenti
523 3539 652 3620 probare
673 3540 831 3600 etiamnum
851 3551 997 3602 conantur
1015 3559 1049 3600 er
1066 3540 1218 3613 hocloco,
1237 3557 1321 3618 qnae-

169 3635 225 3676 enn
249 3635 285 3706 ιιι
309 3615 503 3706 imposuerint
526 3637 634 3708 puers,
657 3637 720 3677 esse
746 3617 877 3677 serenda.
915 3618 1017 3680 Taceo
1044 3618 1123 3698 qnod
1149 3626 1321 3706 potestatem

168 3635 319 3782 Ecclesiae
339 3711 507 3774 permissam
527 3693 648 3782 indigne
666 3693 722 3753 sibi
741 3705 884 3774 usurpant
902 3715 935 3754 ac
955 3693 1076 3786 rapiunt
1091 3693 1211 3774 pessimi
1221 3690 1322 3752 Eccle-

168 3787 229 3860 siae
249 3769 361 3828 hostes:
380 3779 492 3860 tantum
512 3769 591 3859 dico,
611 3789 700 3860 qnnni
712 3769 845 3831 Christus
863 3789 926 3830 non
946 3771 1001 3830 nisi
1010 3769 1048 3830 de
1059 3769 1245 3852 corrigendis
1255 3787 1324 3848 pee-

169 3857 240 3980 catils
260 3856 408 3936 agat-qui
427 3867 485 3936 suis
503 3844 619 3936 legibus
638 3865 748 3938 apimaq
768 3846 937 3938 illaqueant,
957 3867 1018 3908 non
1033 3847 1127 3906 minus
1137 3845 1228 3906 stulte
1236 3865 1324 3936 quam

169 3932 569 4088 :attestantis
581 3921 1161 4090 intersistentesstati
1179 3920 1326 4086 :nti

164 4073 321 4133 ,Ecclesiae
341 4073 524 4140 reconciliari
538 4073 671 4134 Christus
690 4074 794 4151 voluit,
814 4095 864 4166 qui
882 4097 933 4138 sua
953 4075 1039 4167 culpa
1055 4095 1152 4168 usqne
1171 4076 1208 4134 ad
1228 4073 1324 4154 publi·

49 4173 55 4184 =
171 4168 236 4206 cnm
248 4148 385 4208 iudiciuin
396 4150 481 4210 tracti
494 4150 613 4226 luerint,
632 4149 700 4212 ideo
719 4151 762 4213 sin
806 4152 840 4212 lis
859 4151 959 4234 legem
977 4166 1114 4246 imponit,
1133 4163 1167 4210 ut
1184 4171 1235 4212 sna
1257 4171 1325 4231 pec-

172 4235 234 4310 cata
256 4223 286 4310 iii
306 4243 406 4284 aurem
424 4226 547 4286 sacrifici
567 4241 737 4288 exonerent.
765 4171 856 4290 ἳάιο
876 4239 972 4290 antem
992 4228 1116 4290 frivolae
1135 4239 1205 4288 sunt
1222 4245 1324 4288 eorum

170 4310 310 4376 ineptiae,
330 4312 361 4358 ut
373 4301 545 4366 refutationi
564 4302 682 4384 longius
702 4304 837 4365 insistere
855 4325 976 4366 necesse
995 4325 1058 4367 noii
1077 4306 1123 4366 sit

247 4379 293 4438 19.
331 4373 461 4438 nom
479 4377 544 4440 dico
562 4377 648 4442 υιόίι.
687 4380 853 4444 Confirmat
871 4382 1033 4466 proximem
1045 4381 1236 4447 sententiam:
1258 4377 1324 4461 quia
