2764 4846
382 261 501 340 (a-o
525 259 658 345 unguas
677 223 862 343 nacione.)
1166 269 1187 331 5

46 413 128 472 inerat
146 411 241 504 regia
262 411 415 496 dignitas,
440 423 472 474 et
489 411 628 494 paulatim
647 412 712 476 lere
731 413 904 476 conciderat
922 413 1102 490 dominatio,
1119 432 1183 476 non

44 501 144 578 pugnat
164 511 204 550 ea
227 490 419 569 mterruptio
439 508 504 550 cum
523 491 681 571 prophetia
700 487 802 554 Iacob.
827 491 897 551 Duo
919 491 997 552 enim
1009 493 1041 552 in
1053 491 1181 571 speciem
1278 555 1284 565 ,

43 567 142 626 duem
163 567 359 646 promiserat
377 565 474 628 Deus:
495 578 646 630 aeternnm
666 567 732 632 sore
751 567 856 628 solium
875 567 1008 643 Doridis,
1028 579 1181 648 postquam

43 665 100 701 uro
120 643 262 702 dirutum
286 643 382 716 esset,
413 642 475 702 eius
495 643 592 703 ruinas
616 665 648 704 se
667 645 908 705 instauraturum:
942 643 1183 705 aeternam·sore

42 721 114 800 regui
139 720 340 800 potentiam,
370 729 402 778 et
426 729 524 779 tamen
548 719 694 780 surculmn
719 720 904 800 proditurum
930 741 964 782 ex
989 732 1095 781 trunco
1115 719 1184 796 isai,

42 817 155 874 quornm
177 794 489 879 utrmnqueimpleri
509 817 528 856 o
551 797 651 855 ortuit.
689 795 793 857 Passus
813 809 857 856 est
876 814 948 932 erpo
967 797 1051 858 Deus
1071 796 1183 876 princi*

43 885 138 950 palma,
159 891 259 952 quem
283 875 422 934 erexerat
439 871 471 930 in
521 873 570 930 'u
589 871 672 948 Iuda,
691 873 730 934 ad
747 884 862 953 tempus
875 894 911 934 co
924 871 994 948 labi,
1034 873 1183 934 uomaior

43 961 105 1008 ruet
126 949 243 1029 populi
272 947 405 1008 attentio
431 949 470 1007 ad
494 947 669 1029 sperandum
689 947 802 1010 Christi
825 952 966 1032 regnum.
1008 895 1039 1026 ὅ

43 1037 89 1082 teu
107 1025 248 1117 synedrii
277 1025 406 1086 interitu
431 1044 498 1104 spes
523 1024 651 1084 fidelium
677 1026 758 1106 quasi
782 1029 914 1106 praecisa
934 1037 1026 1102 esse-t,
1056 1032 1184 1106 repente,

39 1103 137 1162 tliulnt
154 1101 330 1163 Dominus.
369 1101 433 1160 Iam
452 1122 525 1162 vero
545 1100 603 1180 boc
623 1102 660 1162 ad
678 1102 786 1169 seriem
802 1102 942 1163 historiae
974 1103 1092 1176 ertinet,
1112 1103 1183 1164 dum
1212 1125 1214 1134 ’

43 1191 150 1240 ututur
183 1193 312 1258 tempus
343 1177 389 1237 rei
416 1189 530 1260 gestaez
568 1177 621 1239 sed
645 1198 709 1238 nou
731 1190 845 1240 temere
869 1178 923 1240 sub
943 1124 1034 1263 tingit
1058 1177 1182 1238 nomine

41 1257 110 1314 amul
131 1256 253 1316 misera
275 1253 425 1334 temporis
444 1253 577 1316 conditio
598 1263 700 1314 notata
721 1254 786 1328 luit,
805 1265 839 1315 ut
857 1267 1054 1338 agnoscerent
1067 1254 1183 1328 Iudaei,
1251 1283 1256 1294 ¹

42 1334 194 1392 vertendos
215 1333 283 1392 iam
304 1329 413 1390 oculos
435 1331 546 1390 esseio
566 1330 714 1404 Messiam,
733 1330 757 1389 si
780 1327 877 1390 uidem
895 1331 1001 1391 foedus
1020 1330 1080 1390 Dei
1099 1329 1182 1392 bona

42 1408 87 1468 hle
106 1409 266 1471 colerent.
306 1404 478 1466 Zacharias
501 1405 537 1466 do
561 1410 621 1465 vice
639 1404 731 1468 Abia.
801 1405 882 1466 otum
909 1418 954 1466 est
977 1428 1012 1468 ex
1033 1427 1114 1468 sacra
1133 1407 1180 1466 hi-

42 1487 130 1561 storia,
150 1485 331 1564 descriptas
351 1483 443 1550 {uisse
461 1503 479 1546 a
496 1482 613 1544 Davide
631 1482 817 1544 sacerdotum
842 1482 964 1544 familias
992 1480 1079 1543 certis
1099 1483 1180 1542 ordi-

42 1561 124 1620 nibus.
165 1562 246 1637 Qua
275 1561 309 1618 in
336 1580 370 1619 re
396 1557 470 1618 nibil
490 1579 642 1642 aggressus
659 1565 712 1619 'est
729 1557 828 1619 David
853 1569 957 1618 contra
977 1557 1066 1641 Legis
1091 1579 1178 1640 prae-

42 1641 183 1719 scriptum.
228 1635 445 1696 Sacerdotium
464 1633 545 1695 Deus
557 1635 671 1696 Aaroni
692 1646 723 1695 et
742 1635 804 1696 rius
824 1634 889 1694 liliis
910 1633 1090 1696 contulerat:
1110 1628 1181 1694 reli-

42 1733 103 1806 paos
122 1714 255 1776 Lea-itas
275 1713 478 1774 destinaverat
494 1711 657 1772 minoribus
678 1712 793 1790 officiis.
831 1711 867 1772 In
887 1729 925 1772 eo
945 1711 1019 1771 nibil
1038 1723 1182 1771 mutntrnn

41 1795 87 1850 tuit
103 1815 119 1852 a
138 1790 282 1864 Davide‚
302 1789 356 1850 sed
377 1788 531 1849 consilium
551 1789 612 1848 eius
632 1788 697 1863 tuit,
716 1788 822 1869 partlm
843 1808 958 1862 cavere,
983 1805 1022 1848 ne
1042 1787 1112 1867 quid
1132 1799 1180 1846 tn-

40 1869 180 1930 nultuose
200 1869 296 1927 fieret
315 1865 347 1926 in
367 1863 464 1940 turba,
483 1865 588 1945 partim
609 1865 695 1924 etiam
716 1886 873 1927 occurrere
886 1864 1041 1926 ambitioni
1055 1877 1085 1924 et
1094 1863 1180 1924 simul

40 1947 171 2016 elicere,
213 1965 258 2005 uc
286 1943 388 2024 paucis
415 1953 509 2002 totum
537 1963 641 2001 munus
666 1940 702 2002 ad
725 1963 758 2002 se
781 1940 965 2002 trahentibus
991 1941 1088 2002 maior
1112 1961 1180 2022 pars
1215 1969 1219 1983 ι

39 2025 126 2082 otiosa
146 2023 240 2082 donni
260 2019 391 2079 sederet.
429 2018 466 2077 In
486 2017 534 2078 illa
555 2029 651 2078 autem
672 2017 880 2080 distributione
906 2029 1043 2080 octauam
1059 2017 1179 2080 classem

39 2101 125 2158 tenuit
145 2097 247 2170 Abia,
267 2095 346 2155 lilius
363 2093 498 2160 Eleazarss
535 2096 608 2154 Erat
627 2115 701 2178 ergo
722 2095 875 2155 Zacharias
895 2113 930 2156 ex
948 2115 1060 2178 genere
1079 2115 1180 2154 sacer-¹

40 2175 144 2254 dutalh·
157 2187 192 2236 et
213 2173 340 2254 quidem
361 2191 395 2232 ex
414 2171 539 2252 posteris
549 2171 682 2246 Eleazar,
703 2171 752 2251 qui
795 2171 850 2232 atri
869 2170 901 2230 in
919 2192 1062 2232 summum
1081 2191 1179 2232 sacer-

40 2254 147 2316 dotium
174 2253 372 2312 succ'esscrat
423 2246 586 2321 Quomodo
615 2257 713 2308 autem
781 2246 914 2324 nabeth,
942 2267 1030 2330 quum
1061 2257 1179 2310 macte

40 2329 147 2392 filiabus
169 2331 299 2399 Aaron,
318 2323 430 2384 hieriae
450 2335 575 2408 cognata
597 2344 658 2383 esse
678 2324 827 2404 potuerit,
850 2343 907 2384 stro
925 2321 994 2386 loco
1016 2323 1180 2404 expediam.

40 2407 171 2469 llouon‘s
191 2413 280 2464 certe
301 2421 387 2463 causa
430 2420 499 2460 enus
518 2398 671 2460 Elisabeth
690 2399 783 2463 Lucas
810 2410 1037 2461 commemorat:
1069 2398 1179 2460 licebat

40 2487 111 2546 enirn
125 2481 299 2546 Zachariae
318 2419 478 2538 secundum
488 2475 601 2568 Legem
620 2476 755 2558 gregarii
769 2475 928 2555 cuiuspiam
947 2475 1069 2538 Levitae
1089 2475 1177 2534 filiam

39 2563 86 2622 sibi
105 2579 240 2623 uxorem
259 2573 387 2616 sumere.
425 2553 470 2613 Ex
488 2573 552 2634 pari
572 2552 664 2636 igitur
688 2551 830 2634 coniugio
856 2561 999 2632 apparot,
1027 2551 1178 2612 bominem

39 2642 65 2700 in
82 2661 139 2700 suo
163 2635 277 2698 ordine
297 2651 362 2691 non
382 2628 469 2690 luisse
490 2640 709 2710 contemptum.
1088 2624 1097 2644 ‘

107 2723 141 2782 fi.
183 2713 288 2771 Erunt
309 2709 379 2767 iusti
401 2705 484 2768 mulo
507 2727 607 2766 corma
629 2703 707 2764 Deo.
750 2699 937 2763 Praeclarum
959 2695 1017 2762 illis
1041 2700 1177 2761 testimo-

39 2793 113 2852 nium
134 2787 256 2861 reddit,
283 2803 346 2846 non
366 2783 458 2843 modo
478 2783 559 2863 quod
578 2791 679 2844 sancte
699 2789 730 2840 et
748 2779 865 2862 integre
884 2778 991 2838 uersati
1010 2789 1079 2853 sunt
1098 2778 1177 2838 inter

40 2871 189 2940 homines,
223 2861 278 2924 sed
304 2881 405 2921 coram
424 2860 493 2920 Deo
513 2859 601 2920 ctiam
620 2856 697 2920 iusti.
737 2855 834 2916 Porro
853 2855 992 2915 iustitiam
1012 2855 1087 2916 banc
1107 2855 1177 2916 bre-

40 2948 110 3006 viter
143 2941 254 3004 delinit
288 2937 400 3012 Lucas,
435 2937 514 3016 quod
546 2933 760 2996 ambulaverint
789 2932 820 2991 in
847 2931 972 2992 Domini
1001 2932 1176 3014 praeceptis.

41 3026 144 3082 l'trum
165 3041 207 3080 ue
227 3015 401 3150 delipenter
419 3013 593 3072 notandum:
614 3032 681 3070 nam
701 3009 755 3070 etsi
774 3010 807 3069 in
826 3008 905 3071 bunc
919 3008 1009 3069 finem
1021 3007 1180 3069 laudantur
1232 3047 1233 3050 =

1041 971 1110 1008 tttttn
1130 969 1184 1008 dll-
1250 975 1255 982 '

39 3101 193 3160 Zacharias
216 3105 250 3155 et
268 3095 293 3152 E
308 3087 439 3162 isabetb,
459 3100 492 3148 ut
508 3089 630 3150 sciamus
651 3087 813 3159 lucernam,
839 3105 914 3165 quae
933 3085 1078 3167 praclmit
1096 3086 1175 3146 Filio
1274 3125 1280 3138 .

39 3175 111 3250 Ilei,
130 3196 195 3234 non
219 3193 256 3231 ex
277 3168 403 3240 obseura
423 3165 523 3241 domo,
542 3165 594 3226 sed
614 3163 717 3224 illustri
738 3162 865 3242 quodam
883 3162 1012 3222 sacrario
1031 3174 1175 3242 smnptam

41 3275 115 3326 esse,
140 3249 197 3312 sub
220 3267 327 3308 eorum
347 3255 446 3303 tamen
466 3241 599 3322 exemplo
619 3239 706 3300 nobis
726 3237 843 3299 interim
861 3249 1042 3298 monstratur
1060 3239 1109 3318 pie
1128 3239 1174 3298 iu-

39 3344 140 3410 steque
159 3323 284 3388 vivendi
304 3319 418 3403 regula.
436 3315 509 3380 Hoc
529 3338 602 3401 ergo
622 3318 653 3376 in
673 3316 731 3376 rita
751 3325 833 3380 recte
852 3313 1030 3376 instituenda
1044 3305 1174 3408 primum

42 3419 91 3478 est,
109 3417 144 3464 ut
160 3403 335 3464 studeamus
355 3416 413 3455 nos
431 3395 559 3476 probare
577 3395 657 3454 Deo.
696 3391 810 3453 Scimus
830 3403 937 3466 autem,
957 3413 1010 3452 cor
1028 3413 1175 3466 sincerum

41 3495 69 3541 et
86 3502 194 3562 puram
218 3473 435 3537 conscientiam
458 3470 497 3534 ab
525 3491 562 3532 co
586 3470 709 3530 maxime
733 3467 854 3548 requiri.
892 3469 996 3547 Itaque
1021 3487 1175 3550 perversus

40 3561 92 3618 erit
112 3558 205 3626 ordo,
227 3553 255 3614 si
274 3552 340 3642 quis
383 3548 527 3612 ostbabita
547 3547 644 3608 cordis
662 3546 833 3628 integritate
852 3555 1000 3606 externam
1018 3546 1111 3606 modo
1129 3544 1175 3606 ri-

41 3636 145 3695 tamin
168 3631 351 3708 obsequium
393 3625 457 3708 egis
469 3622 538 3685 edm
562 3633 641 3684 nnat
665 3622 841 3684 Tenendum
861 3621 1100 3692 enimmcmoria
1120 3631 1175 3695 est,

41 3713 144 3786 Deum,
164 3709 205 3770 ad
226 3727 317 3788 quern
336 3703 492 3794 respicere
503 3647 649 3783 jubemur,
666 3719 730 3760 non
750 3709 897 3758 externam
917 3717 1040 3778 oper-mn
1055 3697 1175 3772 larvam,

41 3791 87 3849 sed
112 3811 168 3849 cor
216 3801 360 3862 raecrpue
385 3791 503 3840 intueri.
553 3777 691 3839 Secundo
724 3773 831 3836 deinde
859 3774 928 3836 loco
954 3775 1076 3835 accedat
1099 3769 1174 3832 obc-

42 3866 167 3937 ticum,
193 3808 258 3921 boc
281 3869 342 3930 est,
372 3875 412 3916 ne
437 3853 516 3915 sibi
554 3855 635 3934 isque
655 3873 761 3914 novam
780 3851 907 3912 iustitiae
928 3850 1067 3922 sormam,
1096 3868 1174 3928 quae

42 3941 205 4013 rihhart-it,
230 3935 296 3996 sine
316 3933 378 3994 Dei
398 3929 491 3992 verbo
510 3876 650 4006 iubriert,
674 3931 731 3990 sed·
750 3927 804 3989 hos
824 3928 883 3988 Dei
902 3927 1028 4009 imperio
1048 3925 1177 3987 sinamus

41 4020 111 4078 reni.
147 4019 261 4096 Neque
284 4012 366 4073 enirn
384 4009 458 4068 baec
478 4009 610 4069 definitio
631 4005 808 4088 negligenda
830 4015 899 4079 ests
912 4006 1008 4063 lustos
1029 4023 1102 4078 esse,
1123 4001 1173 4082 qui

43 4066 127 4158 sittim
143 4115 231 4154 suam
252 4082 387 4148 lonnabt
406 4087 442 4146 ad
461 4085 549 4168 Legis
568 4087 738 4164 praecepta:
763 4101 823 4162 quo
842 4079 986 4154 innuitur,
1003 4078 1075 4140 nihil
1096 4080 1174 4218 apud
1214 4131 1218 4139 .

43 4173 131 4233 [teum
154 4187 223 4232 esse
244 4164 373 4228 ficticios
394 4181 495 4222 onures
513 4161 615 4236 cultros,
635 4171 665 4220 et
683 4178 789 4243 vagum
806 4177 868 4219 esse
889 4177 922 4218 ac
941 4175 1101 4229 erroneum
1138 4176 1173 4216 u-

42 4271 138 4310 manae
158 4247 243 4308 vitae
264 4260 394 4313 cursum,
413 4238 531 4300 simulac
550 4237 709 4298 disceditur
727 4236 763 4295 ab
785 4235 846 4294 eius
857 4235 950 4317 Lege.
987 4233 1072 4294 Inter
1084 4253 1175 4309 proa-

40 4343 114 4404 cepta
135 4337 170 4388 et
187 4321 414 4396 &ficum
427 4315 486 4376 hoc
505 4316 638 4388 interest,
657 4313 737 4392 quod
757 4309 902 4393 posterius
921 4329 1032 4370 nomen
1052 4309 1176 4390 proprie

41 4405 71 4468 ad
88 4401 214 4490 pietatis
240 4409 275 4462 et
298 4391 395 4476 titini
419 4392 512 4456 cultos
538 4391 674 4456 exercitia
693 4389 836 4465 refertor,
866 4385 947 4470 prim
966 4397 1068 4478 autoru'
1081 4385 1178 4467 magis
