2766 4840
349 195 351 203 Δ
418 285 423 296 ,
473 235 608 288 curura
626 229 813 288 extremm
1139 197 1225 298 ἔξω

138 379 246 442 assub
265 381 314 447 87.
350 377 434 441 Sicu
450 374 513 440 rla'ss
530 347 606 440 No&
646 379 824 460 Quanquam
847 397 887 438 uu
928 398 944 438 r
967 395 1086 440 suorum
1101 381 1225 452 'animos
1266 347 1268 352 V

65 458 200 524 Christus
219 455 383 537 suspendit,
399 476 441 547 ne
460 456 497 547 de
505 455 621 547 'ultimo
633 456 681 516 die
693 455 778 516 nimis
787 475 894 535 scrupu
907 473 958 514 ose
970 454 1165 546 inquirerent,
1184 479 1225 520 nc

63 549 162 620 tamen
179 553 284 624 secure
304 532 407 593 monde
423 531 538 626 delicus
557 531 748 606 indormians,
768 551 848 593 nuuc
867 531 904 592 ad
923 530 1152 622 sollicitudinem
1173 555 1225 595 eos

64 613 207 704 bortatur.
224 610 297 701 ⁸See
322 621 552 702 prgojncertos
572 609 609 700 de
629 630 683 670 suo
702 609 830 670 adventu
851 627 914 669 esse
932 606 1044 701 voluat,
1073 620 1107 669 ut
1125 621 1227 702 tamen

62 684 1227 856 tttldtjctt‘tttlttttttliz,lettrffttttltbt‘tt'tttt

61 833 1226 1006 crassescentetreet:deseruereterete:
1285 956 1292 979 ..

63 997 152 1056 absor
175 1005 221 1053 tae
241 1005 320 1082 suut,
339 1009 429 1070 quum
445 1003 574 1083 suaviter
592 991 761 1082 rundelrcras
781 1012 812 1082 se
830 1003 1065 1128 sugurqrtareut,
1084 1004 1115 1054 et
1133 993 1224 1088 paulo

64 1070 488 1224 ttttstdttlttptffit
507 1065 719 1219 bilbili?
730 1068 1227 1210 ttt¹ttt¹¹¹tttltfttbttt

63 1221 167 1284 muudi
190 1221 347 1294 securitas,
371 1231 434 1312 uon
461 1230 577 1312 esteur
595 1220 651 1282 sibi
669 1219 750 1312 vulgi
770 1220 903 1301 exemplo
921 1220 1096 1359 indulgeant
1114 1223 1228 1285 fideles.

63 1301 152 1361 Nunc
167 1308 302 1389 tenemus
314 1296 423 1358 Cbrrstr
436 1295 605 1390 consilium,
619 1317 659 1389 ιιι.
677 1295 782 1389 subito·
795 1297 960 1390 obruantur
978 1297 998 1356 fi
1019 1298 1099 1391 eles,
1109 1320 1228 1391 semper

64 1375 195 1472 agendas
220 1373 278 1436 rllrs
298 1395 361 1436 esse
380 1373 532 1448 excubias,
555 1394 623 1454 quaa
638 1386 820 1466 ‘inopinatus’
843 1374 982 1435 adveniet
1004 1375 1099 1466 ultuma
1125 1376 1236 1468 'ldoell

64 1447 759 1609 2¹2222sltl‘lfflttt‘t'ttdttzt‘attath
770 1451 1231 1618 lilibrilrffllitililssl

63 1609 144 1671 citat.
176 1605 238 1666 Sed
255 1603 413 1694 absurdum
432 1615 570 1679 nouest,
589 1604 663 1665 duos
679 1603 882 1688 Evangelutas
901 1623 962 1664 uno
983 1603 1117 1685 exemplo
1137 1605 1228 1668 fuisse

64 1691 235 1755 contentos,
256 1701 386 1760 quamvis
406 1679 465 1758 duo
487 1691 585 1742 esseut
600 1703 616 1740 a
631 1679 752 1742 Cbristo
770 1679 935 1762 proposita,
954 1682 1126 1762 praesertim
1139 1703 1229 1762 quum

64 1781 121 1842 per
141 1757 241 1820 omnia
261 1756 428 1838 quadraret,
446 1767 543 1818 totum
561 1777 655 1838 genus
675 1758 834 1817 humanum
852 1756 934 1832 olim,
953 1779 1043 1836 quum
1059 1758 1153 1819 otiosa
1166 1759 1230 1842 lae,

62 1837 131 1898 titia
151 1834 312 1909 difflueret,
353 1830 579 1922 aucis'eseeptis
598 1844 722 1914 repente
743 1832 829 1896 suisse
849 1833 1030 1915 absorptum.
1070 1833 1165 1910 Quod
1175 1857 1228 1896 au·
1319 1839 1328 1862 ²

64 1926 126 1976 tum
138 1911 222 1986 dicit,
240 1911 317 1972 eden
339 1931 369 1986 o,
388 1908 533 1986 bibendo,
550 1909 735 1972 celebrandis
746 1909 866 1992 nuptiis,
886 1922 917 1971 et
935 1911 997 1971 aliis
1017 1911 1146 1995 negotiis
1163 1933 1229 1972 sae-

64 1989 214 2052 cularibus
233 1999 304 2048 tuuc
325 1985 459 2048 bomiues
475 2009 600 2069 operam
620 1987 745 2060 dedisse,
764 2009 854 2068 quum
872 1988 955 2048 Deus
973 1998 1069 2048 totum
1088 1989 1231 2050 muudum

64 2064 196 2139 diluvio,
216 2077 246 2125 et
264 2062 435 2124 fulminibus
456 2063 616 2126 Sodomam
658 2065 779 2125 cedidit:
801 2065 843 2126 bis
863 2063 960 2125 verbis
978 2064 1140 2155 significat,
1159 2087 1230 2147 per-

62 2144 136 2205 inde
163 2141 251 2200 fuisse
277 2151 437 2220 occupatos
456 2139 488 2200 iu
508 2161 625 2202 commo
647 2140 669 2200 is
690 2151 720 2200 et
739 2141 851 2202 deliciis
871 2151 1032 2220 praesentis
1050 2141 1145 2214 vitae,
1171 2139 1231 2202 acsi

62 2220 147 2280 nulla
167 2215 440 2278 mutatiotiureuda
460 2228 546 2276 esset.
585 2215 650 2274 Etsi
669 2227 767 2276 autem
784 2216 882 2278 statim
894 2216 1059 2296 praecipiet
1069 2216 1231 2307 discipulis,

62 2309 98 2356 ut
118 2293 176 2356 sibi
196 2313 213 2352 a
233 2290 352 2380 crapula
366 2291 546 2352 vettcrrenis
566 2290 643 2352 euris
663 2303 801 2363 caveant,
824 2291 883 2351 boc
908 2302 1008 2352 tamen
1027 2289 1097 2354 luco
1118 2292 1231 2354 duecte

63 2393 131 2434 non
153 2369 272 2429 damnat
291 2365 411 2426 illorum
422 2378 589 2446 temporum
600 2365 816 2445 intemperiem,
834 2365 885 2428 sed
897 2367 996 2446 potius
1007 2368 1232 2444 contumaciam,

63 2469 126 2528 qua
151 2445 260 2503 lactum
285 2453 329 2502 est
353 2453 388 2501 ut
411 2443 516 2522 spretis
535 2440 594 2502 Dei
613 2441 699 2502 minis
719 2443 817 2524 supini
836 2455 1039 2522 exspectarent
1056 2443 1231 2507 horribilem

61 2519 228 2584 interitum.
267 2518 369 2594 Quum
383 2537 468 2602 ergo
494 2516 658 2580 durabilem
676 2517 858 2580 statum-sibi
878 2519 1102 2600 promitterent,
1127 2540 1231 2582 secure

63 2603 98 2664 in
112 2595 262 2660 consuetis
281 2594 339 2654 suis
358 2594 522 2656 rationibus
541 2613 669 2676 pergere
689 2615 751 2654 uon
772 2595 953 2656 dubitarunt.
981 2597 1081 2686 Atque
1094 2597 1152 2656 boe
1164 2599 1231 2676 qui-

63 2679 136 2738 dem
162 2688 217 2764 per
240 2693 274 2736 se
296 2671 434 2732 vitiosum
459 2691 493 2732 ac
519 2670 684 2732 damnabile
703 2691 766 2731 uon
787 2670 904 2744 suisset,
927 2671 1148 2733 necessitatibus
1172 2674 1231 2736 suis

64 2768 253 2836 prospicere,
272 2748 328 2810 uisi
347 2769 472 2810 crassum
493 2761 644 2828 stuporem
663 2749 872 2828 opposuisscnt
880 2748 939 2810 Dei
957 2747 1079 2824 iudicio,
1097 2760 1132 2809 ut
1151 2749 1235 2811 clau-

65 2832 105 2891 sis
126 2827 220 2889 oculis
240 2827 276 2886 ad
296 2824 438 2907 peccandi
457 2825 606 2886 licentiam
627 2836 758 2899 ruerent,
779 2825 860 2916 quasi
880 2825 976 2886 nullus
997 2837 1075 2886 esset
1092 2825 1125 2886 iu
1144 2825 1232 2888 coelo

65 2905 185 2984 vindex.
223 2902 268 2964 lu
289 2923 367 2962 nuuc
389 2900 523 2962 Christus
542 2899 675 2963 ultimam
694 2901 795 2962 muudi
814 2913 940 2963 aetatem
956 2923 1075 2985 prorsus
1087 2903 1234 2984 stupidam

66 2983 136 3042 lore
162 2981 268 3054 docet,
291 2991 325 3038 ut
344 2977 417 3038 nibil
437 2979 552 3060 cogitet
571 3000 657 3058 quam
678 2979 714 3040 de
734 2979 883 3057 praesenti
903 2978 978 3055 vita,
1001 2999 1065 3040 suas
1089 2999 1125 3041 ue
1149 2999 1233 3040 ouras

65 3060 98 3118 in
119 3057 243 3139 longum
262 3067 378 3135 tempus
395 3057 542 3129 extendat,
560 3055 679 3116 solitum
691 3055 770 3117 vitae
782 3077 908 3131 cursum,
927 3057 986 3117 acsi
995 3056 1026 3116 iu
1038 3000 1143 3117 cubem
1155 3067 1234 3117 statu

67 3155 206 3196 mansura
225 3153 344 3213 semper
363 3143 440 3192 esset
458 3143 554 3208 terra,
573 3134 758 3194 continuans.
775 3147 780 3158 '
798 3133 874 3193 Sunt
893 3144 990 3193 autem
1009 3133 1173 3213 aptissimae
1193 3133 1235 3193 si-

66 3208 265 3272 militudines:
286 3209 353 3302 quia
372 3209 396 3268 si
416 3208 502 3269 uobis
522 3210 725 3290 proponimus,
767 3209 1077 3291 uidtunceoutigerit,
1096 3230 1159 3272 non
1171 3231 1234 3270 am-

68 3287 148 3368 plius
168 3305 224 3346 nos
244 3284 373 3366 decipiet
392 3285 521 3346 eiusdem
540 3286 572 3345 in
590 3285 693 3346 mundi
713 3231 941 3346 orlinetenoris
954 3298 1097 3366 aspectus,
1115 3299 1148 3346 ut
1168 3306 1235 3348 ere-

67 3365 174 3425 damus
190 3375 337 3443 perpetuo
356 3373 507 3422 staturum.
544 3363 620 3421 Nam
639 3361 739 3422 triduo
750 3375 906 3442 postquam
917 3362 949 3422 iu
965 3383 1076 3424 summa
1089 3362 1235 3442 tranquil-

67 3441 155 3501 litate
179 3461 226 3500 res
251 3459 316 3500 suas
342 3439 465 3519 quisque
485 3437 609 3519 agebat,
633 3451 712 3500 terra
731 3438 927 3502 inundatione
947 3439 1097 3502 submersa
1117 3440 1185 3516 tuit,
1204 3450 1236 3502 et

69 3517 204 3599 quinque
222 3516 310 3578 urbes
329 3515 393 3596 igni
413 3525 614 3594 consumptae.

147 3599 196 3658 89.
234 3591 306 3652 Nos
328 3605 519 3670 cognossem
541 3589 632 3651 donec
653 3593 771 3652 ueniam
794 3589 942 3652 ἄιὶιιιιίιιιιι.
985 3593 1067 3654 Fons
1093 3604 1125 3652 et
1148 3609 1237 3653 causa

69 3669 259 3754 ignorantiae
279 3668 345 3742 fuit,
365 3669 446 3747 quod
465 3666 654 3729 incredulitas
674 3681 882 3732 excaecaverat
899 3689 1001 3729 eorum
1014 3679 1142 3730 mentes:
1160 3666 1247 3730 sieut·

72 3766 188 3808 rursum
208 3747 297 3807 docet
315 3745 476 3827 Apostolus
497 3745 533 3804 ad
553 3742 708 3805 llebraeos
729 3764 792 3836 cap.
812 3753 866 3821 11,
885 3753 928 3822 7.,
957 3747 1024 3806 Noe
1049 3742 1117 3804 (idei
1143 3742 1237 3808 oeulis

71 3822 219 3886 occultam
240 3821 335 3883 adbuc
354 3821 414 3882 Dei
432 3821 588 3882 vindictam
610 3821 722 3882 eminus
741 3821 857 3896 vidisse,
881 3833 913 3881 ut
932 3833 1044 3883 mature
1065 3840 1129 3881 eam
1149 3819 1238 3882 time-

72 3910 130 3960 ret.
169 3901 210 3960 Et
229 3899 275 3960 hic
296 3898 431 3959 Christus
450 3899 517 3962 Not
537 3919 603 3958 cum
623 3897 677 3959 reli
701 3919 740 3959 uo
759 3899 892 3973 mundo,
909 3900 971 3959 Lot
989 3919 1054 3958 cum
1074 3895 1239 3958 Sodomitis

72 3987 237 4056 comparat,
256 3989 290 4037 ut
308 3976 421 4038 discant
438 3974 539 4035 fideles
558 3993 622 4036 sese
642 3919 795 4058 colligere,
813 3996 853 4036 ue
865 3973 1002 4036 cumaliis
1013 3984 1151 4056 vagantes
1167 3991 1238 4034 eva-

73 4065 207 4115 nescant.
245 4055 416 4114 Notandum
435 4062 533 4111 autem
553 4062 613 4127 est,
638 4051 707 4113 ideo
732 4064 804 4112 tunc
828 4049 975 4132 reprobos
999 4048 1186 4130 obtorpuisse
1205 4049 1239 4112 in

73 4131 133 4193 suis
152 4128 252 4207 malis,
277 4129 343 4210 quia
362 4127 509 4192 Dominus
527 4149 590 4187 non
610 4127 665 4188 nisi
684 4148 784 4188 servos
803 4148 871 4188 suos
890 4126 1016 4187 salvifica
1035 4126 1240 4189 admonitione

75 4207 201 4269 carendi
221 4217 392 4288 opportune
412 4205 441 4266 di
465 4215 548 4265 natus
569 4217 626 4266 esta
647 4225 711 4264 uon
731 4203 811 4284 quod
827 4203 864 4264 de
881 4202 981 4264 loturo
998 4203 1107 4265 diluvio
1118 4224 1240 4294 prorsus

75 4282 163 4346 celati
182 4283 242 4344 sint
258 4295 355 4346 terrae
375 4225 494 4344 incolae
517 4283 664 4364 (quorum
689 4279 782 4341 oculis
801 4281 868 4340 Νοὸ
892 4281 924 4340 in
949 4301 1035 4342 arcae
1054 4280 1166 4342 fabrica
1184 4299 1241 4359 per

78 4380 173 4424 annos
193 4357 397 4456 pluremum
415 4361 500 4424 triste
517 4355 718 4441 spectaculum
738 4355 876 4438 obiecit),
894 4355 946 4422 sed
965 4357 1034 4439 quia
1052 4377 1128 4420 unua
1148 4358 1240 4420 bomo
