2766 4840
149 265 208 328 πθ
302 254 418 320 SECT.
438 209 536 314 xmt
574 261 838 312 nuamsaaoauu
855 259 1149 310 nasammonas

150 433 199 474 eo·
211 411 343 474 traducta
366 417 452 482 mat,
477 405 636 468 conteruit.
675 406 720 464 Ita
740 401 828 464 etiam
847 402 978 484 proxima
998 399 1173 494 obimgatio
1199 397 1319 457 decimo

149 490 239 550 tertio
260 486 356 580 capite
375 507 393 546 a
411 485 491 544 Luca
511 482 663 574 inseritur,
689 481 745 572 ubi*
762 480 847 571 aliam
867 479 1020 569 historiam
1038 489 1156 538 recitat
1197 475 1233 566 §i
1255 474 1319 554 quis

149 554 1319 718 tttlnttltlttsltlritib05¹¹¹listttall‘tittdahlthtttf

136 739 202 779 ⁴nes
223 739 263 780 nu
286 738 319 777 er
338 714 480 808 expositas
500 716 657 787 recensuit,
676 712 796 772 taudem
816 710 977 784 concludit,
997 709 1109 768 scribas
1130 727 1239 764 omnes
1260 725 1318 762 ma-

150 797 194 879 gis
210 739 297 854 luisle
314 791 587 873 Cbrutoliulestus,
606 802 639 850 ιιι
657 809 773 848 suarmn
793 788 962 866 captionum
981 785 1113 865 aucupiis
1133 782 1258 842 iusidias
1278 780 1317 870 illi

148 884 262 934 struere
279 891 341 930 non
360 878 521 929 cessarent:
541 867 621 945 quod
641 867 678 925 ad
698 864 879 942 colloquium
901 863 932 922 io
951 883 1051 922 mensa
1071 861 1209 920 habiturn
1229 877 1318 936 magis

149 949 254 1008 referri
280 947 375 1007 debet·
393 963 479 1023 quarn
499 945 542 1003 'ad
565 943 698 1002 ultimam
724 941 909 1003 concionem.
954 939 1016 1000 Sed
1041 958 1100 1020 ego
1129 958 1196 996 nou
1221 933 1319 1014 magni

150 1025 264 1116 reterre
285 1024 366 1100 duxi,
390 1022 422 1081 in
441 1032 594 1101 tempere,
614 1020 695 1100 quod
715 1017 903 1099 Evangelista
924 1015 1071 1098 neglexit,
1096 1036 1161 1074 nou
1184 1033 1249 1074 csse
1270 1033 1318 1070 cu-

149 1121 270 1162 ciosum.

132 1409 136 1422 .
231 1349 335 1430 (184.)
356 1345 497 1414 Marte.
512 1347 580 1411 Xll.
623 1347 674 1412 41.
694 1345 736 1426 Et
756 1365 853 1432 quum
874 1343 1003 1409 sederet
1014 1335 1104 1408 les'us
1125 1363 1164 1406 er
1177 1337 1316 1404 adverso

149 1453 391 1542 gazophylacii,
414 1451 582 1537 spectabat
609 1449 775 1535 quomode
803 1446 897 1514 turba
924 1450 1064 1513 mitteret
1086 1467 1143 1510 aes
1166 1447 1203 1510 iu
1223 1435 1318 1528 geizo-

148 1558 344 1645 phylacium.
393 1555 434 1619 Et
462 1554 553 1618 multi
581 1553 698 1619 divite's
722 1548 891 1617 mittebant
917 1551 1024 1622 multa.
1072 1551 1126 1614 42.
1159 1549 1205 1614 Et
1231 1547 1317 1608 venit

111 1677 117 1682 '
149 1660 308 1748 quaedam
335 1657 434 1723 vidua
457 1679 595 1743 pauper,
624 1659 771 1742 misitque
794 1651 914 1720 mirrtlta
937 1655 1016 1730 duo,
1045 1651 1136 1742 quod
1167 1661 1217 1716 est
1244 1670 1317 1734 qua·

149 1753 254 1830 draus.
295 1765 346 1828 43.
368 1763 567 1846 Vocatisque
589 1758 629 1824 ad
652 1782 687 1824 se
710 1757 876 1844 discipulis
897 1762 977 1836 suis,
997 1759 1093 1840 dixit,
1112 1761 1223 1822 Amen
1244 1753 1314 1818 dico

147 1865 256 1940 vohis,
284 1862 374 1949 quod
402 1863 483 1926 haec
510 1860 607 1926 vidua
633 1885 759 1948 pauper
785 1864 859 1946 plus
880 1864 964 1928 misit
984 1885 1078 1949 quam
1102 1881 1234 1930 omues,
1261 1857 1314 1940 qui

147 1967 303 2032 miserunt
324 1967 358 2028 iu
380 1963 659 2058 gazophylac'mm.
693 1967 744 2030 44.
765 1965 848 2029 Nam
871 1987 982 2031 onines
1005 1986 1044 2029 ex
1068 1986 1121 2044 co,
1142 1959 1236 2048 quod
1254 1957 1311 2022 illis

148 2065 301 2146 abundat,
320 2057 493 2134 miserunt:
521 2077 553 2132 at
574 2068 695 2162 haeae
717 2071 854 2154 penuria
875 2091 948 2148 sua,
969 2070 1078 2142 omnia
1100 2058 1308 2153 quaecumque

147 2168 291 2237 hahebat
311 2171 404 2250 misit,
425 2181 641 2262 totumsuum
661 2173 787 2236 viuum.

230 2373 334 2444 LUC.
355 2377 440 2442 xxi.
489 2379 518 2444 1.
544 2374 687 2442 Sublatis
708 2389 814 2448 autem
836 2379 941 2444 oculis
962 2376 1042 2445 vidit
1063 2399 1139 2455 cos,
1166 2380 1225 2463 qui
1249 2376 1311 2438 mit·

148 2479 261 2548 tehaot
282 2501 415 2545 munera
437 2502 494 2546 sun
517 2482 551 2544 iu
573 2483 841 2568 gazophylacium
864 2485 988 2550 divites.
1030 2485 1059 2548 2
1085 2481 1184 2546 Vidit
1212 2491 1311 2547 autem

148 2595 180 2668 pt
202 2582 363 2672 quandam
383 2583 512 2649 viduam
535 2586 765 2670 pauperculam
787 2593 963 2652 mittentem
988 2585 1068 2653 illuc
1096 2608 1174 2650 acra
1197 2589 1313 2650 minuta

131 2688 223 2753 ·duo.
265 2690 296 2751 3.
320 2687 363 2751 Ει
390 2684 484 2762 dixit,
512 2689 602 2754 Vere
624 2689 702 2754 dico
720 2689 828 2770 vohis,
855 2692 945 2777 quod
967 2691 1065 2757 vidua
1086 2690 1171 2754 haec
1192 2711 1313 2777 pauper

145 2788 337 2876 plusquam
359 2807 472 2852 omues
493 2789 609 2855 intulit.
649 2790 783 2864 nsum
806 2813 919 2856 omues
940 2793 972 2857 hi
995 2815 1032 2858 cx
1054 2815 1106 2872 eo,
1129 2794 1223 2880 quod
1242 2795 1315 2880 ipsis

146 2887 313 2966 exuberat,
339 2888 519 2956 intulerunt
539 2895 574 2958 iu
597 2892 733 2960 douaiia
755 2895 834 2960 Dei:
869 2895 950 2961 haec
978 2907 1084 2962 autem
1113 2919 1153 2962 ex
1180 2899 1316 2984 penuria

148 3014 208 3058 sua
229 2994 413 3058 uuiversum
434 2997 562 3074 victum,
581 3017 676 3082 quem
698 2997 850 3077 hahebat,
869 2997 986 3066 intulit.

224 3205 315 3298 Marc:
326 3213 373 3273 ta.
397 3211 497 3302 Aropo
506 3209 666 3303 ἆίιιιυιιόἰι.
691 3215 758 3274 Hoc
771 3216 881 3278 Christi
891 3239 1064 3308 responsum
1074 3217 1248 3279 doctrinam
1260 3234 1314 3272 ⁸⁰¹¹

97 3307 101 3315 ¹
147 3303 251 3363 parum
271 3284 372 3376 utilem
392 3300 537 3378 continet,
558 3291 697 3369 quicquid
717 3291 852 3353 offerunt
872 3296 1005 3356 homines
1021 3297 1104 3370 Deo,
1123 3317 1190 3356 uon
1209 3297 1249 3350 ab
1270 3313 1314 3350 0¹-

147 3371 353 3451 ternoupretro
374 3376 530 3440 aestimari,
550 3365 602 3426 sed
622 3380 735 3428 tautum
756 3391 790 3428 ex
810 3371 906 3442 cordis
928 3371 1047 3442 allectu,
1067 3373 1129 3428 imo
1146 3367 1244 3446 pluris
1257 3389 1315 3426 esse

146 3451 209 3496 etus
243 3448 372 3527 retaterp,
393 3440 444 3531 qui
465 3461 519 3520 pro
539 3464 593 3502 suo
613 3444 736 3505 modulo
758 3448 1047 3525 quantulumcunque
1069 3445 1243 3504 babetnso
1261 3444 1314 3502 im-

146 3535 206 3593 pen
228 3525 261 3588 rt,
281 3535 368 3604 quam
388 3536 439 3594 qm
459 3519 599 3608 centuplo
622 3520 686 3610 plus
706 3521 799 3582 olsert
818 3544 851 3583 ex
868 3521 1119 3584 suaabuudantia.
1150 3519 1251 3582 Porro
1262 3523 1314 3578 du-

129 3590 214 3677 ‘plex
234 3601 277 3681 est
296 3591 379 3650 huius
399 3593 553 3686 doctrinae
573 3598 691 3673 utilitas,
710 3619 777 3658 nam
787 3599 934 3658 Dominus
947 3619 1003 3677 pau
1044 3597 1157 3674 rculos,
1179 3597 1228 3678 qui
1237 3597 1312 3655 beuc

147 3667 254 3801 agendi
273 3666 411 3758 facultate
432 3669 550 3732 destitui
569 3675 722 3750 videntur,
742 3675 851 3734 artiorat
870 3688 903 3734 ιιι
922 3696 984 3735 uon
1006 3619 1146 3734 dhbiteut
1167 3675 1214 3735 vel
1233 3672 1312 3733 team

148 3763 167 3802 o
180 3744 250 3834 hero
271 3744 406 3834 alacriter
422 3749 549 3836 studium
564 3771 647 3810 suum
662 3752 775 3812 testari:
818 3751 864 3812 uia
875 3751 900 3812 si
912 3774 942 3812 se
955 3753 1033 3830 ipsos
1044 3763 1236 3826 consecrant,
1254 3772 1314 3810 non

147 3841 243 3910 miuus
256 3833 385 3912 pretiosa
398 3836 464 3898 erit,
485 3847 559 3907 quae
579 3827 610 3886 in
631 3829 761 3908 speciem
780 3773 845 3890 vilis
866 3841 897 3890 ct
917 3828 1021 3888 irivola
1044 3839 1088 3888 est
1109 3849 1216 3888 eorum
1234 3828 1316 3889 obla-

90 3933 98 3948 ι
147 3907 209 3985 tro,
233 3918 319 3976 quam
344 3919 369 3987 ξι
396 3920 497 3962 omues
519 3901 626 3964 Croesi
646 3906 798 3966 thesauros
818 3905 954 3966 aflerant.
992 3906 1121 3966 Rursum
1146 3918 1317 3972 moueatur,

149 3971 254 4050 quibus
274 3974 395 4061 uberior
414 3979 547 4068 suppetit
565 3982 669 4060 copia,
688 3995 719 4040 et
738 3982 788 4060 qui
808 3981 941 4062 pluribus
962 3982 1046 4042 donis
1067 3983 1237 4054 excellunt,
1257 4001 1313 4040 uon

147 4047 295 4120 sulficere,
313 4070 337 4106 st
358 4051 511 4143 largiendo
532 4058 684 4138 gregarios
699 4072 729 4120 et
741 4072 844 4120 tenues
858 4057 949 4139 lunge
960 4069 1118 4138 superent:
1140 4061 1210 4137 quia
1221 4060 1314 4117 miuus
1364 4101 1365 4122 ι

149 4133 195 4181 eat
213 4143 312 4182 coram
327 4124 408 4200 Deo,
428 4129 546 4189 divitem
566 4151 601 4191 ex
620 4155 729 4214 magno
750 4155 857 4194 acervo
877 4137 1057 4194 mediocrem
1077 4157 1223 4195 summam
1245 4155 1314 4194 con·
1364 4131 1365 4144 ¹

83 4289 86 4298 Δ
148 4195 239 4270 serre,
251 4219 517 4293 quampauperem,
529 4207 673 4268 minutum
684 4211 793 4289 aliquid
803 4211 966 4290 erogando,
976 4233 1007 4270 se
1020 4211 1187 4272 exhaurire.
1220 4213 1312 4270 Porro

147 4282 211 4328 non
230 4271 356 4362 pulgarrs
376 4276 432 4337 luit
445 4281 534 4368 ‘huius
553 4283 658 4345 viduae
679 4286 784 4366 pietas,
804 4308 890 4368 quae,
909 4309 948 4347 ne
964 4309 1053 4350 vacua
1070 4289 1102 4346 iu
1119 4301 1311 4369 conspectum

149 4343 505 4433 D0¹¹¹¹¹1¹v01²1tetuctu
523 4361 648 4440 proprio
667 4383 699 4424 se
719 4363 836 4444 privare
854 4363 965 4428 maluit
1004 4365 1045 4424 Et
1055 4365 1129 4428 baec
1141 4363 1307 4446 simplicitas
