<?xml version="1.0" encoding="UTF-8"?>
<!DOCTYPE html PUBLIC "-//W3C//DTD XHTML 1.0 Transitional//EN"
    "http://www.w3.org/TR/xhtml1/DTD/xhtml1-transitional.dtd">
<html xmlns="http://www.w3.org/1999/xhtml" xml:lang="en" lang="en">
 <head>
  <title>
</title>
<meta http-equiv="Content-Type" content="text/html;charset=utf-8" />
  <meta name='ocr-system' content='tesseract 3.04.00' />
  <meta name='ocr-capabilities' content='ocr_page ocr_carea ocr_par ocr_line ocrx_word'/>
</head>
<body>
  <div class='ocr_page' id='page_1' title='image "./innovumtestamen00calvgoog_0697.png"; bbox 0 0 2766 4840; ppageno 0'>
   <div class='ocr_carea' id='block_1_1' title="bbox 122 205 1049 300">
    <p class='ocr_par' dir='ltr' id='par_1_1' title="bbox 122 205 1049 300">
     <span class='ocr_line' id='line_1_1' title="bbox 122 205 1049 300; baseline -0.026 0"><span class='ocrx_word' id='word_1_1' title='bbox 122 239 181 300; x_wconf 76' lang='lat'><strong>31⁰</strong></span> <span class='ocrx_word' id='word_1_2' title='bbox 241 205 243 222; x_wconf 71' lang='lat'><strong>.</strong></span> <span class='ocrx_word' id='word_1_3' title='bbox 364 227 451 290; x_wconf 86' lang='lat' dir='ltr'><strong>SEC.</strong></span> <span class='ocrx_word' id='word_1_4' title='bbox 471 225 552 290; x_wconf 73' lang='lat' dir='ltr'><strong>XIX.</strong></span> <span class='ocrx_word' id='word_1_5' title='bbox 593 237 726 284; x_wconf 84' lang='lat' dir='ltr'><strong>cunrsrr</strong></span> <span class='ocrx_word' id='word_1_6' title='bbox 745 234 863 282; x_wconf 78' lang='lat' dir='ltr'><strong>erssro</strong></span> <span class='ocrx_word' id='word_1_7' title='bbox 884 233 929 280; x_wconf 82' lang='lat' dir='ltr'><strong>er</strong></span> <span class='ocrx_word' id='word_1_8' title='bbox 946 231 1049 278; x_wconf 85' lang='lat' dir='ltr'><strong>noas.</strong></span> 
     </span>
    </p>
   </div>
   <div class='ocr_carea' id='block_1_2' title="bbox 126 371 1303 670">
    <p class='ocr_par' dir='ltr' id='par_1_2' title="bbox 126 371 1366 670">
     <span class='ocr_line' id='line_1_2' title="bbox 126 371 1303 470; baseline -0.013 -17"><span class='ocrx_word' id='word_1_9' title='bbox 126 389 193 453; x_wconf 87' lang='lat' dir='ltr'><strong>hoo</strong></span> <span class='ocrx_word' id='word_1_10' title='bbox 214 385 321 450; x_wconf 87' lang='lat' dir='ltr'><strong>fructu</strong></span> <span class='ocrx_word' id='word_1_11' title='bbox 340 385 423 462; x_wconf 83' lang='lat' dir='ltr'><strong>vitis,</strong></span> <span class='ocrx_word' id='word_1_12' title='bbox 456 402 560 470; x_wconf 84' lang='lat' dir='ltr'><strong>usque</strong></span> <span class='ocrx_word' id='word_1_13' title='bbox 582 384 614 446; x_wconf 89' lang='lat' dir='ltr'><strong>in</strong></span> <span class='ocrx_word' id='word_1_14' title='bbox 637 379 724 446; x_wconf 89' lang='lat' dir='ltr'><strong>diem</strong></span> <span class='ocrx_word' id='word_1_15' title='bbox 744 376 849 453; x_wconf 90' lang='lat' dir='ltr'><strong>illum,</strong></span> <span class='ocrx_word' id='word_1_16' title='bbox 876 397 973 462; x_wconf 88' lang='lat' dir='ltr'><strong>quum</strong></span> <span class='ocrx_word' id='word_1_17' title='bbox 995 373 1088 440; x_wconf 87' lang='lat' dir='ltr'><strong>illum</strong></span> <span class='ocrx_word' id='word_1_18' title='bbox 1109 371 1221 439; x_wconf 87' lang='lat' dir='ltr'><strong>bibam</strong></span> <span class='ocrx_word' id='word_1_19' title='bbox 1243 393 1303 438; x_wconf 73' lang='lat' dir='ltr'><strong>vo</strong></span> 
     </span>
     <span class='ocr_line' id='line_1_3' title="bbox 131 475 1301 574; baseline -0.015 -18"><span class='ocrx_word' id='word_1_20' title='bbox 131 491 257 557; x_wconf 85' lang='lat' dir='ltr'><strong>hiscum</strong></span> <span class='ocrx_word' id='word_1_21' title='bbox 284 507 404 554; x_wconf 86' lang='lat' dir='ltr'><strong>novum</strong></span> <span class='ocrx_word' id='word_1_22' title='bbox 433 489 465 552; x_wconf 91' lang='lat' dir='ltr'><strong>in</strong></span> <span class='ocrx_word' id='word_1_23' title='bbox 493 505 595 574; x_wconf 81' lang='lat' dir='ltr'><strong>regno</strong></span> <span class='ocrx_word' id='word_1_24' title='bbox 625 485 728 549; x_wconf 84' lang='lat' dir='ltr'><strong>Patris</strong></span> <span class='ocrx_word' id='word_1_25' title='bbox 754 483 827 546; x_wconf 91' lang='lat' dir='ltr'><strong>mei.</strong></span> <span class='ocrx_word' id='word_1_26' title='bbox 868 481 920 545; x_wconf 84' lang='lat'><strong>30.</strong></span> <span class='ocrx_word' id='word_1_27' title='bbox 947 479 990 543; x_wconf 86' lang='lat' dir='ltr'><strong>Et</strong></span> <span class='ocrx_word' id='word_1_28' title='bbox 1015 496 1114 565; x_wconf 86' lang='lat' dir='ltr'><strong>quum</strong></span> <span class='ocrx_word' id='word_1_29' title='bbox 1142 475 1301 562; x_wconf 74' lang='lat' dir='ltr'><strong>ltpmnuur</strong></span> 
     </span>
     <span class='ocr_line' id='line_1_4' title="bbox 131 583 913 670; baseline -0.015 -10"><span class='ocrx_word' id='word_1_30' title='bbox 131 595 333 670; x_wconf 81' lang='lat' dir='ltr'><strong>cecinissent,</strong></span> <span class='ocrx_word' id='word_1_31' title='bbox 355 583 501 656; x_wconf 84' lang='lat' dir='ltr'><strong>exierunt</strong></span> <span class='ocrx_word' id='word_1_32' title='bbox 518 592 552 656; x_wconf 90' lang='lat' dir='ltr'><strong>iu</strong></span> <span class='ocrx_word' id='word_1_33' title='bbox 571 593 711 668; x_wconf 84' lang='lat' dir='ltr'><strong>montem</strong></span> <span class='ocrx_word' id='word_1_34' title='bbox 734 583 913 651; x_wconf 83' lang='lat' dir='ltr'><strong>Olivarum.</strong></span> 
     </span>
    </p>
   </div>
   <div class='ocr_carea' id='block_1_3' title="bbox 116 739 1354 1669">
    <p class='ocr_par' dir='ltr' id='par_1_3' title="bbox 116 739 1354 1669">
     <span class='ocr_line' id='line_1_5' title="bbox 190 739 1354 836; baseline -0.016 -9"><span class='ocrx_word' id='word_1_35' title='bbox 190 759 359 826; x_wconf 67' lang='lat' dir='ltr'><strong>‘Mane</strong></span> <span class='ocrx_word' id='word_1_36' title='bbox 380 754 466 822; x_wconf 87' lang='lat' dir='ltr'><strong>XlV.</strong></span> <span class='ocrx_word' id='word_1_37' title='bbox 508 759 560 824; x_wconf 88' lang='grc'><strong>22.</strong></span> <span class='ocrx_word' id='word_1_38' title='bbox 592 757 635 822; x_wconf 90' lang='lat' dir='ltr'><strong>Et</strong></span> <span class='ocrx_word' id='word_1_39' title='bbox 658 754 830 822; x_wconf 76' lang='lat' dir='ltr'><strong>edentibus</strong></span> <span class='ocrx_word' id='word_1_40' title='bbox 848 739 924 830; x_wconf 90' lang='lat' dir='ltr'><strong>illis,</strong></span> <span class='ocrx_word' id='word_1_41' title='bbox 944 761 1072 836; x_wconf 87' lang='lat' dir='ltr'><strong>sumpto</strong></span> <span class='ocrx_word' id='word_1_42' title='bbox 1094 749 1187 814; x_wconf 84' lang='lat' dir='ltr'><strong>lesus</strong></span> <span class='ocrx_word' id='word_1_43' title='bbox 1209 767 1300 831; x_wconf 82' lang='lat' dir='ltr'><strong>pane,</strong></span> <span class='ocrx_word' id='word_1_44' title='bbox 1349 767 1354 786; x_wconf 91' lang='lat'><strong>·</strong></span> 
     </span>
     <span class='ocr_line' id='line_1_6' title="bbox 133 853 1303 956; baseline -0.015 -26"><span class='ocrx_word' id='word_1_45' title='bbox 133 885 231 956; x_wconf 88' lang='lat' dir='ltr'><strong>quum</strong></span> <span class='ocrx_word' id='word_1_46' title='bbox 252 859 483 950; x_wconf 77' lang='lat' dir='ltr'><strong>benedixisset,</strong></span> <span class='ocrx_word' id='word_1_47' title='bbox 503 857 613 945; x_wconf 51' lang='lat' dir='ltr'><strong>fregit*</strong></span> <span class='ocrx_word' id='word_1_48' title='bbox 630 872 662 926; x_wconf 88' lang='lat' dir='ltr'><strong>et</strong></span> <span class='ocrx_word' id='word_1_49' title='bbox 684 855 929 948; x_wconf 40' lang='lat' dir='ltr'><strong>dedit&#39;illisbae</strong></span> <span class='ocrx_word' id='word_1_50' title='bbox 950 855 1038 932; x_wconf 81' lang='lat' dir='ltr'><strong>dixit,</strong></span> <span class='ocrx_word' id='word_1_51' title='bbox 1059 853 1195 929; x_wconf 89' lang='lat' dir='ltr'><strong>Sumite,</strong></span> <span class='ocrx_word' id='word_1_52' title='bbox 1217 871 1303 914; x_wconf 91' lang='lat' dir='ltr'><strong>com·</strong></span> 
     </span>
     <span class='ocr_line' id='line_1_7' title="bbox 135 955 1305 1054; baseline -0.014 -18"><span class='ocrx_word' id='word_1_53' title='bbox 135 968 238 1036; x_wconf 90' lang='lat' dir='ltr'><strong>edite:</strong></span> <span class='ocrx_word' id='word_1_54' title='bbox 267 963 331 1032; x_wconf 86' lang='lat' dir='ltr'><strong>boe</strong></span> <span class='ocrx_word' id='word_1_55' title='bbox 359 974 406 1030; x_wconf 87' lang='lat' dir='ltr'><strong>est</strong></span> <span class='ocrx_word' id='word_1_56' title='bbox 434 986 552 1051; x_wconf 88' lang='lat' dir='ltr'><strong>eorpus</strong></span> <span class='ocrx_word' id='word_1_57' title='bbox 579 987 692 1054; x_wconf 84' lang='lat' dir='ltr'><strong>meum.</strong></span> <span class='ocrx_word' id='word_1_58' title='bbox 735 965 785 1028; x_wconf 84' lang='grc'><strong>23.</strong></span> <span class='ocrx_word' id='word_1_59' title='bbox 819 961 861 1025; x_wconf 86' lang='lat' dir='ltr'><strong>Et</strong></span> <span class='ocrx_word' id='word_1_60' title='bbox 882 969 1014 1043; x_wconf 91' lang='lat' dir='ltr'><strong>accepto</strong></span> <span class='ocrx_word' id='word_1_61' title='bbox 1036 955 1175 1044; x_wconf 89' lang='lat' dir='ltr'><strong>poculo,</strong></span> <span class='ocrx_word' id='word_1_62' title='bbox 1202 979 1305 1042; x_wconf 86' lang='lat' dir='ltr'><strong>quum</strong></span> 
     </span>
     <span class='ocr_line' id='line_1_8' title="bbox 116 1060 1306 1158; baseline -0.011 -22"><span class='ocrx_word' id='word_1_63' title='bbox 116 1074 260 1158; x_wconf 29' lang='lat' dir='ltr'><strong>,gratias</strong></span> <span class='ocrx_word' id='word_1_64' title='bbox 282 1069 414 1154; x_wconf 81' lang='lat' dir='ltr'><strong>egisset,</strong></span> <span class='ocrx_word' id='word_1_65' title='bbox 434 1067 525 1134; x_wconf 85' lang='lat' dir='ltr'><strong>dedit</strong></span> <span class='ocrx_word' id='word_1_66' title='bbox 545 1066 626 1133; x_wconf 77' lang='lat' dir='ltr'><strong>illise</strong></span> <span class='ocrx_word' id='word_1_67' title='bbox 651 1080 683 1133; x_wconf 85' lang='lat' dir='ltr'><strong>et</strong></span> <span class='ocrx_word' id='word_1_68' title='bbox 703 1065 857 1132; x_wconf 87' lang='lat' dir='ltr'><strong>biberunt</strong></span> <span class='ocrx_word' id='word_1_69' title='bbox 880 1085 917 1128; x_wconf 83' lang='lat' dir='ltr'><strong>ex</strong></span> <span class='ocrx_word' id='word_1_70' title='bbox 939 1085 980 1127; x_wconf 91' lang='lat' dir='ltr'><strong>eo</strong></span> <span class='ocrx_word' id='word_1_71' title='bbox 1002 1081 1126 1127; x_wconf 86' lang='lat' dir='ltr'><strong>omnes.</strong></span> <span class='ocrx_word' id='word_1_72' title='bbox 1171 1061 1222 1124; x_wconf 67' lang='lat'><strong>24</strong></span> <span class='ocrx_word' id='word_1_73' title='bbox 1259 1060 1306 1123; x_wconf 86' lang='lat' dir='ltr'><strong>Et</strong></span> 
     </span>
     <span class='ocr_line' id='line_1_9' title="bbox 136 1155 1303 1258; baseline -0.01 -18"><span class='ocrx_word' id='word_1_74' title='bbox 136 1175 215 1240; x_wconf 84' lang='lat' dir='ltr'><strong>dixit</strong></span> <span class='ocrx_word' id='word_1_75' title='bbox 236 1171 318 1249; x_wconf 91' lang='lat' dir='ltr'><strong>illis,</strong></span> <span class='ocrx_word' id='word_1_76' title='bbox 349 1157 496 1237; x_wconf 43' lang='lat' dir='ltr'><strong>Hic&#39;est</strong></span> <span class='ocrx_word' id='word_1_77' title='bbox 523 1155 652 1258; x_wconf 68' lang='lat' dir='ltr'><strong>sanguis</strong></span> <span class='ocrx_word' id='word_1_78' title='bbox 679 1193 769 1236; x_wconf 89' lang='lat' dir='ltr'><strong>meus</strong></span> <span class='ocrx_word' id='word_1_79' title='bbox 795 1169 883 1234; x_wconf 88' lang='lat' dir='ltr'><strong>Novi</strong></span> <span class='ocrx_word' id='word_1_80' title='bbox 910 1167 1126 1252; x_wconf 87' lang='lat' dir='ltr'><strong>Testamenti,</strong></span> <span class='ocrx_word' id='word_1_81' title='bbox 1155 1166 1208 1250; x_wconf 89' lang='lat' dir='ltr'><strong>qui</strong></span> <span class='ocrx_word' id='word_1_82' title='bbox 1235 1185 1303 1249; x_wconf 92' lang='lat' dir='ltr'><strong>pro</strong></span> 
     </span>
     <span class='ocr_line' id='line_1_10' title="bbox 137 1265 1304 1355; baseline -0.009 -13"><span class='ocrx_word' id='word_1_83' title='bbox 137 1275 248 1351; x_wconf 87' lang='lat' dir='ltr'><strong>multis</strong></span> <span class='ocrx_word' id='word_1_84' title='bbox 270 1273 457 1340; x_wconf 68' lang='lat' dir='ltr'><strong>effunditur.</strong></span> <span class='ocrx_word' id='word_1_85' title='bbox 506 1273 558 1340; x_wconf 76' lang='lat'><strong>25.</strong></span> <span class='ocrx_word' id='word_1_86' title='bbox 589 1277 693 1340; x_wconf 86' lang='lat' dir='ltr'><strong>Amen</strong></span> <span class='ocrx_word' id='word_1_87' title='bbox 716 1273 791 1340; x_wconf 91' lang='lat' dir='ltr'><strong>dico</strong></span> <span class='ocrx_word' id='word_1_88' title='bbox 814 1268 925 1346; x_wconf 80' lang='lat' dir='ltr'><strong>vobis,</strong></span> <span class='ocrx_word' id='word_1_89' title='bbox 949 1269 1082 1355; x_wconf 85' lang='lat' dir='ltr'><strong>posthac</strong></span> <span class='ocrx_word' id='word_1_90' title='bbox 1102 1290 1169 1334; x_wconf 84' lang='lat' dir='ltr'><strong>uon</strong></span> <span class='ocrx_word' id='word_1_91' title='bbox 1188 1265 1304 1332; x_wconf 84' lang='lat' dir='ltr'><strong>bibam</strong></span> 
     </span>
     <span class='ocr_line' id='line_1_11' title="bbox 137 1351 1308 1463; baseline -0.009 -16"><span class='ocrx_word' id='word_1_92' title='bbox 137 1381 180 1448; x_wconf 91' lang='lat' dir='ltr'><strong>de</strong></span> <span class='ocrx_word' id='word_1_93' title='bbox 204 1381 311 1445; x_wconf 87' lang='lat' dir='ltr'><strong>fructu</strong></span> <span class='ocrx_word' id='word_1_94' title='bbox 330 1379 404 1443; x_wconf 83' lang='lat' dir='ltr'><strong>vitis</strong></span> <span class='ocrx_word' id='word_1_95' title='bbox 426 1399 529 1463; x_wconf 87' lang='lat' dir='ltr'><strong>usque</strong></span> <span class='ocrx_word' id='word_1_96' title='bbox 552 1376 599 1440; x_wconf 73' lang='lat' dir='ltr'><strong>ad.</strong></span> <span class='ocrx_word' id='word_1_97' title='bbox 616 1375 702 1440; x_wconf 87' lang='lat' dir='ltr'><strong>diem</strong></span> <span class='ocrx_word' id='word_1_98' title='bbox 723 1373 841 1452; x_wconf 77' lang='lat' dir='ltr'><strong>illum,¹</strong></span> <span class='ocrx_word' id='word_1_99' title='bbox 858 1351 1076 1459; x_wconf 60' lang='lat' dir='ltr'><strong>quum⁷illum</strong></span> <span class='ocrx_word' id='word_1_100' title='bbox 1102 1370 1221 1437; x_wconf 84' lang='lat' dir='ltr'><strong>bibero</strong></span> <span class='ocrx_word' id='word_1_101' title='bbox 1245 1393 1308 1437; x_wconf 90' lang='lat' dir='ltr'><strong>uo-</strong></span> 
     </span>
     <span class='ocr_line' id='line_1_12' title="bbox 138 1476 1310 1568; baseline -0.007 -19"><span class='ocrx_word' id='word_1_102' title='bbox 138 1507 215 1548; x_wconf 85' lang='lat' dir='ltr'><strong>vum</strong></span> <span class='ocrx_word' id='word_1_103' title='bbox 244 1485 277 1548; x_wconf 92' lang='lat' dir='ltr'><strong>in</strong></span> <span class='ocrx_word' id='word_1_104' title='bbox 299 1501 403 1566; x_wconf 81' lang='lat' dir='ltr'><strong>reguo</strong></span> <span class='ocrx_word' id='word_1_105' title='bbox 425 1481 499 1544; x_wconf 88' lang='lat' dir='ltr'><strong>Dei.</strong></span> <span class='ocrx_word' id='word_1_106' title='bbox 541 1481 592 1545; x_wconf 84' lang='grc'><strong>26.</strong></span> <span class='ocrx_word' id='word_1_107' title='bbox 627 1478 678 1566; x_wconf 17' lang='lat' dir='ltr'><strong>Et*</strong></span> <span class='ocrx_word' id='word_1_108' title='bbox 692 1498 788 1568; x_wconf 88' lang='lat' dir='ltr'><strong>quum</strong></span> <span class='ocrx_word' id='word_1_109' title='bbox 811 1477 965 1564; x_wconf 80' lang='lat' dir='ltr'><strong>hymnum</strong></span> <span class='ocrx_word' id='word_1_110' title='bbox 986 1476 1198 1558; x_wconf 87' lang='lat' dir='ltr'><strong>cecinissent,</strong></span> <span class='ocrx_word' id='word_1_111' title='bbox 1220 1481 1310 1541; x_wconf 76' lang='lat' dir='ltr'><strong>exie-</strong></span> 
     </span>
     <span class='ocr_line' id='line_1_13' title="bbox 137 1581 630 1669; baseline -0.012 -15"><span class='ocrx_word' id='word_1_112' title='bbox 137 1597 214 1656; x_wconf 87' lang='lat' dir='ltr'><strong>ruut</strong></span> <span class='ocrx_word' id='word_1_113' title='bbox 235 1589 271 1654; x_wconf 94' lang='lat' dir='ltr'><strong>in</strong></span> <span class='ocrx_word' id='word_1_114' title='bbox 290 1596 433 1652; x_wconf 88' lang='lat' dir='ltr'><strong>montem</strong></span> <span class='ocrx_word' id='word_1_115' title='bbox 452 1581 630 1669; x_wconf 82' lang='lat' dir='ltr'><strong>Olivaruur.</strong></span> 
     </span>
    </p>
   </div>
   <div class='ocr_carea' id='block_1_4' title="bbox 139 1701 1312 2568">
    <p class='ocr_par' dir='ltr' id='par_1_4' title="bbox 139 1701 1312 2568">
     <span class='ocr_line' id='line_1_14' title="bbox 168 1701 1311 1848; baseline -0.006 -27"><span class='ocrx_word' id='word_1_116' title='bbox 168 1839 173 1848; x_wconf 33' lang='lat'><strong><em>¹</em></strong></span> <span class='ocrx_word' id='word_1_117' title='bbox 222 1747 333 1822; x_wconf 78' lang='lat' dir='ltr'><strong>LUC..</strong></span> <span class='ocrx_word' id='word_1_118' title='bbox 346 1751 444 1818; x_wconf 82' lang='lat' dir='ltr'><strong>xxlt.</strong></span> <span class='ocrx_word' id='word_1_119' title='bbox 486 1751 535 1816; x_wconf 81' lang='lat' dir='ltr'><strong>tt.</strong></span> <span class='ocrx_word' id='word_1_120' title='bbox 558 1750 600 1816; x_wconf 85' lang='lat' dir='ltr'><strong>Et</strong></span> <span class='ocrx_word' id='word_1_121' title='bbox 621 1760 757 1835; x_wconf 77' lang='lat' dir='ltr'><strong>accepto</strong></span> <span class='ocrx_word' id='word_1_122' title='bbox 779 1701 910 1836; x_wconf 84' lang='lat' dir='ltr'><strong>pocirlo,</strong></span> <span class='ocrx_word' id='word_1_123' title='bbox 930 1747 1046 1832; x_wconf 75' lang='lat' dir='ltr'><strong>gratim</strong></span> <span class='ocrx_word' id='word_1_124' title='bbox 1068 1729 1143 1832; x_wconf 71' lang='lat' dir='ltr'><strong>egid</strong></span> <span class='ocrx_word' id='word_1_125' title='bbox 1166 1759 1201 1814; x_wconf 87' lang='lat' dir='ltr'><strong>et</strong></span> <span class='ocrx_word' id='word_1_126' title='bbox 1221 1748 1311 1826; x_wconf 84' lang='lat' dir='ltr'><strong>dixit,</strong></span> 
     </span>
     <span class='ocr_line' id='line_1_15' title="bbox 140 1846 1311 1943; baseline -0.005 -19"><span class='ocrx_word' id='word_1_127' title='bbox 140 1860 287 1943; x_wconf 77' lang='lat' dir='ltr'><strong>Accipite,</strong></span> <span class='ocrx_word' id='word_1_128' title='bbox 308 1853 378 1930; x_wconf 85' lang='lat' dir='ltr'><strong>froc,</strong></span> <span class='ocrx_word' id='word_1_129' title='bbox 401 1862 433 1917; x_wconf 93' lang='lat' dir='ltr'><strong>et</strong></span> <span class='ocrx_word' id='word_1_130' title='bbox 455 1846 590 1916; x_wconf 72' lang='lat' dir='ltr'><strong>dividite</strong></span> <span class='ocrx_word' id='word_1_131' title='bbox 614 1853 786 1917; x_wconf 85' lang='lat' dir='ltr'><strong>intervos.</strong></span> <span class='ocrx_word' id='word_1_132' title='bbox 829 1853 878 1918; x_wconf 78' lang='lat' dir='ltr'><strong>ts.</strong></span> <span class='ocrx_word' id='word_1_133' title='bbox 900 1853 984 1915; x_wconf 87' lang='lat' dir='ltr'><strong>Dico</strong></span> <span class='ocrx_word' id='word_1_134' title='bbox 997 1850 1201 1940; x_wconf 83' lang='lat' dir='ltr'><strong>enimvobis,</strong></span> <span class='ocrx_word' id='word_1_135' title='bbox 1220 1855 1311 1940; x_wconf 89' lang='lat' dir='ltr'><strong>qood</strong></span> 
     </span>
     <span class='ocr_line' id='line_1_16' title="bbox 139 1953 1311 2042; baseline -0.003 -16"><span class='ocrx_word' id='word_1_136' title='bbox 139 1983 206 2032; x_wconf 89' lang='lat' dir='ltr'><strong>non</strong></span> <span class='ocrx_word' id='word_1_137' title='bbox 223 1957 332 2024; x_wconf 88' lang='lat' dir='ltr'><strong>bibam</strong></span> <span class='ocrx_word' id='word_1_138' title='bbox 355 1953 397 2020; x_wconf 90' lang='lat' dir='ltr'><strong>de</strong></span> <span class='ocrx_word' id='word_1_139' title='bbox 420 1955 630 2034; x_wconf 55' lang='lat' dir='ltr'><strong>fructusritis,</strong></span> <span class='ocrx_word' id='word_1_140' title='bbox 651 1953 758 2034; x_wconf 76' lang='lat' dir='ltr'><strong>donce</strong></span> <span class='ocrx_word' id='word_1_141' title='bbox 779 1979 912 2042; x_wconf 81' lang='lat' dir='ltr'><strong>regnum</strong></span> <span class='ocrx_word' id='word_1_142' title='bbox 933 1953 999 2023; x_wconf 88' lang='lat' dir='ltr'><strong>Dei</strong></span> <span class='ocrx_word' id='word_1_143' title='bbox 1020 1955 1138 2022; x_wconf 85' lang='lat' dir='ltr'><strong>veniat.</strong></span> <span class='ocrx_word' id='word_1_144' title='bbox 1191 1959 1241 2022; x_wconf 85' lang='lat'><strong>19.</strong></span> <span class='ocrx_word' id='word_1_145' title='bbox 1270 1959 1311 2022; x_wconf 86' lang='lat' dir='ltr'><strong>Et</strong></span> 
     </span>
     <span class='ocr_line' id='line_1_17' title="bbox 141 2059 1307 2149; baseline -0.003 -19"><span class='ocrx_word' id='word_1_146' title='bbox 141 2071 277 2149; x_wconf 84' lang='lat' dir='ltr'><strong>accepto</strong></span> <span class='ocrx_word' id='word_1_147' title='bbox 297 2080 390 2145; x_wconf 83' lang='lat' dir='ltr'><strong>pane,</strong></span> <span class='ocrx_word' id='word_1_148' title='bbox 411 2079 508 2144; x_wconf 86' lang='lat' dir='ltr'><strong>quum</strong></span> <span class='ocrx_word' id='word_1_149' title='bbox 527 2060 643 2142; x_wconf 77' lang='lat' dir='ltr'><strong>gratias</strong></span> <span class='ocrx_word' id='word_1_150' title='bbox 663 2059 789 2143; x_wconf 81' lang='lat' dir='ltr'><strong>egisset,</strong></span> <span class='ocrx_word' id='word_1_151' title='bbox 809 2061 914 2146; x_wconf 80' lang='lat' dir='ltr'><strong>fregit,</strong></span> <span class='ocrx_word' id='word_1_152' title='bbox 936 2081 973 2124; x_wconf 83' lang='lat' dir='ltr'><strong>aa</strong></span> <span class='ocrx_word' id='word_1_153' title='bbox 994 2059 1087 2124; x_wconf 83' lang='lat' dir='ltr'><strong>dedit</strong></span> <span class='ocrx_word' id='word_1_154' title='bbox 1109 2063 1170 2136; x_wconf 91' lang='lat' dir='ltr'><strong>eis,</strong></span> <span class='ocrx_word' id='word_1_155' title='bbox 1191 2061 1307 2126; x_wconf 77' lang='lat' dir='ltr'><strong>dicens·</strong></span> 
     </span>
     <span class='ocr_line' id='line_1_18' title="bbox 140 2160 1307 2248; baseline 0 -16"><span class='ocrx_word' id='word_1_156' title='bbox 140 2169 216 2232; x_wconf 88' lang='lat' dir='ltr'><strong>Hoe</strong></span> <span class='ocrx_word' id='word_1_157' title='bbox 237 2173 285 2232; x_wconf 86' lang='lat' dir='ltr'><strong>est</strong></span> <span class='ocrx_word' id='word_1_158' title='bbox 306 2171 424 2247; x_wconf 75' lang='lat' dir='ltr'><strong>eorpus</strong></span> <span class='ocrx_word' id='word_1_159' title='bbox 445 2180 566 2240; x_wconf 87' lang='lat' dir='ltr'><strong>meum,</strong></span> <span class='ocrx_word' id='word_1_160' title='bbox 592 2160 682 2248; x_wconf 81' lang='lat' dir='ltr'><strong>quod</strong></span> <span class='ocrx_word' id='word_1_161' title='bbox 710 2183 772 2248; x_wconf 92' lang='lat' dir='ltr'><strong>pro</strong></span> <span class='ocrx_word' id='word_1_162' title='bbox 794 2161 889 2228; x_wconf 86' lang='lat' dir='ltr'><strong>vobis</strong></span> <span class='ocrx_word' id='word_1_163' title='bbox 916 2161 1026 2228; x_wconf 83' lang='lat' dir='ltr'><strong>datur:</strong></span> <span class='ocrx_word' id='word_1_164' title='bbox 1053 2163 1120 2228; x_wconf 88' lang='lat' dir='ltr'><strong>hoc</strong></span> <span class='ocrx_word' id='word_1_165' title='bbox 1152 2163 1186 2230; x_wconf 82' lang='lat' dir='ltr'><strong>fa</strong></span> <span class='ocrx_word' id='word_1_166' title='bbox 1230 2169 1307 2232; x_wconf 89' lang='lat' dir='ltr'><strong>eiu</strong></span> 
     </span>
     <span class='ocr_line' id='line_1_19' title="bbox 140 2255 1311 2356; baseline -0.003 -17"><span class='ocrx_word' id='word_1_167' title='bbox 140 2273 205 2340; x_wconf 83' lang='lat' dir='ltr'><strong>rnei</strong></span> <span class='ocrx_word' id='word_1_168' title='bbox 226 2255 495 2336; x_wconf 85' lang='lat' dir='ltr'><strong>recordationem.</strong></span> <span class='ocrx_word' id='word_1_169' title='bbox 517 2265 587 2336; x_wconf 70' lang='lat' dir='ltr'><strong>,2st</strong></span> <span class='ocrx_word' id='word_1_170' title='bbox 621 2265 774 2334; x_wconf 84' lang='lat' dir='ltr'><strong>Similiter</strong></span> <span class='ocrx_word' id='word_1_171' title='bbox 794 2279 827 2333; x_wconf 88' lang='lat' dir='ltr'><strong>et</strong></span> <span class='ocrx_word' id='word_1_172' title='bbox 847 2265 1016 2354; x_wconf 85' lang='lat' dir='ltr'><strong>poculum,</strong></span> <span class='ocrx_word' id='word_1_173' title='bbox 1042 2279 1219 2356; x_wconf 86' lang='lat' dir='ltr'><strong>postquam</strong></span> <span class='ocrx_word' id='word_1_174' title='bbox 1240 2293 1311 2336; x_wconf 87' lang='lat' dir='ltr'><strong>eoe-</strong></span> 
     </span>
     <span class='ocr_line' id='line_1_20' title="bbox 140 2369 1312 2457; baseline -0.002 -15"><span class='ocrx_word' id='word_1_175' title='bbox 140 2378 241 2456; x_wconf 83' lang='lat' dir='ltr'><strong>raavit,</strong></span> <span class='ocrx_word' id='word_1_176' title='bbox 260 2372 382 2449; x_wconf 82' lang='lat' dir='ltr'><strong>dicens,</strong></span> <span class='ocrx_word' id='word_1_177' title='bbox 401 2370 476 2436; x_wconf 88' lang='lat' dir='ltr'><strong>lloo</strong></span> <span class='ocrx_word' id='word_1_178' title='bbox 493 2369 656 2457; x_wconf 85' lang='lat' dir='ltr'><strong>poculum,</strong></span> <span class='ocrx_word' id='word_1_179' title='bbox 675 2369 805 2436; x_wconf 82' lang='lat' dir='ltr'><strong>Novum</strong></span> <span class='ocrx_word' id='word_1_180' title='bbox 824 2370 1065 2437; x_wconf 79' lang='lat' dir='ltr'><strong>Testamentum</strong></span> <span class='ocrx_word' id='word_1_181' title='bbox 1087 2374 1124 2438; x_wconf 89' lang='lat' dir='ltr'><strong>in</strong></span> <span class='ocrx_word' id='word_1_182' title='bbox 1145 2395 1225 2440; x_wconf 84' lang='lat' dir='ltr'><strong>meo</strong></span> <span class='ocrx_word' id='word_1_183' title='bbox 1245 2395 1312 2440; x_wconf 82' lang='lat' dir='ltr'><strong>ran</strong></span> 
     </span>
     <span class='ocr_line' id='line_1_21' title="bbox 141 2471 737 2568; baseline -0.01 -26"><span class='ocrx_word' id='word_1_184' title='bbox 141 2481 248 2568; x_wconf 71' lang='lat' dir='ltr'><strong>guine,</strong></span> <span class='ocrx_word' id='word_1_185' title='bbox 269 2476 326 2564; x_wconf 88' lang='lat' dir='ltr'><strong>qui</strong></span> <span class='ocrx_word' id='word_1_186' title='bbox 348 2495 409 2562; x_wconf 92' lang='lat' dir='ltr'><strong>pro</strong></span> <span class='ocrx_word' id='word_1_187' title='bbox 430 2471 526 2540; x_wconf 78' lang='lat' dir='ltr'><strong>vobls&#39;</strong></span> <span class='ocrx_word' id='word_1_188' title='bbox 548 2471 737 2539; x_wconf 73' lang='lat' dir='ltr'><strong>effunditur.</strong></span> 
     </span>
    </p>
   </div>
   <div class='ocr_carea' id='block_1_5' title="bbox 222 2701 1315 2864">
    <p class='ocr_par' dir='ltr' id='par_1_5' title="bbox 222 2701 1315 2864">
     <span class='ocr_line' id='line_1_22' title="bbox 222 2701 1315 2864; baseline -0.007 -77"><span class='ocrx_word' id='word_1_189' title='bbox 222 2726 301 2804; x_wconf 85' lang='lat' dir='ltr'><strong>Quia</strong></span> <span class='ocrx_word' id='word_1_190' title='bbox 311 2723 406 2786; x_wconf 77' lang='lat' dir='ltr'><strong>Lucas</strong></span> <span class='ocrx_word' id='word_1_191' title='bbox 424 2723 471 2784; x_wconf 82' lang='lat' dir='ltr'><strong>bis</strong></span> <span class='ocrx_word' id='word_1_192' title='bbox 490 2734 660 2814; x_wconf 87' lang='lat' dir='ltr'><strong>porrectum</strong></span> <span class='ocrx_word' id='word_1_193' title='bbox 680 2717 828 2786; x_wconf 80' lang='lat' dir='ltr'><strong>aClrristo</strong></span> <span class='ocrx_word' id='word_1_194' title='bbox 850 2701 970 2784; x_wconf 81' lang='lat' dir='ltr'><strong>calicein</strong></span> <span class='ocrx_word' id='word_1_195' title='bbox 988 2739 1148 2800; x_wconf 86' lang='lat' dir='ltr'><strong>memorat,</strong></span> <span class='ocrx_word' id='word_1_196' title='bbox 1168 2749 1315 2864; x_wconf 78' lang='lat' dir='ltr'><strong>1quaeres.</strong></span> 
     </span>
    </p>
   </div>
   <div class='ocr_carea' id='block_1_6' title="bbox 145 2807 1316 2958">
    <p class='ocr_par' dir='ltr' id='par_1_6' title="bbox 145 2807 1316 2958">
     <span class='ocr_line' id='line_1_23' title="bbox 145 2807 1316 2958; baseline -0.003 -14"><span class='ocrx_word' id='word_1_197' title='bbox 145 2903 208 2945; x_wconf 85' lang='lat' dir='ltr'><strong>reru</strong></span> <span class='ocrx_word' id='word_1_198' title='bbox 228 2901 316 2940; x_wconf 71' lang='lat' dir='ltr'><strong>urrann</strong></span> <span class='ocrx_word' id='word_1_199' title='bbox 336 2877 435 2939; x_wconf 84' lang='lat' dir='ltr'><strong>dicere</strong></span> <span class='ocrx_word' id='word_1_200' title='bbox 454 2873 578 2955; x_wconf 86' lang='lat' dir='ltr'><strong>solent),</strong></span> <span class='ocrx_word' id='word_1_201' title='bbox 599 2897 635 2937; x_wconf 90' lang='lat' dir='ltr'><strong>an</strong></span> <span class='ocrx_word' id='word_1_202' title='bbox 649 2899 720 2938; x_wconf 82' lang='lat' dir='ltr'><strong>vero</strong></span> <span class='ocrx_word' id='word_1_203' title='bbox 732 2875 876 2952; x_wconf 82' lang='lat' dir='ltr'><strong>Christus,</strong></span> <span class='ocrx_word' id='word_1_204' title='bbox 897 2889 1052 2958; x_wconf 83' lang='lat' dir='ltr'><strong>postquam</strong></span> <span class='ocrx_word' id='word_1_205' title='bbox 1071 2901 1107 2940; x_wconf 84' lang='lat' dir='ltr'><strong>ex</strong></span> <span class='ocrx_word' id='word_1_206' title='bbox 1128 2807 1316 2943; x_wconf 47' lang='lat' dir='ltr'><strong>calidiealidii</strong></span> 
     </span>
    </p>
   </div>
   <div class='ocr_carea' id='block_1_7' title="bbox 48 2951 1318 4420">
    <p class='ocr_par' dir='ltr' id='par_1_7' title="bbox 48 2951 1318 4420">
     <span class='ocr_line' id='line_1_24' title="bbox 145 2951 1315 3089; baseline -0.002 -69"><span class='ocrx_word' id='word_1_207' title='bbox 145 2969 239 3030; x_wconf 70' lang='lat' dir='ltr'><strong>verat,</strong></span> <span class='ocrx_word' id='word_1_208' title='bbox 260 2957 318 3016; x_wconf 87' lang='lat' dir='ltr'><strong>ho&#39;c</strong></span> <span class='ocrx_word' id='word_1_209' title='bbox 338 2953 566 3043; x_wconf 78' lang='lat' dir='ltr'><strong>idemsecundo</strong></span> <span class='ocrx_word' id='word_1_210' title='bbox 587 2951 752 3016; x_wconf 79' lang='lat' dir='ltr'><strong>iteraverit:</strong></span> <span class='ocrx_word' id='word_1_211' title='bbox 778 2953 859 3044; x_wconf 75' lang='lat' dir='ltr'><strong>quod</strong></span> <span class='ocrx_word' id='word_1_212' title='bbox 884 2955 1031 3089; x_wconf 88' lang='lat' dir='ltr'><strong>posterius</strong></span> <span class='ocrx_word' id='word_1_213' title='bbox 1058 2956 1132 3016; x_wconf 84' lang='lat' dir='ltr'><strong>milri</strong></span> <span class='ocrx_word' id='word_1_214' title='bbox 1158 2960 1315 3020; x_wconf 83' lang='lat' dir='ltr'><strong>verisimile</strong></span> 
     </span>
     <span class='ocr_line' id='line_1_25' title="bbox 147 3029 1315 3096; baseline -0.002 0"><span class='ocrx_word' id='word_1_215' title='bbox 147 3045 200 3096; x_wconf 86' lang='lat' dir='ltr'><strong>est.</strong></span> <span class='ocrx_word' id='word_1_216' title='bbox 239 3031 355 3092; x_wconf 82' lang='lat' dir='ltr'><strong>Scimus</strong></span> <span class='ocrx_word' id='word_1_217' title='bbox 375 3051 453 3092; x_wconf 80' lang='lat' dir='ltr'><strong>enirn</strong></span> <span class='ocrx_word' id='word_1_218' title='bbox 473 3030 639 3090; x_wconf 83' lang='lat' dir='ltr'><strong>sollennem</strong></span> <span class='ocrx_word' id='word_1_219' title='bbox 666 3032 697 3090; x_wconf 89' lang='lat' dir='ltr'><strong>in</strong></span> <span class='ocrx_word' id='word_1_220' title='bbox 717 3029 865 3092; x_wconf 75' lang='lat' dir='ltr'><strong>sacrificiis</strong></span> <span class='ocrx_word' id='word_1_221' title='bbox 897 3029 996 3092; x_wconf 89' lang='lat' dir='ltr'><strong>ibandi</strong></span> <span class='ocrx_word' id='word_1_222' title='bbox 1015 3034 1104 3092; x_wconf 87' lang='lat' dir='ltr'><strong>ritum</strong></span> <span class='ocrx_word' id='word_1_223' title='bbox 1126 3033 1315 3096; x_wconf 78' lang='lat' dir='ltr'><strong>observatum</strong></span> 
     </span>
     <span class='ocr_line' id='line_1_26' title="bbox 147 3103 1313 3188; baseline 0.003 -20"><span class='ocrx_word' id='word_1_224' title='bbox 147 3109 236 3172; x_wconf 84' lang='lat' dir='ltr'><strong>fuisse</strong></span> <span class='ocrx_word' id='word_1_225' title='bbox 257 3129 278 3188; x_wconf 71' lang='lat' dir='ltr'><strong>a¹</strong></span> <span class='ocrx_word' id='word_1_226' title='bbox 293 3103 398 3168; x_wconf 85' lang='lat' dir='ltr'><strong>sanctis</strong></span> <span class='ocrx_word' id='word_1_227' title='bbox 418 3107 569 3168; x_wconf 85' lang='lat' dir='ltr'><strong>Patribus:</strong></span> <span class='ocrx_word' id='word_1_228' title='bbox 596 3105 674 3168; x_wconf 90' lang='lat' dir='ltr'><strong>unde</strong></span> <span class='ocrx_word' id='word_1_229' title='bbox 696 3104 768 3167; x_wconf 90' lang='lat' dir='ltr'><strong>illud</strong></span> <span class='ocrx_word' id='word_1_230' title='bbox 789 3107 896 3168; x_wconf 86' lang='lat' dir='ltr'><strong>Psalmi</strong></span> <span class='ocrx_word' id='word_1_231' title='bbox 916 3115 984 3184; x_wconf 80' lang='lat' dir='ltr'><strong>rto,</strong></span> <span class='ocrx_word' id='word_1_232' title='bbox 1003 3117 1061 3184; x_wconf 75' lang='lat'><strong>13,</strong></span> <span class='ocrx_word' id='word_1_233' title='bbox 1082 3109 1224 3174; x_wconf 84' lang='lat' dir='ltr'><strong>Calicem</strong></span> <span class='ocrx_word' id='word_1_234' title='bbox 1245 3113 1313 3173; x_wconf 80' lang='lat' dir='ltr'><strong>salu·</strong></span> 
     </span>
     <span class='ocr_line' id='line_1_27' title="bbox 121 3183 1314 3274; baseline 0.007 -34"><span class='ocrx_word' id='word_1_235' title='bbox 121 3213 125 3240; x_wconf 89' lang='lat' dir='ltr'><strong>t</strong></span> <span class='ocrx_word' id='word_1_236' title='bbox 147 3186 184 3247; x_wconf 85' lang='lat' dir='ltr'><strong>tis</strong></span> <span class='ocrx_word' id='word_1_237' title='bbox 205 3183 356 3265; x_wconf 88' lang='lat' dir='ltr'><strong>accipiam,</strong></span> <span class='ocrx_word' id='word_1_238' title='bbox 377 3195 408 3244; x_wconf 90' lang='lat' dir='ltr'><strong>ct</strong></span> <span class='ocrx_word' id='word_1_239' title='bbox 421 3203 532 3245; x_wconf 89' lang='lat' dir='ltr'><strong>nomen</strong></span> <span class='ocrx_word' id='word_1_240' title='bbox 543 3183 666 3246; x_wconf 84' lang='lat' dir='ltr'><strong>Domini</strong></span> <span class='ocrx_word' id='word_1_241' title='bbox 682 3183 839 3249; x_wconf 81' lang='lat' dir='ltr'><strong>invocabo.</strong></span> <span class='ocrx_word' id='word_1_242' title='bbox 879 3185 983 3274; x_wconf 82' lang='lat' dir='ltr'><strong>Itaque</strong></span> <span class='ocrx_word' id='word_1_243' title='bbox 1004 3207 1065 3248; x_wconf 92' lang='lat' dir='ltr'><strong>non</strong></span> <span class='ocrx_word' id='word_1_244' title='bbox 1086 3187 1210 3264; x_wconf 87' lang='lat' dir='ltr'><strong>dubito,</strong></span> <span class='ocrx_word' id='word_1_245' title='bbox 1233 3189 1314 3249; x_wconf 84' lang='lat' dir='ltr'><strong>Chri-</strong></span> 
     </span>
     <span class='ocr_line' id='line_1_28' title="bbox 147 3257 1316 3346; baseline -0.003 -20"><span class='ocrx_word' id='word_1_246' title='bbox 147 3273 225 3326; x_wconf 84' lang='lat' dir='ltr'><strong>stum</strong></span> <span class='ocrx_word' id='word_1_247' title='bbox 251 3282 285 3323; x_wconf 84' lang='lat' dir='ltr'><strong>er</strong></span> <span class='ocrx_word' id='word_1_248' title='bbox 311 3281 394 3320; x_wconf 90' lang='lat' dir='ltr'><strong>more</strong></span> <span class='ocrx_word' id='word_1_249' title='bbox 420 3273 535 3322; x_wconf 87' lang='lat' dir='ltr'><strong>vetusto</strong></span> <span class='ocrx_word' id='word_1_250' title='bbox 563 3257 667 3320; x_wconf 85' lang='lat' dir='ltr'><strong>libasse</strong></span> <span class='ocrx_word' id='word_1_251' title='bbox 692 3259 832 3336; x_wconf 20' lang='lat' dir='ltr'><strong>inlsacro</strong></span> <span class='ocrx_word' id='word_1_252' title='bbox 853 3262 1006 3338; x_wconf 75' lang='lat' dir='ltr'><strong>convivio,</strong></span> <span class='ocrx_word' id='word_1_253' title='bbox 1032 3265 1114 3342; x_wconf 88' lang='lat' dir='ltr'><strong>quod</strong></span> <span class='ocrx_word' id='word_1_254' title='bbox 1134 3265 1197 3328; x_wconf 88' lang='lat' dir='ltr'><strong>rite</strong></span> <span class='ocrx_word' id='word_1_255' title='bbox 1242 3267 1316 3346; x_wconf 82' lang='lat' dir='ltr'><strong>eragi</strong></span> 
     </span>
     <span class='ocr_line' id='line_1_29' title="bbox 48 3335 1316 3430; baseline 0 -30"><span class='ocrx_word' id='word_1_256' title='bbox 48 3408 54 3421; x_wconf 47' lang='grc'><strong>,</strong></span> <span class='ocrx_word' id='word_1_257' title='bbox 88 3415 93 3422; x_wconf 31' lang='lat'>¹</span> <span class='ocrx_word' id='word_1_258' title='bbox 147 3339 234 3414; x_wconf 77' lang='lat' dir='ltr'><strong>aliter</strong></span> <span class='ocrx_word' id='word_1_259' title='bbox 253 3347 474 3430; x_wconf 65' lang='lat' dir='ltr'><strong>nonpoterat:</strong></span> <span class='ocrx_word' id='word_1_260' title='bbox 501 3337 589 3416; x_wconf 88' lang='lat' dir='ltr'><strong>idque</strong></span> <span class='ocrx_word' id='word_1_261' title='bbox 616 3337 724 3400; x_wconf 85' lang='lat' dir='ltr'><strong>diserte</strong></span> <span class='ocrx_word' id='word_1_262' title='bbox 749 3335 841 3397; x_wconf 88' lang='lat' dir='ltr'><strong>refert</strong></span> <span class='ocrx_word' id='word_1_263' title='bbox 859 3338 969 3410; x_wconf 74' lang='lat' dir='ltr'><strong>Luras,</strong></span> <span class='ocrx_word' id='word_1_264' title='bbox 995 3351 1156 3420; x_wconf 81' lang='lat' dir='ltr'><strong>antequam</strong></span> <span class='ocrx_word' id='word_1_265' title='bbox 1186 3365 1202 3402; x_wconf 85' lang='lat' dir='ltr'><strong>a</strong></span> <span class='ocrx_word' id='word_1_266' title='bbox 1251 3341 1316 3402; x_wconf 73' lang='lat' dir='ltr'><strong>novi</strong></span> 
     </span>
     <span class='ocr_line' id='line_1_30' title="bbox 147 3413 1315 3499; baseline -0.002 -21"><span class='ocrx_word' id='word_1_267' title='bbox 147 3413 278 3496; x_wconf 87' lang='lat' dir='ltr'><strong>mysterii</strong></span> <span class='ocrx_word' id='word_1_268' title='bbox 298 3415 498 3473; x_wconf 82' lang='lat' dir='ltr'><strong>narrationem</strong></span> <span class='ocrx_word' id='word_1_269' title='bbox 525 3413 695 3488; x_wconf 85' lang='lat' dir='ltr'><strong>descendat,</strong></span> <span class='ocrx_word' id='word_1_270' title='bbox 725 3414 807 3473; x_wconf 88' lang='lat' dir='ltr'><strong>cuius</strong></span> <span class='ocrx_word' id='word_1_271' title='bbox 832 3416 907 3474; x_wconf 87' lang='lat' dir='ltr'><strong>ratio</strong></span> <span class='ocrx_word' id='word_1_272' title='bbox 936 3414 1072 3478; x_wconf 86' lang='lat' dir='ltr'><strong>distincta</strong></span> <span class='ocrx_word' id='word_1_273' title='bbox 1099 3430 1145 3478; x_wconf 90' lang='lat' dir='ltr'><strong>est</strong></span> <span class='ocrx_word' id='word_1_274' title='bbox 1174 3419 1213 3480; x_wconf 83' lang='lat' dir='ltr'><strong>ab</strong></span> <span class='ocrx_word' id='word_1_275' title='bbox 1240 3439 1315 3499; x_wconf 82' lang='lat' dir='ltr'><strong>agno</strong></span> 
     </span>
     <span class='ocr_line' id='line_1_31' title="bbox 151 3489 1315 3574; baseline 0.003 -22"><span class='ocrx_word' id='word_1_276' title='bbox 151 3491 289 3572; x_wconf 86' lang='lat' dir='ltr'><strong>paschali.</strong></span> <span class='ocrx_word' id='word_1_277' title='bbox 328 3491 396 3550; x_wconf 86' lang='lat' dir='ltr'><strong>Hoc</strong></span> <span class='ocrx_word' id='word_1_278' title='bbox 418 3511 537 3569; x_wconf 85' lang='lat' dir='ltr'><strong>quoque</strong></span> <span class='ocrx_word' id='word_1_279' title='bbox 558 3511 591 3550; x_wconf 81' lang='lat' dir='ltr'><strong>ex</strong></span> <span class='ocrx_word' id='word_1_280' title='bbox 610 3501 732 3571; x_wconf 86' lang='lat' dir='ltr'><strong>recepto</strong></span> <span class='ocrx_word' id='word_1_281' title='bbox 753 3489 940 3570; x_wconf 88' lang='lat' dir='ltr'><strong>sollennique</strong></span> <span class='ocrx_word' id='word_1_282' title='bbox 1001 3517 1020 3553; x_wconf 94' lang='lat' dir='ltr'><strong>u</strong></span> <span class='ocrx_word' id='word_1_283' title='bbox 1046 3493 1119 3568; x_wconf 89' lang='lat' dir='ltr'><strong>fuit,</strong></span> <span class='ocrx_word' id='word_1_284' title='bbox 1146 3497 1229 3574; x_wconf 90' lang='lat' dir='ltr'><strong>quod</strong></span> <span class='ocrx_word' id='word_1_285' title='bbox 1242 3517 1315 3570; x_wconf 76' lang='lat' dir='ltr'><strong>gro-</strong></span> 
     </span>
     <span class='ocr_line' id='line_1_32' title="bbox 147 3567 1313 3648; baseline -0.001 -19"><span class='ocrx_word' id='word_1_286' title='bbox 147 3573 213 3648; x_wconf 44' lang='lat' dir='ltr'><strong>tius,</strong></span> <span class='ocrx_word' id='word_1_287' title='bbox 228 3573 319 3645; x_wconf 76' lang='lat' dir='ltr'><strong>egisse</strong></span> <span class='ocrx_word' id='word_1_288' title='bbox 344 3567 516 3644; x_wconf 85' lang='lat' dir='ltr'><strong>npminatirn</strong></span> <span class='ocrx_word' id='word_1_289' title='bbox 552 3567 660 3627; x_wconf 83' lang='lat' dir='ltr'><strong>dicitur</strong></span> <span class='ocrx_word' id='word_1_290' title='bbox 689 3581 806 3642; x_wconf 78' lang='lat' dir='ltr'><strong>accepto</strong></span> <span class='ocrx_word' id='word_1_291' title='bbox 832 3567 931 3628; x_wconf 74' lang='lat' dir='ltr'><strong>eolice.</strong></span> <span class='ocrx_word' id='word_1_292' title='bbox 1006 3591 1051 3638; x_wconf 77' lang='lat' dir='ltr'><strong>arn</strong></span> <span class='ocrx_word' id='word_1_293' title='bbox 1081 3570 1174 3632; x_wconf 84' lang='lat' dir='ltr'><strong>initio</strong></span> <span class='ocrx_word' id='word_1_294' title='bbox 1205 3592 1313 3632; x_wconf 81' lang='lat' dir='ltr'><strong>coenae</strong></span> 
     </span>
     <span class='ocr_line' id='line_1_33' title="bbox 150 3642 1313 3750; baseline 0 -44"><span class='ocrx_word' id='word_1_295' title='bbox 150 3659 301 3728; x_wconf 86' lang='lat' dir='ltr'><strong>precatum</strong></span> <span class='ocrx_word' id='word_1_296' title='bbox 321 3642 409 3704; x_wconf 90' lang='lat' dir='ltr'><strong>fuisse</strong></span> <span class='ocrx_word' id='word_1_297' title='bbox 430 3664 491 3704; x_wconf 90' lang='lat' dir='ltr'><strong>non</strong></span> <span class='ocrx_word' id='word_1_298' title='bbox 513 3642 635 3720; x_wconf 85' lang='lat' dir='ltr'><strong>dubito,</strong></span> <span class='ocrx_word' id='word_1_299' title='bbox 661 3655 694 3703; x_wconf 91' lang='lat' dir='ltr'><strong>ut</strong></span> <span class='ocrx_word' id='word_1_300' title='bbox 719 3664 868 3723; x_wconf 88' lang='lat' dir='ltr'><strong>nunquam</strong></span> <span class='ocrx_word' id='word_1_301' title='bbox 894 3646 956 3706; x_wconf 89' lang='lat' dir='ltr'><strong>sinc</strong></span> <span class='ocrx_word' id='word_1_302' title='bbox 976 3645 1035 3706; x_wconf 89' lang='lat' dir='ltr'><strong>Dei</strong></span> <span class='ocrx_word' id='word_1_303' title='bbox 1062 3645 1252 3750; x_wconf 55' lang='lat' dir='ltr'><strong>invocatione</strong></span> <span class='ocrx_word' id='word_1_304' title='bbox 1275 3647 1313 3706; x_wconf 84' lang='lat' dir='ltr'><strong>ad</strong></span> 
     </span>
     <span class='ocr_line' id='line_1_34' title="bbox 150 3719 1314 3794; baseline 0.003 -14"><span class='ocrx_word' id='word_1_305' title='bbox 150 3743 282 3794; x_wconf 75' lang='lat' dir='ltr'><strong>prensam</strong></span> <span class='ocrx_word' id='word_1_306' title='bbox 301 3719 442 3781; x_wconf 89' lang='lat' dir='ltr'><strong>accedere</strong></span> <span class='ocrx_word' id='word_1_307' title='bbox 462 3719 564 3780; x_wconf 88' lang='lat' dir='ltr'><strong>solitus</strong></span> <span class='ocrx_word' id='word_1_308' title='bbox 584 3731 636 3780; x_wconf 79' lang='lat' dir='ltr'><strong>est.</strong></span> <span class='ocrx_word' id='word_1_309' title='bbox 676 3720 737 3780; x_wconf 85' lang='lat' dir='ltr'><strong>Sed</strong></span> <span class='ocrx_word' id='word_1_310' title='bbox 763 3741 842 3782; x_wconf 90' lang='lat' dir='ltr'><strong>nunc</strong></span> <span class='ocrx_word' id='word_1_311' title='bbox 866 3743 981 3784; x_wconf 88' lang='lat' dir='ltr'><strong>rursum</strong></span> <span class='ocrx_word' id='word_1_312' title='bbox 1005 3724 1113 3784; x_wconf 83' lang='lat' dir='ltr'><strong>eodem</strong></span> <span class='ocrx_word' id='word_1_313' title='bbox 1142 3723 1243 3784; x_wconf 85' lang='lat' dir='ltr'><strong>officio</strong></span> <span class='ocrx_word' id='word_1_314' title='bbox 1263 3725 1314 3784; x_wconf 90' lang='lat' dir='ltr'><strong>de-</strong></span> 
     </span>
     <span class='ocr_line' id='line_1_35' title="bbox 152 3795 1318 3881; baseline 0 -21"><span class='ocrx_word' id='word_1_315' title='bbox 152 3798 237 3881; x_wconf 82' lang='lat' dir='ltr'><strong>fungi</strong></span> <span class='ocrx_word' id='word_1_316' title='bbox 258 3796 361 3870; x_wconf 75' lang='lat' dir='ltr'><strong>voluit,</strong></span> <span class='ocrx_word' id='word_1_317' title='bbox 381 3817 419 3857; x_wconf 91' lang='lat' dir='ltr'><strong>ne</strong></span> <span class='ocrx_word' id='word_1_318' title='bbox 439 3795 636 3862; x_wconf 83' lang='lat' dir='ltr'><strong>ceremoniam</strong></span> <span class='ocrx_word' id='word_1_319' title='bbox 658 3796 825 3874; x_wconf 85' lang='lat' dir='ltr'><strong>omitteret,</strong></span> <span class='ocrx_word' id='word_1_320' title='bbox 845 3819 932 3880; x_wconf 86' lang='lat' dir='ltr'><strong>quam</strong></span> <span class='ocrx_word' id='word_1_321' title='bbox 950 3821 1051 3862; x_wconf 84' lang='lat' dir='ltr'><strong>sacrae</strong></span> <span class='ocrx_word' id='word_1_322' title='bbox 1071 3798 1212 3862; x_wconf 84' lang='lat' dir='ltr'><strong>libatioui</strong></span> <span class='ocrx_word' id='word_1_323' title='bbox 1231 3801 1318 3864; x_wconf 76' lang='lat' dir='ltr'><strong>fuisse</strong></span> 
     </span>
     <span class='ocr_line' id='line_1_36' title="bbox 152 3873 557 3952; baseline -0.015 -14"><span class='ocrx_word' id='word_1_324' title='bbox 152 3895 295 3938; x_wconf 84' lang='lat' dir='ltr'><strong>annexam</strong></span> <span class='ocrx_word' id='word_1_325' title='bbox 314 3881 411 3952; x_wconf 82' lang='lat' dir='ltr'><strong>nupc&#39;r</strong></span> <span class='ocrx_word' id='word_1_326' title='bbox 432 3873 557 3933; x_wconf 90' lang='lat' dir='ltr'><strong>ostendi.</strong></span> 
     </span>
     <span class='ocr_line' id='line_1_37' title="bbox 226 3949 1317 4088; baseline 0.001 -76"><span class='ocrx_word' id='word_1_327' title='bbox 226 3951 332 4014; x_wconf 82' lang='lat' dir='ltr'><strong>lllattlr.</strong></span> <span class='ocrx_word' id='word_1_328' title='bbox 356 3957 404 4014; x_wconf 82' lang='grc'><strong>26.</strong></span> <span class='ocrx_word' id='word_1_329' title='bbox 447 3949 635 4011; x_wconf 78' lang='lat' dir='ltr'><strong>Vescenu&#39;hus</strong></span> <span class='ocrx_word' id='word_1_330' title='bbox 662 3963 756 4012; x_wconf 73' lang='lat' dir='ltr'><strong>ardeas</strong></span> <span class='ocrx_word' id='word_1_331' title='bbox 785 3953 834 4013; x_wconf 79' lang='lat' dir='ltr'><strong>afa.</strong></span> <span class='ocrx_word' id='word_1_332' title='bbox 873 3953 940 4088; x_wconf 46' lang='lat' dir='ltr'><strong>Fpgo</strong></span> <span class='ocrx_word' id='word_1_333' title='bbox 974 3951 1047 4012; x_wconf 86' lang='lat' dir='ltr'><strong>haee</strong></span> <span class='ocrx_word' id='word_1_334' title='bbox 1070 3951 1165 4013; x_wconf 85' lang='lat' dir='ltr'><strong>verba</strong></span> <span class='ocrx_word' id='word_1_335' title='bbox 1191 3973 1256 4014; x_wconf 86' lang='lat' dir='ltr'><strong>non</strong></span> <span class='ocrx_word' id='word_1_336' title='bbox 1281 3955 1317 4014; x_wconf 83' lang='lat' dir='ltr'><strong>ita</strong></span> 
     </span>
     <span class='ocr_line' id='line_1_38' title="bbox 151 4026 1317 4120; baseline -0.002 -28"><span class='ocrx_word' id='word_1_337' title='bbox 151 4029 276 4118; x_wconf 74' lang='lat' dir='ltr'><strong>accipio,</strong></span> <span class='ocrx_word' id='word_1_338' title='bbox 301 4026 516 4108; x_wconf 86' lang='lat' dir='ltr'><strong>quasi,coenae</strong></span> <span class='ocrx_word' id='word_1_339' title='bbox 536 4027 664 4107; x_wconf 84' lang='lat' dir='ltr'><strong>paschali</strong></span> <span class='ocrx_word' id='word_1_340' title='bbox 684 4027 756 4088; x_wconf 87' lang='lat' dir='ltr'><strong>haec</strong></span> <span class='ocrx_word' id='word_1_341' title='bbox 776 4049 855 4090; x_wconf 81' lang='lat' dir='ltr'><strong>nova</strong></span> <span class='ocrx_word' id='word_1_342' title='bbox 874 4048 889 4088; x_wconf 92' lang='lat' dir='ltr'><strong>e</strong></span> <span class='ocrx_word' id='word_1_343' title='bbox 923 4029 1014 4120; x_wconf 71' lang='lat' dir='ltr'><strong>longe</strong></span> <span class='ocrx_word' id='word_1_344' title='bbox 1034 4029 1233 4092; x_wconf 85' lang='lat' dir='ltr'><strong>excellentior</strong></span> <span class='ocrx_word' id='word_1_345' title='bbox 1252 4051 1317 4110; x_wconf 89' lang='lat' dir='ltr'><strong>per-</strong></span> 
     </span>
     <span class='ocr_line' id='line_1_39' title="bbox 151 4103 1316 4194; baseline -0.003 -28"><span class='ocrx_word' id='word_1_346' title='bbox 151 4117 238 4166; x_wconf 84' lang='lat' dir='ltr'><strong>muta</strong></span> <span class='ocrx_word' id='word_1_347' title='bbox 259 4103 357 4180; x_wconf 85' lang='lat' dir='ltr'><strong>suerit,</strong></span> <span class='ocrx_word' id='word_1_348' title='bbox 376 4103 428 4166; x_wconf 81' lang='lat' dir='ltr'><strong>sed</strong></span> <span class='ocrx_word' id='word_1_349' title='bbox 449 4105 547 4184; x_wconf 88' lang='lat' dir='ltr'><strong>potius</strong></span> <span class='ocrx_word' id='word_1_350' title='bbox 567 4103 657 4164; x_wconf 86' lang='lat' dir='ltr'><strong>finem</strong></span> <span class='ocrx_word' id='word_1_351' title='bbox 676 4114 748 4164; x_wconf 87' lang='lat' dir='ltr'><strong>tune</strong></span> <span class='ocrx_word' id='word_1_352' title='bbox 760 4103 854 4194; x_wconf 80' lang='lat' dir='ltr'><strong>priori</strong></span> <span class='ocrx_word' id='word_1_353' title='bbox 871 4106 1008 4166; x_wconf 80' lang='lat' dir='ltr'><strong>convivio</strong></span> <span class='ocrx_word' id='word_1_354' title='bbox 1028 4106 1118 4168; x_wconf 83' lang='lat' dir='ltr'><strong>fuisse</strong></span> <span class='ocrx_word' id='word_1_355' title='bbox 1137 4107 1316 4188; x_wconf 86' lang='lat' dir='ltr'><strong>impositum.</strong></span> 
     </span>
     <span class='ocr_line' id='line_1_40' title="bbox 154 4177 1316 4260; baseline 0.006 -22"><span class='ocrx_word' id='word_1_356' title='bbox 154 4177 247 4254; x_wconf 87' lang='lat' dir='ltr'><strong>Quod</strong></span> <span class='ocrx_word' id='word_1_357' title='bbox 267 4181 353 4240; x_wconf 89' lang='lat' dir='ltr'><strong>ctiam</strong></span> <span class='ocrx_word' id='word_1_358' title='bbox 375 4179 490 4244; x_wconf 74' lang='lat' dir='ltr'><strong>abarca</strong></span> <span class='ocrx_word' id='word_1_359' title='bbox 516 4180 625 4242; x_wconf 77' lang='lat' dir='ltr'><strong>clarius,</strong></span> <span class='ocrx_word' id='word_1_360' title='bbox 648 4181 836 4260; x_wconf 80' lang='lat' dir='ltr'><strong>exprimitur,</strong></span> <span class='ocrx_word' id='word_1_361' title='bbox 860 4179 913 4242; x_wconf 92' lang='lat' dir='ltr'><strong>ubi</strong></span> <span class='ocrx_word' id='word_1_362' title='bbox 938 4181 1023 4258; x_wconf 88' lang='lat' dir='ltr'><strong>dicit,</strong></span> <span class='ocrx_word' id='word_1_363' title='bbox 1051 4179 1217 4258; x_wconf 61' lang='lat' dir='ltr'><strong>etatum,</strong></span> <span class='ocrx_word' id='word_1_364' title='bbox 1242 4199 1316 4260; x_wconf 73' lang='lat' dir='ltr'><strong>post-</strong></span> 
     </span>
     <span class='ocr_line' id='line_1_41' title="bbox 151 4255 1315 4340; baseline 0.003 -25"><span class='ocrx_word' id='word_1_365' title='bbox 151 4275 239 4340; x_wconf 78' lang='lat' dir='ltr'><strong>puom</strong></span> <span class='ocrx_word' id='word_1_366' title='bbox 269 4273 428 4334; x_wconf 59' lang='lat' dir='ltr'><strong>ramosam,</strong></span> <span class='ocrx_word' id='word_1_367' title='bbox 459 4257 578 4318; x_wconf 76' lang='lat' dir='ltr'><strong>calicem</strong></span> <span class='ocrx_word' id='word_1_368' title='bbox 606 4255 725 4322; x_wconf 81' lang='lat' dir='ltr'><strong>dedisse.</strong></span> <span class='ocrx_word' id='word_1_369' title='bbox 775 4257 943 4320; x_wconf 78' lang='lat' dir='ltr'><strong>Absurdum</strong></span> <span class='ocrx_word' id='word_1_370' title='bbox 972 4259 1051 4319; x_wconf 88' lang='lat' dir='ltr'><strong>anim</strong></span> <span class='ocrx_word' id='word_1_371' title='bbox 1075 4259 1199 4336; x_wconf 80' lang='lat' dir='ltr'><strong>suisset,</strong></span> <span class='ocrx_word' id='word_1_372' title='bbox 1231 4281 1315 4322; x_wconf 86' lang='lat' dir='ltr'><strong>unum</strong></span> 
     </span>
     <span class='ocr_line' id='line_1_42' title="bbox 153 4332 1314 4420; baseline 0.006 -30"><span class='ocrx_word' id='word_1_373' title='bbox 153 4343 185 4390; x_wconf 85' lang='lat' dir='ltr'><strong>et</strong></span> <span class='ocrx_word' id='word_1_374' title='bbox 210 4332 289 4394; x_wconf 88' lang='lat' dir='ltr'><strong>idem</strong></span> <span class='ocrx_word' id='word_1_375' title='bbox 313 4334 484 4418; x_wconf 69' lang='lat' dir='ltr'><strong>mysterium</strong></span> <span class='ocrx_word' id='word_1_376' title='bbox 509 4335 653 4418; x_wconf 85' lang='lat' dir='ltr'><strong>temporis</strong></span> <span class='ocrx_word' id='word_1_377' title='bbox 679 4333 815 4400; x_wconf 75' lang='lat' dir='ltr'><strong>dbtautia</strong></span> <span class='ocrx_word' id='word_1_378' title='bbox 839 4333 982 4420; x_wconf 85' lang='lat' dir='ltr'><strong>abrumpi.</strong></span> <span class='ocrx_word' id='word_1_379' title='bbox 1019 4335 1157 4404; x_wconf 75' lang='lat' dir='ltr'><strong>Proinde</strong></span> <span class='ocrx_word' id='word_1_380' title='bbox 1181 4359 1248 4404; x_wconf 82' lang='lat' dir='ltr'><strong>non</strong></span> <span class='ocrx_word' id='word_1_381' title='bbox 1265 4337 1314 4400; x_wconf 86' lang='lat' dir='ltr'><strong>du-</strong></span> 
     </span>
    </p>
   </div>
   <div class='ocr_carea' id='block_1_8' title="bbox 145 2799 1166 2886">
    <p class='ocr_par' dir='ltr' id='par_1_8' title="bbox 145 2799 1166 2886">
     <span class='ocr_line' id='line_1_43' title="bbox 145 2799 1166 2886; baseline -0.002 -20"><span class='ocrx_word' id='word_1_382' title='bbox 145 2807 214 2868; x_wconf 89' lang='lat' dir='ltr'><strong>dum</strong></span> <span class='ocrx_word' id='word_1_383' title='bbox 241 2816 286 2864; x_wconf 89' lang='lat' dir='ltr'><strong>est</strong></span> <span class='ocrx_word' id='word_1_384' title='bbox 309 2801 406 2883; x_wconf 88' lang='lat' dir='ltr'><strong>primo</strong></span> <span class='ocrx_word' id='word_1_385' title='bbox 427 2801 515 2876; x_wconf 79' lang='lat' dir='ltr'><strong>loco,</strong></span> <span class='ocrx_word' id='word_1_386' title='bbox 537 2799 778 2880; x_wconf 74' lang='lat' dir='ltr'><strong>sitne=repetitio</strong></span> <span class='ocrx_word' id='word_1_387' title='bbox 804 2805 853 2880; x_wconf 89' lang='lat' dir='ltr'><strong>(ut</strong></span> <span class='ocrx_word' id='word_1_388' title='bbox 870 2799 1018 2864; x_wconf 88' lang='lat' dir='ltr'><strong>interdum</strong></span> <span class='ocrx_word' id='word_1_389' title='bbox 1037 2801 1166 2886; x_wconf 85' lang='lat' dir='ltr'><strong>Evange</strong></span> 
     </span>
    </p>
   </div>
   <div class='ocr_carea' id='block_1_9' title="bbox 0 0 1412 4840">
    <p class='ocr_par' dir='ltr' id='par_1_9' title="bbox 0 0 1412 4840">
     <span class='ocr_line' id='line_1_44' title="bbox 0 0 1412 4840; baseline 0 0"><span class='ocrx_word' id='word_1_390' title='bbox 0 0 1412 4840; x_wconf 95' lang='lat' dir='ltr'><strong> </strong></span> 
     </span>
    </p>
   </div>
  </div>
 </body>
</html>
