2764 4854
136 218 223 282 'tos
288 207 422 336 ¹SECT.
442 209 505 270 xx.
545 223 680 272 eumssr
699 219 929 274 ursumncrm
948 219 995 268 rr
1011 219 1189 270 ssennsm.

49 417 56 432 .
165 369 266 430 dreret
282 363 364 446 quod
384 365 474 445 prelo
493 373 563 446 post
581 362 775 438 dieetLueas‚
793 381 914 454 rogasse
925 359 1087 437 cuneum,
1105 381 1178 424 num
1191 361 1328 442 quidna-

59 467 64 472 ·
164 445 273 506 berent
292 441 394 504 edulii.
429 443 484 502 Est
501 452 599 503 autem
618 440 730 521 phrasis
751 437 904 514 hebraica,
928 435 1027 500 adm
1044 457 1101 530 pro
1121 439 1280 528 quiescere
1299 440 1329 498 in

163 521 264 601 aliquo
284 518 363 580 loco.
403 518 490 595 Quae
509 529 607 579 autem
626 519 758 598 sequitur
777 516 959 607 obiurgatio,
977 535 1120 598 magum
1141 537 1268 596 premam
1284 518 1330 576 vi-

163 597 279 660 sionem
320 617 386 656 uam
404 595 561 658 secundam
581 593 738 674 competit:
784 613 850 684 ma2
872 597 1079 684 quamtteste
1102 591 1240 672 Ioanne)
1265 593 1329 654 viso

163 607 463 754 Dominrssosnilie
482 671 631 762 Raschntis
655 669 747 753 gavisi
763 615 885 762 inerunt
911 667 1063 750 discipuli,
1088 681 1233 752 correpta
1257 681 1328 760 tune

164 751 222 811 luit
241 771 343 812 eornm
362 747 560 842 incredulitas.
600 747 692 824 Quod
712 745 849 840 nonnullr
867 747 905 839 ad
923 746 1020 837 selum
1032 747 1185 837 Tlronram
1205 758 1326 808 restrin-

163 821 1329 994 lllihdiliffi'dil}533¹?ssallilitiilifiilllliilssffd‘ii

162 980 287 1074 ΨΜ
305 979 841 1118 ἷ““’ἓὶΐὲἲέἔῖἵὶἰᾶῑῖ“4ιῗῗιῑᾞ“
860 977 1050 1116 Ἓίῗῖἳὲἓω
1065 977 1253 1115 lttltfft
1269 998 1328 1114 tt:

162 1075 409 1226 libentii-iirtzu
430 1132 498 1224 quia
518 1133 584 1224 ipso
604 1133 648 1193 rei
669 1145 777 1224 eventu
797 1075 925 1194 cdniicti
945 1152 983 1192 ne
1001 1131 1045 1192 sic
1064 1130 1191 1211 quidem
1212 1132 1327 1221 demum

163 1211 289 1292 amplexi
319 1223 379 1271 erut
409 1222 609 1302 testimonium
633 1211 766 1270 Domrma
805 1209 907 1284 Quum
928 1228 1006 1301 ergo
1030 1206 1142 1268 Petrus
1168 1219 1203 1273 et
1226 1209 1328 1282 llam,

163 1285 1201 1456 ltrettnltnmnl,essentemteter?
1216 1297 1327 1422 tm

164 1442 396 1502 lmsseDonrmo
416 1462 564 1516 mmrmrn,
584 1441 665 1578 iimd
685 1440 772 1500 fidem
792 1440 974 1522 abrogarent
986 1457 1049 1530 erus
1057 1437 1172 1529 yerbu,
1193 1459 1273 1518 quae
1285 1450 1326 1498 ta-

162 1539 232 1578 men
252 1519 309 1580 iam
328 1539 382 1578 suo
402 1517 514 1609 ellectu
532 1537 588 1605 pro
612 1529 658 1577 ata
679 1527 773 1578 erant.
812 1517 914 1592 Quare
933 1527 1041 1578 merito
1056 1514 1115 1575 rllrs
1129 1515 1328 1594 exprobratur

57 1620 61 1627 ·
162 1594 261 1657 cordis
284 1595 420 1670 durities,
444 1615 512 1676 qma
532 1593 570 1654 nd
587 1593 753 1656 tarditatem
773 1593 929 1656 accesserit
951 1613 1042 1674 prava
1061 1589 1247 1652 obstinatio:
1271 1591 1328 1652 acsi

162 1671 231 1732 date
243 1691 346 1753 opera,
365 1672 445 1751 quod
477 1670 578 1732 atebat
588 1691 651 1732 esse
662 1689 773 1744 verum,
792 1671 976 1762 supprimere
987 1679 1150 1748 cuperent:
1170 1669 1328 1748 nonquod

161 1747 220 1808 illis
239 1749 425 1841 propositum
445 1693 535 1810 derit
553 1748 738 1831 exstinguere
756 1767 804 1838 ma
825 1748 888 1838 utri
906 1747 951 1808 sui
970 1745 1178 1830 gloriamuel
1199 1767 1328 1836 cumra-

161 1825 262 1886 nitatrs
280 1846 420 1908 arguere,
442 1825 495 1887 sed
520 1825 589 1904 qui-a
612 1824 766 1886 obstaculo
790 1769 847 1886 ndu
872 1835 935 1886 erat
952 1837 1077 1915 stupor,
1100 1842 1141 1882 ne
1161 1823 1278 1884 daenes
1296 1843 1327 1882 se

161 1900 348 1982 praeberent.
386 1901 526 1980 Denique
546 1901 594 1961 hie
612 1923 675 1962 non
695 1901 851 1962 damnetur
859 1901 1024 1962 voluntaria
1036 1899 1207 1980 pervicacia
1226 1899 1324 1980 (rituti

161 1977 242 2058 prius
261 1976 371 2038 dietum
390 1977 472 2057 luit),
490 1976 542 2038 sed
552 1997 642 2038 coeca
650 1977 799 2054 socordis,
819 1998 894 2058 quae
912 1977 1062 2040 interdum
1082 1976 1234 2053 homines,
1249 1977 1322 2038 alie

161 2052 213 2134 qui
231 2074 293 2116 non
313 2053 468 2136 improbes
487 2075 543 2116 nec
561 2051 700 2130 rebelles,
718 2054 846 2117 indurat.

242 2267 347 2350 (tm.)
389 2266 491 2336 LUC.
512 2268 628 2336 xxlv.
669 2271 720 2337 41.
741 2267 861 2338 Adhuc
881 2277 988 2335 autem
1008 2265 1075 2334 illis
1095 2263 1166 2336 nou
1185 2265 1321 2334 ereden-

160 2370 247 2439 tlbus
271 2393 352 2459 pree
379 2371 514 2459 gaudio,
541 2383 573 2438 et
594 2371 798 2451 mirantibus,
824 2371 902 2438 dixit
933 2374 996 2451 eis,
1024 2371 1164 2440 Habetis
1188 2373 1246 2438 liic
1267 2371 1323 2436 eli-

159 2455 240 2566 quid
262 2473 383 2543 edulii?
423 2475 475 2542 42.
500 2477 544 2542 At
569 2474 618 2541 illi
644 2474 834 2542 obtulerunt
860 2479 891 2542 ei
912 2487 1035 2563 partem
1062 2480 1160 2564 piscis
1189 2481 1265 2556 assi,
1292 2489 1322 2544 et

158 2578 283 2666 aliquid
305 2577 348 2644 de
369 2578 445 2646 lavo
467 2581 600 2667 apiario.
641 2581 694 2648 43.
714 2581 756 2646 Et
777 2584 916 2666 accepit,
936 2571 1023 2646 et'in
1044 2594 1228 2670 conspeetu
1252 2581 1323 2650 illo-

159 2705 232 2750 rum
259 2680 409 2749 comedit
449 2681 502 2748 44.
530 2685 572 2750 Et
593 2683 678 2750 dixit
706 2682 748 2748 ed
773 2703 847 2762 eos,
871 2685 962 2750 llaec
988 2695 1064 2750 sont
1089 2683 1211 2764 verba,
1238 2709 1322 2776 quae

159 2788 315 2876 loquutus
342 2808 412 2852 sum
442 2785 484 2851 ad
509 2808 583 2866 ros,
614 2807 712 2872 quum
746 2783 854 2852 adhue
879 2809 983 2854 essem
1013 2785 1202 2856 vobiscum:
1233 2791 1322 2878 quod

159 2913 294 2960 neeesse
315 2890 401 2957 loret
424 2889 552 2976 impleri
578 2893 704 2966 omnine
732 2911 816 2978 quae
841 2893 957 2977 scripte
983 2901 1059 2957 sunt
1078 2895 1113 2957 io
1136 2893 1231 2980 Lege
1252 2895 1323 2962 llo-

159 2997 218 3076 sis,
245 3002 277 3060 et
299 2993 484 3079 Prophetis,
511 3004 543 3058 et
570 2991 703 3058 Psalmis
728 2993 770 3059 de
792 3017 852 3060 me.
892 2995 943 3060 45.
969 2993 1066 3060 Tune
1091 2999 1225 3082 aperuit
1250 2996 1322 3063 illo

160 3121 231 3166 rum
261 3107 416 3178 mentem,
447 3107 482 3162 ut
506 3096 727 3183 intelligerent
758 3089 961 3185 Scripturas'
992 3095 1045 3162 46.
1072 3096 1117 3164 Et
1150 3095 1235 3164 dixit
1267 3103 1321 3176 eis,

159 3201 218 3268 sie
234 3204 388 3286 scriptum
410 3211 473 3281 est,
493 3211 526 3268 et
546 3205 594 3268 sio
615 3200 789 3290 oportebat
808 3201 971 3270 Christum
993 3203 1074 3288 pati,
1095 3211 1130 3267 et
1149 3223 1322 3289 resurgere

162 3307 335 3380 emortuis
362 3307 457 3371 tertio
482 3305 546 3373 dio.
586 3305 639 3372 47.
666 3306 708 3372 Et
735 3307 917 3392 praedicari
945 3307 1076 3372 nomine
1105 3308 1179 3370 eius
1208 3309 1324 3393 poeni-

144 3413 293 3478 ‹tentiem
321 3431 359 3476 ao
384 3411 606 3477 remissionem
633 3422 839 3498 peecatorum
861 3413 895 3476 io
916 3430 1028 3476 omnes
1056 3405 1202 3488 Gentes,
1226 3413 1323 3476 initio

160 3513 247 3582 laeto
275 3511 318 3580 ab
343 3511 589 3600 Hierosolymis
637 3515 688 3579 48.
715 3515 787 3580 Vos
814 3523 919 3580 eutem
952 3515 1030 3578 estis
1062 3521 1163 3580 testes
1196 3535 1324 3579 eorum

160 3617 212 3686 49.
233 3616 275 3683 Et
302 3617 378 3683 ecee'
407 3639 468 3704 ego
495 3619 586 3683 mitto
614 3619 803 3704 promissum
827 3618 929 3683 Patris
955 3618 1018 3681 mei
1039 3637 1141 3704 super
1159 3639 1236 3684 vose
1259 3639 1325 3683 vos

161 3695 268 3789 eutem
292 3721 404 3790 sedete
431 3725 465 3788 in
493 3723 622 3788 civitate
650 3717 868 3801 Hierusalem,
893 3719 1110 3808 quoadusque
1137 3719 1323 3788 induamini

111 3875 116 3900 ,
159 3827 276 3892 virtute
297 3847 338 3892 ex
359 3824 437 3926 alto.

109 4064 112 4072 ·
162 4105 167 4115 ,
234 4041 308 4104 Luc.
336 4048 384 4108 41.
430 4037 541 4102 Attae
574 4039 635 4104 illis
664 4061 724 4101 oon
756 4037 941 4104 mdeeutm
990 4040 1049 4102 Hie
1083 4059 1208 4134 quoqne
1236 4041 1322 4106 loeus

160 4119 291 4179 ostendit
314 4140 377 4180 non
402 4118 491 4180 luisse
516 4117 652 4180 consulto
678 4117 862 4195 incredulos,
885 4118 971 4180 sicuti
997 4118 1046 4198 qui
1065 4118 1098 4178 in
1119 4139 1255 4181 amnmm
1276 4122 1322 4182 in-

160 4194 272 4265 ducunt
290 4217 354 4257 non
374 4196 509 4268 credere:
528 4195 579 4256 sed
600 4217 690 4276 quum
709 4215 760 4256 eos
779 4195 817 4256 ad
836 4195 943 4276 cupide
963 4195 1144 4258 caedendum
1158 4196 1259 4260 ferret
1269 4221 1321 4260 vo-

158 4271 265 4344 lnntas‚
285 4271 372 4334 luisse
391 4271 514 4334 allectus
533 4273 579 4332 sui
598 4272 783 4334 vehementia
796 4273 983 4348 constrictos,
1001 4283 1035 4332 ut
1052 4273 1250 4353 acquiescere
1261 4298 1322 4336 non

160 4357 289 4426 possent
326 4349 402 4412 Nam
427 4359 507 4411 certe
537 4351 693 4434 gaudium,
718 4350 800 4414 cuim
822 4347 1180 4426 meminissemus
1206 4353 1267 4416 nisi
1290 4373 1322 4412 er
1370 4423 1371 4440 χ
