2778 4838
145 237 206 306 138
425 227 543 293 SECT.
561 229 629 290 XV.
666 239 759 290 msns
781 243 824 288 er
842 233 1022 290 nmcteutr.

148 385 283 450 samritas
301 383 444 462 reddebat
462 381 594 446 ferocem
615 394 645 444 et
656 381 888 466 immorigcrnm,¹
908 381 1019 463 optima
1037 381 1096 442 fuit
1106 381 1249 463 magistra
1265 381 1312 444 fa·

147 485 219 524 mes.
256 463 329 538 lloc¹
346 460 615 542 exemplo'cdoeti,
645 479 683 520 ne
703 461 955 539 putemus‘lieum
975 459 1134 520 crudeliter
1152 459 1312 520 nobiscum

149 557 255 622 agere,
284 538 447 618 siquando
467 557 522 596 nos
579 536 725 596 artioribus
745 537 890 595 aerumnis
909 547 1018 617 urget,
1042 535 1110 616 quia
1141 535 1201 596 ltoc
1220 537 1312 598 modo

148 617 330 698 praefractos
351 625 382 673 et
401 614 509 674 laetitia
529 633 545 672 e
569 614 628 674 rios
648 614 685 672 ad
705 612 904 674 obedientiam
925 613 1031 673 erudit.
1062 611 1205 692 Denique
1227 613 1319 693 quic-'¹

149 691 221 772 quid
240 688 421 750 miseriarum
440 689 578 770 patimur,
596 687 674 749 utilis
686 700 729 748 est
748 689 785 748 ad
798 687 1012 768 poenitentiam
1023 687 1169 749 invitatio.
1189 690 1313 764 Verurn,

149 780 184 829 ut
202 767 278 828 tardi
297 785 409 840 sumus,
437 766 484 826 vir
502 785 630 846 unquam
656 765 812 845 recipimus
830 780 930 826 sanam
948 777 1078 824 mentem
1097 766 1156 826 nisi
1176 767 1313 827 extremis

123 841 126 867 ¹
148 845 232 905 malis
252 843 362 904 coacti:
380 863 449 902 nam
468 843 565 902 donec
586 840 715 921 undique
730 861 786 902 nos
795 852 932 922 premant
944 841 1108 922 angustiae,
1128 843 1312 922 etdespera-

149 921 194 981 tio
216 917 414 1000 constringat,
432 937 550 998 semper
569 917 690 978 exsultat
709 938 779 978 caro
798 917 846 977 vel
866 918 967 978 saltem
986 917 1088 978 resilit.
1112 918 1206 978 Unde
1226 919 1313 979 colli-

149 999 260 1079 gimus,
279 1015 342 1056 non
363 1015 426 1054 esse
444 994 567 1069 mirum,
588 996 613 1054 si
631 993 778 1054 Dominus
797 995 945 1056 violenter
963 1015 1052 1074 saepe
1072 1005 1104 1055 et
1143 995 1244 1054 uidem
1264 1015 1313 1054 re-

150 1072 255 1153 petitis
270 1071 376 1132 ictibus
396 1071 433 1132 ad
453 1070 644 1154 frangendam
663 1083 794 1132 nostram
807 1071 1019 1131 contumaciam
1032 1015 1193 1143 incumisat,
1213 1083 1244 1130 et
1255 1072 1314 1130 du-

149 1151 190 1210 ris
209 1147 296 1208 nodis
320 1152 369 1225 (ut
389 1159 433 1206 est
450 1147 481 1206 in
501 1147 679 1227 proverbio)
704 1148 792 1224 duros
812 1167 922 1208 cuneos
947 1147 1102 1230 impingat
1140 1145 1312 1208 Notandum

152 1237 197 1286 est
211 1225 311 1298 etiam,
331 1223 411 1314 quod
423 1243 489 1304 spes
501 1225 632 1284 melioris
643 1223 791 1298 fortunae,
810 1225 833 1284 si
854 1225 890 1283 ad
908 1235 1022 1303 patrem
1042 1223 1163 1296 rediret,
1181 1223 1312 1282 animum

151 1299 343 1380 resipiscenda
362 1299 461 1361 iuveni
482 1301 572 1365 dedit.
610 1300 698 1360 Nulla
718 1301 795 1360 enim
808 1320 970 1382 poenarum
991 1299 1118 1380 gravitas
1137 1300 1312 1379 pravitatem

150 1389 282 1439 nostram
302 1376 445 1451 emolliet,
464 1375 513 1438 vel
533 1377 643 1438 efficiet
661 1388 695 1436 ut
713 1375 800 1437 nobis
832 1387 931 1436 eccata
944 1376 1130 1466 displiceant,
1150 1377 1244 1436 donec
1254 1377 1313 1436 ali-

174 1455 217 1514 uis
236 1465 378 1544 appareat
395 1453 557 1532 profectus.
601 1455 684 1536 Ergo
705 1398 950 1533 quemadmodum
971 1453 1018 1512 ltrc
1037 1452 1151 1512 iuvenis
1171 1466 1315 1532 paternae

149 1477 452 1591 ‹ilementraetlidueia
471 1527 508 1588 ad
528 1531 724 1609 quaerendam
742 1529 1016 1590 reconciliationem
1039 1529 1174 1608 erigitur,
1194 1529 1235 1589 ita
1255 1549 1316 1590 no-

152 1607 198 1668 bis
227 1602 430 1687 poenitentiae
460 1605 576 1688 initium
606 1606 646 1665 sit
664 1617 787 1686 oportet
813 1605 929 1666 divinae
948 1604 1170 1666 misericordiae
1188 1607 1316 1690 agnitio,

154 1705 230 1765 quae
250 1701 306 1744 nos
325 1682 362 1742 ad
381 1681 459 1742 bene
479 1682 656 1761 sperandum
676 1682 789 1742 excitet.

212 1766 275 1824 ·2θ.
317 1755 534 1842 mumadam
561 1757 647 1834 louge
675 1756 790 1820 adesset
844 1757 913 1818 lloe
935 1767 987 1817 cst
1016 1769 1108 1838 caput
1135 1759 1315 1840 parabolae:

153 1835 348 1907 sihomines,
373 1833 423 1914 qui
443 1845 474 1894 et
491 1845 595 1894 natura
615 1833 713 1914 cupidi
732 1846 802 1894 sunt
820 1834 967 1896 uindictae
987 1845 1018 1895 ct
1035 1835 1106 1894 iuris
1125 1837 1171 1896 sui
1191 1837 1315 1896 nimium

152 1925 281 1984 mances,
299 1921 439 1989 paternus
457 1921 557 1970 tamen
577 1929 660 1970 amor
678 1909 819 1986 inflectit,
838 1922 871 1970 ut
890 1911 1051 1972 clementer
1070 1911 1137 1974 liliis
1156 1914 1317 1996 ignoscant

153 2000 186 2052 et
202 1987 309 2048 misere
328 1984 460 2065 perditos
479 1987 558 2048 ultro
583 1986 750 2065 requirant,
780 1987 894 2062 Deum,
923 1987 1003 2047 ruins
1029 1988 1170 2048 immensa
1197 1989 1316 2049 bonitas

68 2132 74 2140 ,
153 2083 258 2128 omnes
277 2073 392 2142 patrum
412 2081 526 2123 amores
546 2074 673 2142 superat,
693 2063 795 2123 nihils
807 2062 874 2123 fore
894 2063 981 2124 nobis
1001 2065 1162 2124 duriorem.
1182 2065 1226 2124 Et
1236 2078 1317 2125 certe

153 2140 227 2202 nihil
247 2140 295 2200 laic
315 2139 351 2198 de
371 2149 454 2218 patre
472 2151 595 2199 terreno
615 2139 754 2214 refertar,
773 2141 854 2219 quod
873 2141 954 2200 Dens
974 2161 1037 2200 non
1055 2142 1090 2200 de
1102 2159 1133 2202 sc
1145 2139 1317 2221 promittat:

153 2220 322 2296 Antequam
341 2215 539 2293 clamaverint,
559 2215 666 2294 inquit,
687 2235 744 2297 ego
765 2216 913 2276 exaudiam
932 2217 1004 2294 (les.
1023 2223 1072 2291 65,
1090 2221 1164 2298 Ἃ).
1204 2219 1317 2278 Notum

154 2307 200 2357 est
220 2295 307 2352 etiam
326 2291 399 2352 illud
417 2293 537 2353 Davidis
557 2292 649 2374 (Psal.
667 2297 716 2367 32,
735 2295 788 2368 5.),
809 2291 888 2368 Dixi,
909 2291 1076 2354 confitebor
1095 2295 1250 2356 adversum
1269 2315 1318 2354 me

62 2369 68 2377 '
121 2395 124 2413 ¹
154 2369 326 2432 iniustitiam
349 2389 443 2428 meam
462 2369 611 2443 Domino,
640 2380 671 2428 et
694 2380 728 2427 tu
750 2368 885 2428 remisisti
905 2369 1091 2449 iniquitatem
1133 2372 1229 2432 cecati
1248 2373 1317 2430 mei.

154 2450 237 2530 Ergo
249 2445 334 2506 sicuti
345 2457 431 2525 pater
444 2445 493 2506 hic
512 2465 573 2505 non
592 2457 706 2505 tantnm
727 2443 882 2506 exorabilis
901 2456 945 2505 est
963 2435 1016 2505 lilii
1034 2467 1115 2526 precs
1137 2471 1183 2521 us,
1203 2448 1319 2508 sedve-

154 2522 250 2586 rrienti
269 2521 409 2597 occurrit,
428 2533 459 2582 et
477 2523 610 2583 nondum
623 2521 716 2581 serbo
728 2541 788 2582 uno
801 2521 902 2582 andito
914 2521 1089 2601 squalidum,
1108 2535 1139 2584 et
1150 2524 1318 2585 deformem

155 2599 357 2682 amplectitur,
377 2597 417 2658 ita
436 2598 518 2659 Deus
538 2598 658 2680 longam
678 2599 915 2678 deprecationem
936 2617 999 2658 non
1021 2611 1185 2680 exspectat,
1204 2621 1319 2677 verum,

154 2677 275 2742 rimulae
293 2675 450 2756 proposuit
467 2687 607 2756 peccator
626 2674 741 2754 culpam
759 2675 856 2750 lateri,
874 2673 1057 2735 voluntarius
1077 2679 1220 2737 occurrit.
1257 2679 1320 2738 Pu-

154 2755 249 2815 tidum
267 2771 339 2813 vero
360 2771 463 2811 eorum
483 2750 616 2812 cavillum
636 2763 681 2810 est
700 2751 751 2830 qui
769 2751 837 2812 lrinc
857 2749 993 2829 eliciunt,
1022 2753 1147 2835 gratiam
1167 2755 1228 2814 Dei
1256 2775 1319 2816 non

156 2843 226 2891 ante
246 2828 405 2906 expositam
426 2847 488 2888 esse
506 2826 722 2907 peccatoribus,
741 2847 828 2906 quam
847 2827 856 2886 i
879 2829 902 2888 si
921 2849 972 2888 sua
983 2829 1169 2909 poenitentia
1189 2851 1255 2890 eam
1267 2853 1320 2890 an-

156 2905 339 2978 teverterint.
378 2903 436 2962 llic
454 2903 552 2976 nobis,
571 2903 719 2982 inquiunt,
737 2915 823 2984 pater
841 2849 878 2964 ad
897 2904 1109 2986 ignoscendum
1129 2906 1226 2968 facilis
1247 2929 1319 2989 prm

158 2982 296 3064 ponitur,
335 2979 385 3038 sed
406 2978 612 3058 exquolilius
632 2978 753 3038 adeum
774 2980 872 3041 redire
890 2981 1032 3041 instituit:
1064 3002 1137 3065 ergo
1159 3003 1224 3043 non
1247 2985 1318 3044 alios

157 3055 280 3138 respicit
298 3055 395 3128 Deus,
414 3075 469 3114 nec
481 3055 581 3190 1pratia
603 3075 654 3115 sua
673 3055 827 3138 dignatur,
848 3057 904 3118 nisi
923 3058 974 3136 qui
994 3071 1058 3119 eam
1078 3079 1224 3138 quaerere
1247 3061 1320 3120 inci-

158 3135 254 3216 piunt.
293 3131 403 3192 Verum
429 3131 547 3210 quiem
574 3141 634 3204 cst,
666 3143 699 3191 ut
718 3133 833 3192 veniam
852 3134 993 3213 impetret
1017 3147 1175 3216 peccator,
1208 3137 1322 3228 requiri

159 3207 358 3272 conscientiae
370 3206 505 3268 dolorem
535 3228 594 3300 quo
605 3207 661 3268 ami
679 3207 843 3290 displiceat:
863 3210 914 3270 sed
925 3231 1081 3290 perperam
1098 3211 1168 3270 inde
1191 3213 1322 3287 elienor,

158 3283 386 3368 poeniteutiam,
405 3305 481 3376 quae
495 3249 555 3344 liet
574 3283 685 3344 donum
706 3298 759 3360 est,
778 3285 815 3345 ab
832 3286 1001 3348 bominibus
1021 3309 1055 3348 er
1095 3307 1130 3346 ro
1153 3287 1201 3348 rio
1223 3291 1322 3351 cordis

157 3361 203 3427 rui
222 3372 305 3421 motu
324 3359 435 3422 afferrt.
490 3363 590 3440 Atque
615 3361 646 3419 in
672 3363 725 3422 hac
751 3374 835 3442 parte
858 3363 964 3424 inscite
987 3309 1118 3424 mortuiis
1133 3309 1322 3426 iomannes

159 3439 327 3502 confertur:
355 3456 453 3517 neque
473 3437 551 3498 enim
570 3437 680 3497 terreni
699 3440 790 3528 patris
811 3451 870 3514 est,
899 3459 1007 3500 arcano
1028 3441 1157 3522 Spiritus
1179 3441 1321 3502 instinctu

159 3533 329 3598 perversum
356 3533 410 3574 cor
428 3513 481 3575 filii
499 3533 660 3589 renovare,
690 3515 776 3574 srcuti
794 3515 876 3576 Deus
897 3537 930 3576 ex
950 3517 1088 3578 cordibus
1108 3517 1235 3596 lapideis
1253 3539 1319 3577 car-

157 3613 216 3654 nea
234 3591 313 3653 lacit
351 3590 492 3670 Denique
517 3591 564 3652 laic
583 3609 644 3650 non
664 3609 679 3649 a
703 3591 711 3606 '
746 3611 776 3666 r,
805 3613 843 3652 au
868 3593 959 3654 homo
978 3613 995 3652 a
1014 3613 1045 3654 se
1069 3592 1136 3672 ipso
1162 3613 1319 3660 conversus

157 3671 197 3731 ad
216 3689 283 3729 enm
301 3667 419 3743 redeat,
446 3667 499 3728 sed
523 3677 635 3726 tantum
660 3689 693 3727 su
739 3667 865 3730 hominis
885 3667 979 3751 figura
998 3681 1121 3750 paterna
1141 3669 1203 3732 Dei
1221 3667 1319 3729 indul-

159 3746 261 3830 gentia
279 3742 424 3820 laudatur,
444 3743 529 3805 etad
548 3743 674 3803 dandam
692 3745 809 3804 reniam
828 3745 961 3807 facilitas.

234 3830 282 3888 21.
320 3821 427 3895 Partes,
453 3823 573 3898 pacem
602 3822 635 3878 a'rr
660 3822 778 3885 cadum
828 3821 885 3882 llic
912 3843 978 3903 para
1003 3820 1094 3880 altera
1113 3823 1320 3902 poenitentiae

158 3909 292 3960 notatur:
322 3917 430 3978 nempe
454 3917 554 3958 sensus
574 3898 688 3974 peccati
713 3919 779 3959 cum
802 3899 918 3960 tristitia
938 3909 969 3959 et
991 3898 1107 3978 pudore
1133 3901 1319 3962 coniunctus

158 3976 235 4035 Nam
254 3975 301 4035 cui
320 3993 383 4034 non
396 3972 479 4034 dolet
513 3991 639 4048 eccasse,
659 3984 690 4033 et
707 3995 758 4034 sua
778 3975 864 4056 culpa
884 3987 952 4036 ante
972 3975 1075 4035 ocrrlos
1094 3994 1159 4034 non
1178 3988 1320 4049 versatur,

181 4051 273 4110 uiduis
294 4051 391 4131 potins
410 3993 670 4128 seruiit,⁶quam
694 4061 727 4110 ut
750 4052 788 4112 ad
813 4052 921 4112 bonam
942 4050 1056 4142 frugem
1076 4052 1177 4112 redire
1198 4055 1318 4136 cogitet

158 4071 379 4187 inscientiam
398 4145 472 4210 ergo
491 4145 611 4186 necesse
631 4138 727 4186 estut
745 4131 902 4208 praecedat
912 4127 1103 4210 displacentia.
1129 4129 1234 4208 Atque
1255 4129 1317 4189 hnic

159 4201 329 4282 loquutioni
347 4223 485 4288 magnum
504 4201 604 4263 subest
616 4203 744 4283 pondus,
762 4206 843 4284 quod
862 4207 892 4284 in
912 4225 943 4266 se
962 4225 1095 4265 resersus
1116 4205 1229 4266 dicitur
1247 4205 1316 4266 ado-

158 4277 283 4354 lescens,
300 4290 406 4358 utpote
425 4279 477 4359 qui
495 4278 578 4370 ragis
592 4279 782 4359 cupiditatum
794 4282 943 4343 erroribus
963 4279 994 4340 in
1006 4279 1192 4342 oblivionem
1211 4281 1315 4342 suiab·

159 4365 352 4439 reponeret
381 4357 422 4418 Et
437 4366 518 4418 certe
537 4367 578 4418 xta
597 4355 715 4418 erratici
728 4369 803 4419 sunt
821 4357 915 4420 caruis
934 4357 1069 4438 impetus,
1088 4369 1122 4420 ut
1141 4358 1273 4442 quisquis
1287 4377 1316 4418 se
