2790 4838
489 279 551 354 (78.
571 252 675 336 l'iliola
696 275 790 354 loiri.)
1114 351 1118 360 ι
1142 281 1199 341 221
1305 361 1309 371 Ι

758 391 761 414 l

72 429 122 488 sed
139 445 205 488 eam
225 446 259 486 re
282 425 363 500 uirit,
382 437 446 488 uts
469 437 540 486 oute
560 426 590 486 in
609 427 737 488 medium
755 426 890 518 prodeat.
926 423 958 484 Si
978 425 1201 486 testismiraruli

70 505 111 564 sui
131 506 237 565 suisset
257 447 408 578 dtrbrus,
451 515 515 563 orte
534 523 597 563 non
617 502 717 564 luisset
737 524 798 564 erus
817 501 914 563 verbis
935 501 1089 562 creditum:
1122 521 1201 561 nunc

70 603 153 654 vero,
186 601 279 660 quum
304 578 410 638 mulier
434 591 512 638 metu
540 580 674 670 perculsa
694 581 774 661 quod
794 579 849 640 sibi
869 577 975 640 accidit
993 587 1107 652 narrat,
1136 575 1200 656 plus

68 659 208 736 ponderis
231 656 321 715 babet
342 655 403 716 eius
423 655 577 715 consessio.
954 661 968 677 ““

142 741 192 798 22.
229 731 361 814 Confido,
371 733 452 813 flio.
484 732 569 792 Fidei
589 728 770 792 imbecillitas
791 732 848 791 boc
867 729 959 790 verbo
980 729 1125 810 arguitur:
1147 727 1201 786 nisi
1226 739 1229 747 “

68 811 146 868 ιιιῐιιι
171 811 278 870 vitiosa
304 821 381 868 esset
404 822 450 869 tre
472 809 578 881 idatio,
610 829 672 868 non
697 829 760 868 eant
785 807 952 890 corrigeret
977 804 1109 866 Christus
1131 805 1201 864 bor·
1252 851 1258 858 .
1381 797 1382 856 l

67 887 175 958 tando,
196 898 230 946 ut
249 885 378 944 animum
398 829 527 976 colligat.
566 885 659 946 Simul
679 896 777 945 tamen
797 885 896 944 laudat
914 883 974 943 eius
995 881 1096 942 fidem:
1122 881 1202 940 unde

68 962 226 1022 conficitur
245 963 327 1040 qnod
346 960 424 1040 prius
445 961 517 1037 dixi,
543 983 631 1040 quum
653 961 800 1024 Christum
820 960 947 1040 Spiritus
972 959 1060 1018 ductu
1087 970 1117 1018 et
1140 957 1208 1022 sin-¹

68 1058 136 1100 cero
164 1039 284 1119 pietatis
309 1038 406 1098 studio
433 1052 603 1118 quaereret,
633 1038 780 1098 vacillasse
804 1049 920 1110 tamen,
950 1047 984 1094 ut
1003 1034 1204 1096 confirmanda

69 1115 168 1176 luerit.
208 1114 255 1174 lta
275 1113 406 1174 videmus
426 1115 529 1206 fidem,
548 1121 587 1176 'ut
604 1115 673 1174 Deo
692 1113 822 1194 placeat,
847 1134 920 1193 opus
939 1111 1048 1174 babere
1066 1112 1152 1172 venia
1172 1121 1203 1172 et

69 1191 152 1250 simul
174 1190 263 1250 noris
283 1190 463 1251 adminiculis
484 1211 525 1250 en
549 1191 573 1264 i,
597 1204 631 1250 ut
650 1188 714 1270 plus
732 1188 850 1250 roboris
870 1186 1010 1268 acquirat.
1049 1187 1111 1248 lam
1131 1208 1202 1248 ana-

68 1267 147 1350 logia
168 1289 184 1326 a
204 1267 331 1326 sanitate
352 1266 484 1348 eorporis
504 1210 547 1326 ad
560 1267 673 1326 animae
691 1265 814 1326 salutem
834 1264 966 1324 ducenda
986 1275 1041 1324 est:
1062 1264 1202 1342 quemad-

68 1345 187 1404 modum
209 1344 289 1402 enim
309 1343 378 1403 fidei
396 1343 501 1404 tribuit
513 1343 658 1417 Christus,
676 1341 756 1422 qnod
774 1341 870 1402 soluta
885 1351 929 1399 cst
943 1339 1072 1399 muliera
1084 1340 1203 1414 morbo,
1279 1383 1288 1392 .

68 1423 107 1480 ita
130 1431 248 1481 eertum
273 1431 332 1496 est,
362 1421 418 1480 lide
442 1440 497 1479 nos
517 1419 660 1499 consequi
678 1418 879 1478 remissionem
899 1425 1103 1495 peecatorum,
1128 1435 1203 1494 quae

69 1519 122 1557 nos
148 1497 221 1557 Deo
244 1497 428 1558 reconciliat.
474 1497 574 1586 Quum
598 1495 682 1556 iubet
705 1495 748 1554 ire
767 1493 799 1553 in
819 1511 908 1572 pace,
938 1503 968 1551 et
986 1513 1084 1551 sanam
1105 1511 1166 1552 esse
1186 1511 1203 1550 a

70 1573 189 1656 flagello
210 1593 285 1647 suo,
308 1573 377 1634 bine
396 1572 576 1664 colligimus,
600 1583 670 1632 tune
688 1591 759 1632 rere
777 1582 872 1630 ratum
893 1567 996 1642 luisse,
1019 1569 1099 1647 quod
1120 1565 1200 1628 obti-

70 1662 172 1710 nuerat
198 1649 395 1724 beneficium,
423 1649 475 1708 ubr
500 1670 534 1709 ex
553 1670 606 1710 ore
628 1648 737 1710 Christi
756 1646 880 1720 audivit,
911 1644 1067 1734 quodiam
1087 1644 1202 1735 experi-

70 1739 198 1788 mentum
220 1738 406 1806 compertum
426 1725 563 1786 babebat.
591 1727 696 1805 Neque
716 1723 795 1784 enini
808 1743 879 1784 rere
892 1720 977 1780 abter
986 1734 1036 1782 aut
1045 1721 1204 1813 tranquilla
1248 1723 1251 1728 '
1321 1745 1323 1748 ·
1381 1693 1382 1750 l

70 1803 255 1864 conscientia
275 1804 399 1862 fruimur
416 1802 474 1861 Dei
494 1802 656 1879 beneficiis,
675 1822 761 1882 qnam
782 1801 850 1861 dum
871 1819 904 1860 ea
924 1797 955 1857 in
975 1817 1202 1878 promissionum

70 1881 205 1942 thesauro
226 1881 382 1942 recondita
400 1879 591 1960 possidemus.
618 1891 629 1933 's

106 2147 190 2228 (7⁸)
234 2144 406 2212 ΜΑΤΤΗ.
426 2145 479 2212 ΙΧ.
520 2145 571 2212 23.
598 2143 640 2210 Et
662 2164 758 2231 quum
779 2143 920 2208 venisset
939 2142 1027 2206 lesus
1048 2142 1082 2205 iu
1104 2137 1203 2207 aedes
1222 2211 1224 2216 ,

69 2253 228 2335 primatis,
259 2243 457 2332 vidissetque
487 2245 636 2313 tibicines
659 2257 691 2309 et
711 2240 838 2310 turbam
858 2240 1115 2319 tumultuantem,
1152 2237 1204 2303 at.

68 2351 155 2416 Dicit
177 2351 253 2430 illis,
274 2352 441 2419 Secedite:
461 2371 527 2422 non
550 2349 634 2412 enim
656 2355 782 2409 mortua
804 2353 851 2408 est
873 2339 1123 2418 adolescentula,
1143 2337 1204 2404 red

70 2451 200 2518 dormit:
238 2465 271 2520 st
299 2452 493 2534 deridebant
517 2446 617 2514 illum.
658 2445 708 2509 25.
736 2441 846 2527 Quum
869 2453 973 2506 autem
996 2442 1097 2506 eiecta
1119 2447 1204 2504 esset

69 2553 171 2632 turba,
191 2556 356 2640 ingressus
376 2557 479 2621 tenuit
498 2540 626 2616 manum
637 2545 733 2624 illius,
755 2553 786 2608 et
798 2546 936 2608 surrexit
948 2537 1067 2626 puella.
1099 2539 1148 2604 26.
1161 2539 1203 2606 Et

69 2659 210 2722 manavit
231 2656 286 2721 bic
305 2677 416 2722 rumor
436 2657 470 2719 in
490 2663 589 2718 totam
610 2659 726 2714 terram
748 2639 846 2708 illam.

152 2770 291 2840 multe.
316 2775 358 2838 V.
398 2773 449 2839 35.
480 2768 597 2835 Adbuc
622 2785 663 2830 eo
685 2749 841 2850 loquente
862 2763 997 2826 veniunt
1018 2778 1036 2821 a
1057 2753 1204 2845 principe
1258 2755 1265 2768 “

70 2893 273 2961 synagogae,
296 2875 455 2952 dieentes,
474 2870 560 2936 Filia
582 2880 637 2934 tua
658 2873 784 2930 mortua
806 2871 868 2927 est:
904 2859 982 2948 quid
1002 2857 1086 2924 ultra
1106 2876 1203 2922 vexas

69 2978 273 3062 magistrum?
319 2975 369 3040 36.
402 2975 492 3038 lesus
520 2982 625 3038 autem
652 2967 799 3053 protinus
821 2961 933 3028 audito
950 2979 1115 3037 sermone,
1148 2959 1203 3045 qui

71 3074 256 3154 dicebatur,
290 3079 335 3140 ait
359 3075 497 3163 principi
517 3075 716 3158 synagogae,
745 3065 797 3130 Ne
817 3072 955 3141 metuas,
983 3055 1204 3127 tautummodo

71 3176 177 3242 erede.
220 3179 272 3244 37.
292 3176 335 3242 Et
355 3195 422 3242 non
443 3175 588 3259 permisit
607 3187 791 3258 quenquam
810 3187 846 3231 se
866 3165 973 3249 sequi,
993 3173 1122 3248 praeter
1144 3162 1204 3226 Pe-

71 3288 166 3356 trum,
194 3288 228 3344 et
248 3275 418 3353 Iacobum,
440 3284 473 3338 et
490 3275 644 3338 loannem
665 3269 794 3334 tratrem
818 3263 935 3332 lacobi.
976 3263 1026 3327 38Ἰ
1053 3263 1097 3328 Et
1114 3265 1206 3330 veuit

72 3379 103 3442 in
123 3379 257 3460 domum
279 3379 433 3466 principis
454 3391 655 3458 synagogae,
685 3361 831 3454 viditque
852 3363 1038 3444 tumultum,
1066 3385 1104 3428 ac
1124 3352 1227 3429 ileu-⁸

72 3489 117 3544 ter
138 3489 172 3545 et
194 3479 354 3546 eiulantes
374 3475 516 3542 multum.
556 3473 608 3537 39.
633 3469 676 3535 Et
697 3474 859 3556 ingressus
879 3471 924 3533 ait
942 3463 1021 3546 illis,
1043 3463 1135 3551 Quid
1156 3475 1205 3530 tu-

71 3582 273 3648 multuamini
295 3593 326 3646 et
346 3577 501 3668 ploratis?
541 3573 651 3664 puella
672 3593 739 3638 non
762 3579 811 3636 est
830 3579 972 3644 mortua,
992 3563 1203 3648 seddormit,

71 3683 119 3748 lli.
150 3683 194 3748 Et
226 3677 408 3747 irridebant
433 3699 519 3744 eum:
558 3681 628 3760 ipse
656 3679 736 3737 vero
765 3673 874 3736 eiectis
900 3664 1049 3736 omnibus
1076 3667 1205 3730 assumit

71 3796 193 3868 patrem
217 3795 251 3850 et
271 3793 403 3848 matrem
426 3776 564 3867 puellae,
586 3786 617 3840 et
639 3793 695 3838 eos
718 3776 773 3860 qui
795 3795 866 3838 cum
887 3775 959 3858 ipsu
981 3775 1080 3844 eraut,
1101 3777 1134 3835 et
1154 3768 1203 3828 in-

70 3886 227 3970 greditur,
262 3883 320 3950 ubi
345 3879 457 3968 puella
486 3887 554 3944 erut
580 3877 694 3942 iacens.
741 3875 792 3938 ll.
822 3873 865 3938 Et
885 3867 1086 3956 apprehensa
1107 3885 1205 3931 manu

71 3987 215 4072 puellae,
244 3987 288 4050 ait
307 3983 371 4060 illi,
398 3979 527 4046 Talitha
549 3979 647 4042 cumi:
678 3973 767 4062 qood
789 3983 837 4038 est
858 3975 901 4056 (si
921 3970 993 4056 quis
1013 3972 1211 4053 interprete-s

71 4090 145 4170 tur),
165 4086 293 4170 Puella,
315 4083 375 4152 tibi
396 4084 480 4161 dico,
500 4103 605 4166 surge.
639 4077 690 4143 tt.
712 4077 754 4142 Et
765 4074 932 4142 confestim
942 4071 1075 4137 surrexit
1085 4066 1203 4154 puella,

70 4201 100 4255 et
120 4187 326 4256 ambulabat:
348 4196 418 4251 erat
439 4187 523 4250 enim
546 4202 701 4247 annorum
722 4175 904 4252 duodecim,
925 4183 958 4238 et
967 4169 1204 4259 obstupuerunt
1252 4251 1257 4276 Ι

69 4303 204 4379 stupore
226 4307 351 4374 magno.
393 4286 445 4354 43.
470 4280 512 4350 ot
534 4283 700 4369 praecepit
720 4277 786 4344 illis
806 4276 1029 4355 vehementer,
1051 4295 1096 4342 ue
1118 4276 1203 4362 quis·
1317 4323 1319 4330 .

70 4414 165 4479 quam
186 4390 224 4458 id
245 4393 351 4468 sciret,
372 4388 526 4476 iussitque
548 4383 618 4450 dari
638 4379 695 4461 illi,
717 4377 807 4468 quod
828 4377 948 4448 ederet.

261 4585 282 4642 ᾗ,
