2764 4854
115 307 130 325 ,
174 220 233 282 sss
271 225 276 240 ·
314 211 431 276 sncT.
452 215 516 276 XX.
556 224 939 305 numerumnunerum
962 221 1003 276 er
1022 229 1200 278 ascensio.

178 367 255 430 tellit
275 339 451 430 eoritextns:
477 368 544 448 quia
570 343 734 430 diserte‘ex
758 369 837 430 rimit
855 338 1001 444 loannes,
1018 367 1159 430 Musa·
1176 373 1286 430 utine
1303 373 1342 430 od

176 445 350 522 discipulmr
376 456 406 506 et
424 466 492 504 mox
507 445 644 526 sequitur
662 467 718 526 apu
759 447 885 522 Lucam,
910 449 1018 506 muso
1041 447 1178 506 maliem
1200 447 1243 507 od
1259 453 1340 522 Apo-

176 523 272 585 stolos.
318 521 478 582 Consentit
503 521 589 582 etiam
622 524 753 598 Marcus,
783 524 920 587 stoream
942 525 1051 583 mou
1074 523 1229 600 scribens,
1256 539 1342 604 etque

175 599 246 661 hoec
263 597 376 660 demisso
393 597 553 674 iurgantibus
570 599 729 676 discipsdr's.
1235 617 1241 624 “

253 677 345 737 hlarc.
363 684 410 742 11.
448 673 503 734 Ilii
530 699 618 755 quum
632 677 795 754 (adiment.
833 677 949 737 Marcus
975 674 1062 737 nnius
1086 689 1205 737 tantum
1231 677 1341 737 hlariae

175 753 389 846 testimonium
403 754 728 890 ctrlmtrpeprorat,crpihi
738 831 745 844 .
754 767 863 892 tamend
872 773 1041 890 persupsum
1052 767 1124 890 lest,
1143 755 1195 890 alp·
1206 754 1340 888 omnipo,

175 843 644 1040 ddrrilinddibliebubilanupcilidixi,
665 842 931 968 η11ιςι1ιι1ι11111ι1ξε
943 851 1340 990 ἰηῧτοΕεξιῗΞεΙίειιξιςῗὲιιιζ

161 995 249 1044 ‘unus
268 982 457 1064 peculiariter
476 982 587 1044 hariae
607 983 799 1065 lllagdalenae
820 984 963 1122 assignat,
982 985 1063 1062 quod
1083 985 1250 1044 secundnm
1271 984 1342 1043 alios

80 1068 84 1080 “
174 1060 311 1123 omnibns
331 1079 488 1121 commuue
508 1058 582 1134 suit,
604 1060 673 1120 licet
691 1081 754 1122 non
780 1063 896 1142 aequai
919 1061 1021 1142 gradu
1060 1061 1174 1140 Turpis
1201 1081 1277 1122 vern
1296 1081 1341 1119 so-

175 1137 276 1198 cordia
296 1135 457 1216 discipulos
477 1137 652 1198 constrictos
672 1136 811 1213 tenebat,
836 1151 870 1199 ut
888 1139 919 1198 in
938 1137 1110 1198 memoriam
1132 1158 1198 1197 uon
1218 1139 1341 1197 reduce-

173 1225 250 1288 rent,
271 1213 451 1294 completum
473 1233 534 1272 esse
556 1213 636 1292 qnod
657 1233 690 1274 ex
710 1215 854 1296 Magistro
875 1215 990 1294 saepius
1011 1214 1179 1274 audierant.
1217 1214 1339 1292 Siquid

173 1291 254 1371 prius
275 1291 437 1350 inauditum
458 1301 624 1350 narrassent
643 1290 795 1365 mulieres,
814 1292 922 1352 merito
942 1291 972 1350 in
991 1311 1025 1350 re
1046 1290 1223 1352 incredibili
1243 1311 1340 1352 earnm

171 1366 304 1428 sermoni
322 1385 385 1426 non
404 1365 502 1426 statim
522 1363 621 1426 hahita
642 1366 743 1428 inisset
762 1368 848 1429 fides:
868 1369 1018 1430 sednunc
1039 1367 1209 1447 plusquam
1221 1368 1340 1428 hebetes

171 1444 261 1505 fuisse
286 1454 423 1524 oportet,
448 1443 498 1522 qui
518 1463 580 1502 rem
599 1466 616 1504 a
636 1443 714 1504 Filio
737 1445 797 1506 Dei
821 1445 910 1506 toties
935 1445 1108 1524 promissam
1136 1456 1169 1503 et
1195 1455 1339 1518 testatam,

171 1519 224 1582 ubi
244 1519 281 1582 ab
301 1521 425 1582 oculatis
445 1517 567 1580 testibus
587 1520 733 1600 completa
744 1543 807 1583 esse
828 1533 973 1598 narratur,
992 1541 1048 1599 pro
1071 1519 1173 1582 fabula
1194 1521 1245 1580 uel
1257 1543 1338 1581 som-

171 1599 224 1659 nio
245 1599 365 1660 ducunt.
402 1597 489 1659 Adde
509 1597 590 1675 quod
609 1618 699 1677 quum
717 1597 797 1677 ips'os
808 1619 860 1659 sna
870 1598 1059 1658 incredulitas
1071 1609 1153 1657 recta
1165 1598 1337 1678 intelligen-

11 1679 12 1696 ¹
63 1681 67 1688 '
170 1675 211 1736 tia
231 1674 398 1755 privaverit,
419 1693 480 1735 uon
501 1673 591 1734 modo
612 1685 755 1754 respuunt
773 1675 903 1738 veritatis
922 1673 1029 1749 lucem,
1048 1673 1103 1734 sed
1122 1685 1268 1754 tauquam
1289 1677 1334 1732 de-

169 1751 358 1814 liramentum
382 1753 535 1823 reiiciunt,
559 1750 643 1810 sicuti
669 1751 759 1812 docet
777 1751 881 1814 Lucas.
920 1751 999 1810 llinc
1024 1762 1152 1831 apparet
1179 1749 1334 1812 tentationi

170 1831 210 1890 ita
225 1827 427 1963 spccubuisse,
446 1839 479 1888 ut
489 1827 552 1887 iere
572 1827 668 1888 omnis
686 1828 847 1891 verborum
862 1826 972 1888 Christi
983 1839 1086 1910 gustm
1108 1846 1217 1902 eorum
1236 1827 1334 1888 animis

171 1925 232 1966 exer
255 1916 332 1964 isset.

132 2043 138 2066 ,
244 1981 317 2040 Luc.
337 1984 395 2043 12e
421 1978 553 2055 surgens
575 1991 670 2038 umere
695 1985 810 2041 Petrus.
849 1981 922 2041 Mihi
946 2001 1009 2040 nou
1034 1979 1162 2040 dubium
1184 1993 1243 2050 est,
1267 1982 1333 2060 quir

169 2051 218 2118 hic
238 2077 254 2116 a
274 2055 354 2116 Luca
373 2055 505 2117 inversus
524 2053 563 2116 sit
582 2054 721 2118 historiae
742 2057 834 2132 ordo,
852 2056 937 2118 sicuti
957 2077 991 2116 ex
1010 2057 1112 2116 verbis
1133 2057 1254 2118 loannis
1279 2057 1328 2115 eli-

169 2155 238 2195 cere
264 2143 432 2213 promptum
458 2145 515 2193 est:
541 2151 597 2192 nec
623 2131 717 2207 male,
747 2153 814 2194 meo
840 2134 966 2207 iudicio,
997 2133 1171 2194 resolvetur
1197 2132 1330 2192 umas

168 2210 291 2272 verbnm
316 2211 348 2270 in
373 2221 488 2290 tempus
514 2209 842 2290 plusquamperfectum.
881 2210 986 2270 Sciunt
1017 2222 1121 2270 autem
1147 2209 1327 2270 mediocriter

170 2289 201 2347 in
222 2287 376 2367 Scriptura
396 2289 515 2358 versati,
533 2305 621 2365 quam
643 2285 701 2347 hoc
720 2286 856 2350 usitatum
868 2288 906 2348 sit
916 2286 1072 2358 Hebraeis,
1093 2307 1173 2378 quae
1190 2308 1240 2348 sno
1257 2287 1327 2346 loco

168 2364 274 2425 omissa
294 2374 388 2438 erant,
407 2365 554 2456 posterius
573 2361 695 2423 referre.
726 2365 825 2443 Atque
847 2365 900 2426 hac
912 2364 1134 2424 circumstantia
1147 2364 1241 2424 Lucas
1249 2367 1327 2444 hpo-

167 2439 311 2502 stolorum
332 2439 467 2500 duritiem
493 2438 586 2520 magis
611 2451 785 2520 exaggerat,
811 2441 893 2520 quod
917 2441 1065 2519 aspernati
1094 2441 1154 2500 sint
1181 2440 1330 2501 mulierum

166 2518 276 2592 verba,
296 2539 385 2596 quum
404 2529 501 2578 tamon
523 2517 628 2576 Petrus
648 2537 771 2576 vacuum
790 2517 956 2608 sepulcrum
976 2516 1035 2576 iam
1053 2517 1197 2594 vidisset,
1220 2539 1252 2579 ae
1274 2539 1330 2576 ms·

166 2595 277 2656 uisesto
297 2594 522 2655 resurrectionis
542 2593 629 2675 signo
648 2592 679 2652 iu
700 2594 925 2656 admirationem
947 2606 1025 2654 esset
1044 2607 1179 2655 coactus.

250 2835 353 2918 (217.)
374 2831 546 2900 MATTH.
567 2835 713 2901 XXVlll.
750 2833 800 2902 11.
823 2832 889 2900 lllis
911 2845 1016 2900 autem
1037 2834 1332 2922 proficiscentibus

167 2937 410 3026 eccogqnidam
433 2959 450 3002 e
475 2936 665 3005 custodibus
693 2947 854 3005 venerunt
878 2940 912 3003 in
941 2941 1118 3016 civitatem,
1147 2961 1189 3004 ac
1217 2963 1332 3006 renuu-

165 3045 326 3109 tiaverunt
347 3037 547 3127 principibus
568 3041 773 3108 sacerdotum
795 3044 918 3121 omnia,
938 3064 1020 3128 quae
1042 3042 1246 3112 acciderant
1285 3047 1331 3110 12

164 3145 206 3211 Et
226 3147 410 3230 congregati
439 3165 510 3208 curu
538 3143 738 3223 senioribus,
766 3145 904 3210 consilio
931 3143 1057 3222 habito,
1081 3153 1264 3230 pecunia·
1285 3171 1333 3214 to

164 3250 288 3336 piosam
321 3245 483 3313 dederuut
508 3245 675 3326 militibus,
719 3247 958 3327 13.'Diccntes,
984 3247 1095 3313 Dicite
1124 3253 1223 3336 quod
1246 3255 1334 3320 disei-

164 3351 235 3440 puli
262 3354 331 3416 eius
358 3361 454 3416 nocte
482 3355 645 3428 venerint,
667 3373 706 3416 ac
728 3351 824 3418 iurati
851 3354 914 3417 sint
942 3374 1014 3418 euni
1041 3350 1141 3418 vobis
1172 3355 1336 3422 dormien-

162 3453 258 3521 tibus.
299 3452 349 3519 14.
370 3451 412 3516 Et
440 3452 467 3516 si
490 3451 555 3519 hoo
582 3455 723 3520 auditum
751 3456 849 3520 tuterit
880 3453 941 3520 sub
969 3455 1143 3534 Pressido,
1172 3479 1238 3526 uos
1265 3485 1334 3547 per-

162 3555 370 3627 suadebimus
398 3556 444 3637 ci,
472 3567 503 3624 et
530 3579 662 3625 securos
689 3581 748 3626 vos
777 3557 938 3622 iaciemus.
980 3559 1029 3628 15.
1053 3560 1096 3626 ht
1120 3559 1178 3626 illi
1202 3575 1336 3647 acceptu

162 3664 301 3752 pecnnia
332 3659 495 3740 iecerunt,
525 3662 608 3728 sicut
637 3673 729 3728 erant
762 3660 886 3739 edocti,
919 3673 950 3728 et
979 3661 1171 3750 divulgatus
1205 3678 1253 3734 est
1280 3667 1337 3732 hic

164 3787 270 3834 sermo
292 3761 379 3850 apud
402 3761 540 3830 ludaeos
561 3783 664 3854 usque
685 3767 718 3830 iu
741 3764 932 3830 hodiernum
955 3765 1051 3832 diem.

239 4054 342 4114 Matth.
372 4057 419 4117 11·
468 4050 537 4120 lilia
566 4064 746 4126 cntempsi»
790 4053 797 4069 ¹
877 4052 884 4069 ⁸
936 4093 945 4110 .
993 4052 1063 4111 Non
1102 4053 1201 4114 modo
1236 4055 1335 4114 credi

162 4127 223 4188 bile
243 4141 297 4204 est,
315 4129 366 4190 sed
387 4149 433 4188 res
453 4128 520 4207 ipsa·
536 4129 675 4202 ostendit,
695 4128 735 4188 mi
748 4129 814 4202 ites‚
833 4127 938 4208 quibus
957 4126 1090 4188 iniuncta
1111 4143 1182 4190 erat
1200 4151 1235 4192 se
1260 4131 1335 4188 uteri

161 4203 308 4280 custodia,
336 4205 379 4268 sic
405 4204 493 4266 luisse
517 4205 653 4266 mercede
684 4216 856 4286 corruptos,
885 4215 919 4266 ut
945 4205 980 4266 ad
1005 4215 1112 4264 nutum
1138 4227 1212 4266 sace
1252 4220 1335 4267 otum

159 4281 278 4346 mentiri
298 4281 391 4360 parati
411 4293 517 4343 essent.
556 4283 615 4342 lles
634 4281 690 4342 illis
710 4293 781 4342 nota
801 4294 875 4359 erat,
895 4281 969 4342 nihil
987 4280 1081 4362 magis
1103 4283 1284 4345 secerdotes
1298 4285 1334 4342 ti-

159 4377 251 4430 mere,
271 4377 357 4436 quam
377 4379 415 4418 nc
437 4359 513 4420 sama
533 4358 694 4435 obtineret,
716 4359 864 4422 Christum
885 4357 983 4420 triduo
995 4369 1065 4438 post
1074 4369 1210 4422 mortem
1233 4381 1333 4422 resur·
