2778 4838
133 123 192 234 riu
274 151 275 160 '
418 161 535 226 SECT.
554 155 621 222 XV.
659 173 752 222 rasus
771 173 816 220 er
835 173 1016 222 nucinum.

133 318 214 393 dum,
232 325 266 376 nt
283 315 404 397 fulgore
421 315 466 378 sui
485 313 639 397 Evangelii
658 310 817 380 absorbeat
834 310 974 374 scintillas
994 309 1073 386 illas,
1094 329 1171 401 puae
1192 311 1226 372 in
1236 311 1305 374 ve.
1378 307 1379 378 ζ

132 394 192 454 teri
212 393 403 456 Testamento
423 391 580 454 micabant.
619 393 674 450 Est
696 388 775 449 euim
802 387 856 448 Sol
881 387 1027 462 iustitiae,
1059 409 1140 447 curus
1170 389 1307 450 adventu

134 468 240 550 plenus
260 468 353 530 illuxit
372 469 443 560 dies.
481 471 582 550 Atque
601 467 674 557 haec
693 464 769 555 ratio
791 477 917 555 est,cur
927 464 1094 554 Apostolus
1111 463 1192 524 dicat
1222 466 1306 556 ‘rimo

135 546 173 608 ad
185 545 337 608 Hebraeos
357 559 463 625 capite,
482 543 590 620 Deum,
610 565 659 622 qur
679 544 751 604 olem
769 541 956 602 multifariam
975 540 1131 619 multisque
1144 485 1245 602 modis
1258 541 1306 602 lo·

137 633 242 758 glutus
263 635 327 683 erat
341 629 394 703 per
409 621 583 701 Prophetas,
602 621 760 700 novissime
780 619 933 704 loquutum
954 637 1014 677 esse
1035 616 1067 676 in
1088 615 1201 678 dilecto
1214 617 1306 678 Filio.
1378 649 1379 652 ¹

171 700 277 777 enique
302 719 364 758 non
389 699 483 757 minus
510 698 598 758 hodie
622 697 653 756 iu
673 698 754 787 Lege
780 707 811 754 et
834 693 991 830 Prophetis
1023 693 1140 753 auditur
1167 692 1305 754 Christus
1378 765 1379 778 χ

138 795 225 854 quam
246 776 277 834 in
289 774 453 856 Evangelio
474 795 539 848 suo,
559 787 591 832 ut
606 793 696 864 penes
717 793 810 851 ipsum
830 771 887 831 resi
910 783 957 831 eat
976 769 1112 852 Magistri
1132 771 1307 861 auctoritas,

137 852 384 930 quemadmodum
405 872 469 910 eam
487 849 543 925 sibi
564 872 614 909 unr
633 850 766 910 vindicat
783 848 1016 928 (Matth.‘l3,8.).
1048 843 1145 907 Porro
1163 869 1210 906 rus
1221 868 1305 906 suum

138 925 250 988 salvum
270 949 330 988 non
353 927 484 1001 obtinet,
516 927 586 1006 quin
610 925 716 986 sileant
736 945 838 984 omnes
860 924 1002 983 humanae
1029 922 1157 1004 liuguae.
1200 921 1305 997 Quare
1378 959 1379 996 ;

137 1013 172 1062 nt
192 1023 246 1064 nos
266 1003 320 1064 sub
339 1025 391 1064 sna
410 1003 545 1064 doctrina
565 1003 727 1077 contineat,
747 1000 885 1080 quioquid
897 1000 1059 1060 commenti
1069 1012 1138 1060 sunt
1158 999 1306 1075 homines,

138 1081 289 1158 prosterni
309 1091 339 1146 et
358 1080 515 1140 concidere
535 1099 654 1154 necesse
674 1089 726 1139 est.
764 1078 913 1138 Doctores
956 1076 1052 1135 uidem
1066 1075 1201 1166 quotidie
1216 1075 1307 1136 emit-

138 1155 186 1229 tit,
205 1156 256 1216 sed
269 1156 318 1235 qui
338 1177 412 1236 pure
433 1169 463 1216 et
482 1155 638 1215 bonarfide
657 1154 814 1247 proferant
833 1151 913 1233 quod
933 1174 949 1212 a
991 1173 1029 1212 eo
1050 1152 1215 1227 didicerint,
1236 1172 1303 1211 uon

138 1231 191 1366 poi
216 1232 274 1293 suis
300 1232 503 1293 additamentis
522 1231 717 1312 Evangelium
742 1229 881 1290 inficiant.
927 1229 964 1288 In
984 1249 1111 1304 summa,
1141 1227 1235 1288 nullus
1258 1239 1308 1288 est

162 1306 233 1376 delis
252 1307 404 1370 Ecclesiae
426 1309 548 1385 doctor,
577 1308 704 1388 uisi‘qui
724 1316 755 1367 et
774 1305 931 1387 discipulus
952 1317 996 1366 est
1015 1303 1144 1382 Christi,
1175 1317 1206 1364 et
1223 1303 1303 1364 alios

141 1383 172 1444 ei
190 1385 342 1446 docendos
364 1385 463 1447 ollert
791 1439 794 1450 .
831 1433 836 1443 .
996 1403 998 1408 ·

214 1467 242 1526 6.
281 1461 322 1520 Et
339 1459 393 1523 hoc
410 1461 518 1536 ιιιιᾶὶιο
556 1463 688 1522 Terrore
712 1459 769 1520 isto
785 1457 916 1550 'percelli
935 1453 1023 1520 Deus
1051 1457 1148 1522 voluit
1169 1455 1303 1537 distipu-

141 1534 199 1612 los,
218 1550 252 1596 ut
260 1539 362 1599 melius
374 1537 685 1599 visionismemoriam
705 1535 889 1617 imprimeret
913 1554 1016 1596 eorum
1036 1534 1186 1596 cordibus.
1206 1534 1307 1594 Inter-

105 1657 108 1666 .
140 1611 188 1672 im*
207 1613 353 1690 videmus,
380 1626 487 1694 quanta
507 1614 545 1674 sit
563 1627 684 1674 naturae
705 1624 823 1672 nostrae
842 1612 1009 1687 infirmitas,
1032 1632 1107 1692 qnae
1128 1610 1228 1671 audita
1247 1609 1309 1670 Dei
1378 1651 1379 1656 κ

68 1723 70 1738 ·
140 1710 216 1754 voce
232 1691 276 1752 sic
298 1693 470 1770 expavescit
509 1693 585 1750 Nam
605 1691 685 1768 qood
704 1689 787 1824 impp'li
805 1688 854 1749 vel
874 1688 1054 1750 subsannant
1080 1709 1160 1763 eam,
1189 1686 1239 1746 vel
1257 1707 1307 1747 se-

97 1798 101 1810 ,
141 1786 212 1826 cure
232 1767 397 1848 negligunt,
417 1769 485 1828 ideo
506 1767 539 1826 fit
559 1767 745 1845 quiaDeuse
782 1767 898 1826 caciter-
910 1787 960 1826 eos
981 1786 1043 1826 non
1063 1763 1235 1844 compellat,
1255 1764 1308 1824 sed

138 1861 260 1914 necesse
280 1855 338 1915 est,
370 1854 404 1902 ut
421 1843 480 1903 Dei
498 1843 649 1918 maiestas,
672 1842 793 1902 simulac
818 1862 885 1902 eum
910 1843 1066 1917 sentimus,
1095 1862 1151 1900 uos
1178 1840 1309 1900 deiiciat.

141 1915 300 1978 Caeterum
311 1917 444 1980 Christus
460 1929 623 1999 prostratos
644 1919 759 2002 erigens
780 1918 911 1980 officium
931 1941 1015 1979 suum
1035 1917 1217 2010 exsequitur:
1239 1939 1307 1976 nam
1330 1917 1333 1922 ’
1378 1947 1379 2008 p

137 1991 209 2052 ideo
230 1994 267 2054 ad
286 2016 341 2056 nos
362 1995 523 2070 descendit,
542 2008 575 2054 ut
595 2017 633 2056 eo
654 1997 727 2056 duce
748 1996 780 2054 in
791 1995 851 2056 Dei
869 2007 1060 2074 conspectum
1071 1993 1222 2074 intrepide
1235 2013 1307 2072 pro·

143 2069 234 2130 deant
252 2071 367 2147 fideles,
383 2093 454 2132 nec
474 2071 597 2152 amplius
617 2072 757 2132 terribilis
777 2072 815 2132 sit
834 2071 890 2133 illis
909 2071 1059 2146 maiestas,
1090 2091 1166 2149 quae
1188 2090 1309 2130 omnem

142 2163 260 2212 carnem
281 2146 391 2227 alioqui
411 2148 586 2209 absumeret.
624 2149 710 2209 Adde
732 2149 811 2228 quod
826 2167 1037 2214 uousermone
1056 2159 1171 2208 tantum
1192 2166 1246 2205 eos
1260 2167 1311 2206 so-

141 2221 228 2298 latur,
248 2221 399 2286 sedtuctu
419 2225 505 2286 etiarn
518 2225 679 2286 confirmat
711 2224 804 2300 Quod
820 2224 956 2284 dicuutur
970 2225 1089 2284 tandem
1108 2223 1206 2284 solum
1220 2221 1311 2282 Chri-

140 2309 218 2359 ,ιω
237 2300 352 2376 vidisse,
371 2302 428 2363 huc
438 2301 578 2398 pertinet,
598 2302 724 2394 Legioet
736 2300 893 2381 Prophetis
912 2300 1106 2437 temlporalem
1125 2300 1220 2360 luisse
1217 2299 1308 2435 1fo.
1378 2303 1379 2316 r

142 2375 230 2453 riam,
260 2389 294 2437 ut
318 2377 397 2438 solus
424 2379 556 2441 Christus
585 2399 657 2440 eous
680 2401 761 2440 rcuus
791 2388 918 2445 maneat.
994 2399 1039 2436 am
1068 2389 1103 2436 ut
1131 2377 1189 2437 rite
1251 2376 1309 2436 osis

143 2471 235 2544 ppera
255 2466 380 2530 utamur,
399 2456 430 2514 in
450 2457 514 2536 ipso
536 2455 645 2516 haereo
667 2479 716 2516 um
736 2475 798 2514 non
819 2465 873 2528 est,
893 2454 944 2517 scd
965 2453 1058 2514 danda
1078 2473 1183 2534 opera,
1203 2464 1238 2512 ut
1256 2473 1310 2588 per
1378 2493 1379 2498 κ

1247 2551 1263 2588 a

140 2549 237 2608 ipsum
256 2552 344 2592 mauu
365 2533 503 2592 ducamur
524 2531 560 2592 ad
578 2531 738 2607 Christum,
759 2530 840 2591 cuius
861 2531 995 2592 minister
1015 2544 1135 2590 cetuna
1158 2551 1225 2590 cum

1276 2551 1309 2590 tls
1378 2587 1379 2592 ,

142 2606 289 2680 omnibus.
314 2609 542 2669 decommodari
555 2609 642 2668 etiam
659 2619 757 2689 potest
776 2607 824 2669 hio
845 2606 926 2667 loeus
947 2608 984 2668 ad
1004 2607 1183 2668 damnandas
1205 2626 1309 2666 eorum
1378 2671 1379 2684 ,

141 2685 375 2776 superstitiones,
396 2685 445 2821 ‹ppi
461 2685 616 2776 ‘Christum
636 2707 699 2745 ιιοιι
709 2683 868 2775 Prophetis
887 2695 1001 2744 tantum
1020 2696 1053 2744 et
1071 2681 1238 2774 Apostolis,
1257 2683 1309 2743 sed
1378 2725 1379 2780 ,

141 2778 284 2880 §regatus
304 2773 404 2822 sanctu
418 2784 440 2820 rs
460 2774 499 2820 rta
520 2773 713 2842 permiscent,
752 2772 786 2820 ut
809 2773 846 2820 sit
864 2773 1003 2841 tauquam
1030 2782 1104 2820 unus
1125 2759 1255 2838 quilebet
1274 2780 1309 2819 ex
1378 2805 1379 2814 ,

142 2847 276 2898 Numero.
315 2837 407 2915 Atqui
427 2838 518 2920 longe
539 2836 626 2898 alium
646 2839 678 2897 in
698 2839 786 2898 finem
813 2838 960 2898 excellunt
977 2839 1009 2897 in
1028 2838 1136 2897 sanctis
1154 2835 1219 2904 Dei
1240 2855 1309 2932 gra-

143 2911 218 2986 tiae,
250 2933 335 2993 quam
360 2924 394 2973 ut
418 2926 531 2993 partem
551 2914 674 2974 honoris
696 2914 814 2976 Christo
842 2914 937 2974 debiti
956 2914 992 2974 ad
1011 2933 1042 2973 se
1063 2913 1188 2995 rapiant.
1228 2913 1308 2974 lons

134 2991 241 3051 'antem
262 2989 371 3050 erroris
390 2991 421 3048 in
442 2989 590 3068 discipulis
604 2991 674 3070 ipsis
692 2989 790 3050 notari
801 3002 913 3070 potest:
935 3012 1021 3069 quam
1042 2990 1092 3050 diu
1113 2991 1193 3051 enim
1213 2988 1310 3050 territi

143 3061 265 3146 {effluunt
280 3064 339 3124 Dei
358 3066 518 3140 maiestate,
537 3079 658 3147 vagatae
679 3066 799 3138 suntin
820 3067 987 3128 hominibus
1030 3067 1184 3128 naerendis
1206 3087 1308 3126 eornm

142 3149 276 3223 urentes,
294 3140 345 3200 ubi
365 3154 463 3202 autem
483 3160 534 3202 eos
553 3144 682 3205 suaviter
703 3143 836 3204 Christus
857 3145 963 3218 erexit,
982 3089 1061 3206 solus
1074 3144 1117 3207 ‘ab
1141 3143 1210 3222 ipsis
1231 3143 1308 3204 visus

143 3225 198 3276 est.
222 3216 298 3276 Nam
317 3217 343 3276 si
362 3219 461 3300 vigeat
479 3218 509 3277 in
530 3218 617 3282 nobis
637 3220 812 3298 consolatio,
834 3242 889 3300 qua
911 3218 1231 3294 Christus‘terroribus
1252 3240 1306 3280 no-

143 3290 379 3432 fflsspedtetur,
408 3307 585 3360 evanescent
607 3298 689 3361 stulti
714 3317 817 3362 omnes
842 3295 982 3374 aflectus,
1015 3297 1141 3382 quinos
1162 3297 1222 3358 huc
1242 3295 1309 3357 illue

256 3390 295 3430 uu

245 3493 253 3524 t

227 3672 330 3754 (144)
376 3674 548 3754 MATTH.
572 3677 674 3742 xvh.
725 3677 754 3741 9.
787 3674 830 3741 Et
862 3685 958 3762 quum
984 3673 1234 3748 ,descenderent
1264 3669 1306 3736 de

143 3787 271 3856 monte,
305 3781 473 3865 praecepit
499 3778 563 3844 illis
590 3783 695 3860 lesus,
729 3778 853 3857 diceus,
887 3781 938 3844 Ne
968 3785 1019 3846 cni
1049 3779 1194 3855 dixeritis
1213 3777 1309 3841 visio·
1378 3823 1379 3838 ,

95 3967 98 3974 ⁴
141 3900 230 3960 nem,
265 3880 373 3948 donee
399 3881 502 3947 Filius
530 3881 668 3950 hominis
696 3907 713 3950 a
743 3885 876 3960 mortuis
907 3895 1060 3970 resurgat.
1112 3881 1161 3948 10.
1194 3881 1238 3946 Et
1264 3881 1311 3944 in-

142 3991 390 4068 terrogaverunt
413 4007 484 4050 eum
507 3984 657 4074 discipuli
680 3989 730 4052 sui
756 3987 916 4066 dicentes,
959 3987 1030 4054 Cur
1057 3988 1152 4071 igitur
1174 3982 1309 4048 Scribas

143 4083 269 4165 dicunt,
310 4088 401 4176 quod
422 4086 526 4153 Eliam
546 4099 699 4175 oporteat
720 4094 832 4156 venire
853 4093 964 4176 prius?
1006 4089 1058 4156 11.
1086 4089 1176 4153 lesus
1204 4098 1309 4152 autem

141 4189 345 4274 respondens
367 4191 447 4258 dixit
467 4187 547 4271 illis,
578 4191 667 4258 Elias
690 4192 819 4282 quidem
841 4193 952 4258 veniet
973 4193 1075 4279 prins,
1109 4200 1142 4256 et
1162 4193 1310 4257 restituet

141 4294 262 4362 omnia.
306 4295 356 4361 12
378 4295 553 4366 Caetenrm
575 4295 650 4366 dico
671 4293 783 4376 vobis.
810 4293 914 4364 Elium
936 4299 1308 4376 intercolumnium
