2768 4834
176 245 233 306 150
295 254 297 260 ·
631 229 783 296 SECTIO
805 231 857 292 vl.
893 326 897 336 ‚

1102 281 1114 330 l

176 376 406 481 homines‚·aul
428 385 570 464 sacrificia
594 405 703 450 vovere
727 387 813 462 Dcoff,
842 402 929 466 quam
956 380 1006 444 diu
1025 381 1173 444 dissidium
1192 381 1333 444 habent

83 515 86 521 .
177 489 241 528 cum
262 466 409 547 proximis.

251 551 298 609 25.
346 540 463 603 Habeto
492 538 721 600 benevolentium.
772 536 902 598 Tametsi
927 535 1043 596 videtur
1071 535 1205 596 Christus
1230 535 1332 596 ultra

143 669 146 674 ,
169 607 334 710 progredi,
363 639 419 678 nec
443 622 556 677 tantum
581 616 693 677 hortari
717 615 754 674 ad
774 613 1064 687 reconciliationem,
1096 613 1147 693 qui
1166 613 1333 673 fratribus

130 757 132 762 ,
175 697 311 758 iniuriam
332 696 476 767 fecerunt,
495 695 547 754 sed
568 692 655 753 etiam
676 693 726 772 qui
746 690 852 751 iniuste
873 691 1065 765 lacessuntur,
1083 710 1141 773 ego
1162 701 1267 750 tamen
1289 690 1335 748 in

177 774 264 833 alium
289 774 377 834 finem
401 783 547 850 spectasse
572 769 770 850 interpretor,
808 787 915 904 nempe
939 778 973 825 ut
998 787 1096 826 ansam
1121 766 1334 848 praecideret

177 849 253 909 odiis
273 846 490 921 et'discordiis,
517 847 699 926 modumque
715 843 861 905 fovendae
904 843 1108 904 enevolentiae
1129 843 1333 904 ostenderet.

177 927 266 985 Unde
287 926 365 990 enirn
386 944 489 984 omnes
509 920 643 998 iniuriae,
662 922 718 982 nisi
739 922 819 1000 quod
838 921 946 1058 singuli
966 919 1086 980 nimium
1106 931 1227 990 tenaces
1244 929 1334 978 sunt

176 1002 221 1062 sui
241 1001 330 1077 iuris,
355 1003 413 1061 hoc
435 1011 495 1076 est,
519 1000 577 1059 suis
597 997 760 1058 commodis
780 1019 880 1058 cuma
894 1018 990 1058 iorum
1010 995 1117 1058 damno
1138 995 1225 1056 nimis
1244 1007 1335 1055 snut

176 1073 313 1140 addictif'
348 1078 460 1139 Omnes
486 1076 566 1138 enim
590 1076 653 1136 fere
680 1085 818 1136 excoecat
837 1095 989 1155 perversus
1008 1073 1053 1136 sui
1073 1093 1171 1147 amor,
1203 1085 1238 1132 ut
1255 1071 1332 1132 sibi

178 1153 209 1212 in
230 1153 360 1234 pessimis
381 1153 473 1213 causis
492 1151 689 1212 blandiantur.
722 1149 855 1212 Christus
876 1152 985 1231 itaque,
1004 1162 1038 1208 ut
1050 1149 1135 1224 odiis,
1155 1147 1329 1210 simultati-

177 1231 243 1304 bus,
262 1230 380 1311 pugnis,
400 1229 579 1290 etomnibus
597 1227 711 1288 iniuriis
724 1240 870 1302 occurrat,
911 1226 1080 1288 ertinaciam
1093 1226 1185 1299 illuni,
1205 1226 1330 1286 horum

177 1307 321 1367 malorum
341 1306 466 1381 fontem,
486 1305 611 1388 corrigit
629 1327 663 1364 ac
683 1303 766 1364 iubet
783 1323 852 1364 suos
872 1249 909 1365 ad
922 1302 1157 1365 moderationem
1169 1302 1331 1393 etaequi-

178 1395 268 1446 tatem
315 1403 460 1463 supensos
487 1402 565 1454 esse,
596 1393 629 1441 ut
652 1400 764 1442 summo
789 1380 852 1441 iure
879 1381 1018 1442 cedentes
1059 1400 1140 1440 acem
1161 1389 1192 1440 et
1210 1377 1328 1439 amici-

177 1461 248 1520 tiam
273 1405 325 1522 tuit
346 1459 493 1538 aequitate
513 1459 667 1522 redimant.
708 1455 878 1548 Optandum
900 1457 1016 1538 quidem
1037 1401 1130 1530 locet,
1160 1476 1199 1518 ne
1220 1453 1326 1536 qualis

179 1557 306 1618 unquam
327 1535 405 1595 inter
424 1555 479 1595 nos
498 1534 544 1595 vel
566 1546 773 1594 controversia·
787 1533 941 1608 incideret,
960 1545 991 1593 et
1010 1546 1089 1593 certe
1109 1553 1261 1612 nunquam
1287 1532 1328 1590 in

180 1614 404 1674 contentionem
415 1610 462 1672 vel
475 1623 623 1672 certamen
644 1621 873 1690 prorumperent
893 1609 1036 1684 homines,
1055 1609 1080 1669 si
1098 1611 1218 1691 vigeret
1235 1608 1329 1668 inter

180 1710 232 1750 eos
257 1709 291 1748 ea
315 1707 391 1768 quae
416 1685 506 1748 debet
530 1687 740 1747 mansuetudo:
772 1688 824 1747 sed
850 1687 916 1768 quia
942 1686 1006 1746 heri
1032 1685 1076 1758 vix
1096 1697 1214 1768 potest,
1241 1685 1328 1764 quin

181 1763 370 1826 suboriantur
389 1761 503 1841 aliquae
524 1763 606 1836 lites,
631 1762 792 1822 remedium
814 1763 942 1826 ostendit
964 1761 1112 1836 Christus,
1137 1783 1197 1841 quo
1216 1761 1327 1821 statirn

182 1841 324 1921 componi
344 1851 468 1920 queant,
495 1859 604 1920 nempe
624 1840 648 1899 si
668 1838 783 1899 frenum
804 1839 1012 1919 cupiditatibus
1031 1839 1140 1912 nostris
1159 1838 1330 1910 iniicimus,

182 1929 213 1978 et
237 1917 334 1998 potius
360 1937 425 1974 cum
450 1915 557 1975 damno
585 1928 690 1976 nostro
714 1916 877 1999 transigere
904 1916 998 1996 parati
1024 1937 1137 1990 sumus,
1168 1936 1254 1994 quain
1288 1926 1328 1974 ut

182 1991 335 2054 inflexibili
359 1991 461 2074 rigore
486 1993 530 2052 ius
555 2003 689 2054 nostrum
716 2013 935 2073 persequamur.
975 1990 1123 2053 Christum
1144 2003 1242 2052 tamen
1264 1991 1330 2052 hac

183 2069 389 2132 exhortatione
408 2069 522 2148 sae'pius
541 2090 625 2129 nsum
646 2080 763 2128 constat
782 2090 816 2129 cii
829 2068 930 2132 huuc
949 2069 1044 2150 capite
1057 2067 1245 2142 duodecimo,
1266 2065 1329 2126 ubi

141 2215 145 2220 ,
181 2166 246 2208 non
266 2143 396 2206 refertur
413 2165 510 2206 sermo
531 2145 646 2206 habitus
666 2145 698 2204 in
718 2157 832 2218 monte,
850 2145 902 2206 sed
923 2145 1051 2225 epitome
1063 2165 1096 2206 ex
1108 2145 1196 2206 variis
1205 2143 1328 2206 Christi

115 2224 124 2237 '
183 2222 336 2284 sententiis
361 2219 522 2304 colligitur.
564 2222 640 2282 Inde
667 2221 755 2283 etiam
780 2233 917 2303 apparet,
947 2222 1018 2302 quid
1036 2222 1073 2282 sit
1093 2224 1125 2281 ιἰι
1143 2225 1190 2282 ιιίι
1208 2224 1328 2282 mmsi-

181 2320 269 2376 gerea
289 2317 395 2380 nempe
415 2299 581 2380 priusquam
602 2297 639 2358 ad
659 2297 782 2358 iudicem
797 2298 1078 2378 perventumfuerit.
1109 2298 1158 2358 Ne
1175 2297 1277 2360 snum
1298 2312 1332 2356 te

128 2415 131 2418 -
183 2374 367 2436 adversmdus
389 2374 490 2436 iudici.
547 2375 665 2436 Partem
689 2375 764 2436 hanc
787 2375 991 2456 metaphorice
1017 2374 1133 2454 quidam
1158 2396 1192 2436 ex
1214 2384 1330 2449 ouunt,

186 2453 345 2514 coelestem
369 2451 500 2512 Iudicem
519 2451 673 2514 nobiscum
692 2470 806 2512 summo
827 2451 890 2512 iure
909 2462 1056 2527 acturum,
1083 2463 1118 2512 ut
1137 2397 1212 2512 nitill
1230 2471 1328 2537 pror-

185 2550 232 2591 sus
252 2529 397 2603 remittat,
416 2527 471 2589 nisi
491 2527 644 2608 pacificare
663 2529 827 2604 studemus,
847 2549 918 2620 quas
937 2527 1077 2590 habemus
1098 2549 1163 2590 cum
1184 2527 1330 2610 proximis

186 2605 294 2666 nostris
312 2605 388 2665 lites.
426 2605 494 2696 Ego
514 2603 684 2664 tamensim
707 2603 789 2664 licius
809 2626 869 2665 acci
894 2605 1035 2684 io,‚quod
1055 2606 1212 2667 admoneat
1231 2602 1327 2665 Chri-

160 2686 163 2694 '
186 2694 258 2758 stus,
276 2683 334 2746 hnc
354 2681 518 2741 humanitus
539 2681 626 2740 etiam
646 2625 732 2742 nobis
754 2627 924 2755 essentiis,
943 2693 976 2741 ut
995 2691 1109 2742 mature
1129 2681 1330 2764 transigamus

188 2779 254 2819 cuni
275 2757 456 2831 adversariis,
477 2756 544 2836 quia
563 2757 664 2818 rixosis
684 2777 773 2838 saepe
793 2759 931 2818 damnosa
952 2770 997 2819 est
1014 2779 1065 2818 sua
1087 2758 1239 2838 cupiditas.
1271 2759 1329 2818 In·

187 2847 269 2899 terea
280 2855 341 2893 non
353 2854 443 2915 nego,
464 2833 535 2912 quin
547 2831 706 2894 similitudo
721 2846 789 2924 apte
802 2835 838 2896 ad
850 2835 947 2894 Deum
958 2835 1159 2910 transferatur,
1173 2834 1254 2928 qnod
1267 2834 1329 2895 sci-

189 2911 261 2970 licet
278 2909 416 2970 iudicium
436 2907 546 2988 absque
566 2909 766 2970 misericordia
786 2910 910 2986 sentiet,
942 2911 992 2992 qui
1011 2910 1202 2991 implacabilis
1223 2911 1330 2974 fratri·

190 2987 244 3048 bus
269 2985 316 3045 ve'l
341 2983 378 3044 ad
403 2997 562 3046 extremum
588 2988 791 3048 contentiosus
816 2987 914 3048 fuerit.
964 2985 1121 3048 Caeterum
1147 2988 1211 3068 plus
1237 3009 1331 3068 quam

190 3062 306 3123 ridiculi
326 3073 394 3121 sunt
413 3061 453 3122 Pa
477 3061 559 3138 istae,
579 3063 629 3144 qui
650 3063 681 3123 in
701 3074 844 3144 perpetua
865 3063 924 3124 loci
944 3065 1028 3124 huius
1048 3064 1190 3156 allegoria
1210 3063 1274 3124 Pur
1297 3086 1332 3124 a·

190 3139 299 3200 torium
324 3152 407 3197 suum
435 3083 592 3200 fabricant:
624 3139 697 3200 nihil
717 3161 732 3200 a
756 3139 844 3200 ertius
864 3153 917 3216 est,
937 3161 1023 3221 quam
1044 3140 1193 3202 Christum
1213 3142 1251 3202 de
1273 3085 1331 3202 be-

192 3215 360 3274 nevolentia
379 3215 457 3280 inter
477 3215 609 3278 homines
629 3216 716 3277 colen
739 3215 926 3277 edisserere.
964 3217 1025 3278 Illis
1045 3217 1124 3279 nulla
1143 3218 1251 3300 religio
1273 3229 1331 3293 est,

192 3292 255 3352 sine
275 3291 389 3371 pudore
407 3291 497 3352 verba
518 3291 578 3353 eius
598 3306 779 3372 pervertere,
799 3304 830 3354 et
849 3293 880 3354 in
899 3313 1014 3356 sensum
1026 3315 1145 3374 prorsus
1156 3307 1329 3355 extraneum

191 3380 345 3446 torquere,
363 3369 454 3428 modo
474 3369 599 3431 indoctis
619 3370 718 3430 fucmn
738 3369 854 3430 faciant.
894 3369 953 3431 Sed
995 3370 1114 3430 uoniam
1134 3371 1225 3453 longa
1245 3372 1330 3432 refu-

192 3443 307 3504 tatione
327 3443 442 3525 indigui
462 3457 545 3522 sunt,
565 3468 626 3507 uuo
646 3458 758 3506 tantum
779 3446 871 3507 verbo
893 3393 1064 3521 ostendam,
1083 3467 1168 3528 quum
1190 3447 1331 3528 pudenda

68 3514 74 3522 ’
116 3527 124 3535 “
193 3522 231 3582 sit
256 3542 359 3580 corum
383 3522 505 3582 inscitia.
562 3523 769 3586 Adversarium
795 3523 912 3606 lingunt
936 3545 999 3586 esse
1024 3523 1183 3586 diabolum.
1235 3521 1330 3604 htqni

194 3596 296 3658 fideles
321 3617 389 3658 suos
415 3598 444 3658 ei
467 3599 633 3660 benevolos
658 3619 720 3660 csse
742 3597 874 3660 Christus
894 3599 985 3662 iubet
1024 3603 1106 3684 Ergo
1127 3614 1160 3660 ut
1179 3600 1331 3682 Purgato-

194 3676 270 3736 rium
290 3695 373 3736 suurn
391 3675 699 3758 inveniantPapistae,
719 3673 854 3737 diabolus
874 3679 982 3738 amicos
1003 3690 1034 3736 ct
1053 3677 1156 3740 fratres
1172 3697 1235 3738 esse
1248 3677 1340 3760 prius

152 3801 158 3808 .
196 3762 326 3832 oportet
372 3749 577 3826 Quadrantem
601 3773 663 3814 esse
689 3765 822 3833 quartam
847 3766 962 3832 partem
981 3753 1050 3814 assis
1070 3766 1173 3814 notum
1194 3764 1252 3814 est:
1283 3754 1332 3813 hie

143 3849 149 3852 ·
197 3841 295 3890 autem
319 3849 375 3923 pro
401 3828 537 3889 terunciu
557 3851 593 3890 ve
624 3830 735 3891 minuta
756 3828 810 3889 alia
830 3832 954 3909 pecunia
977 3831 1106 3912 capitur,
1138 3831 1331 3911 quemadmo-

198 3907 267 3967 dum
287 3916 374 3966 etiam
395 3925 428 3964 ex
448 3907 528 3965 Luca
545 3917 637 3996 patet.
677 3907 738 3965 Iam
758 3904 782 3964 si
802 3905 910 3970 cavillis
930 3928 1019 3990 agere
1039 3907 1145 3983 libeat,
1165 3907 1235 3968 hinc
1256 3929 1331 3988 quo-

197 4001 257 4062 que
283 3981 428 4042 refellitur
452 3980 597 4042 insulsitas
623 3981 814 4064 Pupistarum.
863 3985 939 4045 Nam
965 3985 989 4044 si
1013 3983 1216 4076 purgatorium
1241 3983 1355 4046 semel=.

107 4122 111 4133 ,
197 4059 344 4149 ingressus
371 4079 518 4138 nimquam
544 4059 612 4118 i‘nde
640 4057 745 4136 exibit,
775 4060 871 4122 donec
891 4060 1017 4122 solverit
1032 4061 1164 4122 ultimum
1185 4063 1330 4142 quadran-

198 4145 268 4207 tcm,
288 4134 430 4211 sequitur,
450 4135 529 4195 irrita
551 4155 611 4195 esso
633 4159 706 4216 quae
720 4147 827 4198 vocant
838 4150 892 4218 pro
908 4137 1030 4198 mortuis
1040 4137 1172 4200 rivorum
1182 4138 1329 4221 suffragia.

199 4207 304 4288 Neque
324 4211 402 4270 enim
422 4210 494 4271 alios
515 4212 795 4288 coniunctionis,
817 4217 866 4294 qui
886 4214 1083 4276 satisfactione
1102 4235 1152 4276 sua
1166 4213 1331 4275 debitorem

201 4285 371 4374 ali-solvant,
400 4289 450 4347 scd
477 4289 582 4350 diserte
606 4291 642 4352 ab
664 4313 845 4371 unoquoque
865 4292 1043 4352 solutionem
1063 4291 1124 4352 eius
1146 4292 1227 4370 quod
1247 4292 1333 4352 dehet

202 4361 298 4442 exigit.
339 4362 453 4435 Quodsi
473 4365 590 4428 inutiles
610 4379 678 4428 siiiit
697 4370 800 4430 hlissac
821 4375 849 4429 et
870 4367 981 4448 reliqua
1003 4367 1131 4448 piacula,
1151 4367 1330 4448 quantumvis
