2766 4834
194 191 235 254 to
368 133 581 297 §tilmon
620 183 971 302 tonmnxt’asrrsras
990 198 1154 250 sarsana.

157 319 163 338 ⁸
236 339 322 424 (13.)
352 303 454 410 Lite
475 343 497 408 1.
540 343 588 410 lh
610 342 652 410 Et
669 353 714 422 to,
732 313 824 431 puer,
845 342 1009 430 Propheta
1021 323 1174 410 ditissimi
1185 315 1337 412 vocabe-

195 445 255 508 ris:
282 443 425 528 praeibis
455 446 543 510 enim'
575 455 652 510 ante
681 445 798 510 faciem
825 443 959 510 Domini
981 443 1036 547 dd
1070 443 1231 530 parandas
1255 447 1335 512 vias

992 528 997 546 i

197 546 285 624 eius,
327 546 376 612 77.
402 543 454 610 Ad
480 541 619 612 dandam
645 545 813 612 scientiam
841 542 953 610 salutis
980 544 1105 655 pppnlo
1127 547 1197 612 eins
1218 548 1253 612 in
1275 567 1333 611 re-

194 647 347 715 missione
368 653 576 732 peccatorum
595 655 741 712 suorum:
783 645 833 710 78.
855 645 917 710 Per
936 647 1059 711 viscera
1081 647 1331 714 misericordiae

195 744 261 810 Dei
281 749 396 826 nostri,
414 734 699 832 ,quibus‘visitavit
719 766 780 812 nos
802 743 924 812 Oriens
946 767 984 812 ex
1005 743 1086 825 alto,
1114 747 1163 812 ts.
1184 747 1229 814 Ut
1247 746 1330 812 illn-

193 857 338 912 cesceret
358 829 412 927 iis,
445 847 500 934 qui
527 848 560 911 in
590 843 734 912 tenebris
755 855 788 911 et
809 845 922 912 umbra
943 849 1054 914 mortis
1075 843 1246 926 sedebant,
1278 847 1329 914 ad

193 943 383 1032 dirigendos
412 947 515 1039 pedes
542 955 671 1012 nostros
702 949 736 1013 in
769 949 851 1012 viam
884 951 981 1032 pacis.
1021 950 1072 1016 80.
1102 949 1187 1013 Puer
1214 957 1325 1014 autem

192 1045 367 1128 erescebat,
389 1043 707 1114 etcorrohorahatur
724 1049 847 1132 spirito,
867 1057 901 1112 et
922 1058 991 1114 erat
1010 1051 1044 1115 in
1064 1049 1199 1115 desertis
1218 1070 1327 1136 usque

194 1145 238 1214 ad
257 1147 342 1216 diem
365 1149 559 1223 ostensionis
581 1150 653 1212 eius
675 1142 761 1234 apud
783 1146 953 1232 Israelitas.

178 1370 183 1380 ι
212 1379 214 1390 .
268 1336 317 1398 76.
354 1329 397 1392 Εἰ
413 1343 461 1406 to,
487 1345 573 1407 pater.
612 1329 723 1390 Iterum
748 1329 827 1390 redit
846 1328 999 1390 Zacharias
1026 1329 1062 1390 ad
1085 1330 1324 1393 commendatio-

191 1414 260 1470 ue'rn
277 1408 389 1492 gratiae
400 1407 522 1482 Christi,
545 1404 597 1466 sed
617 1405 674 1466 hoc
695 1405 766 1466 lacit
784 1407 866 1486 quasi
885 1406 938 1466 suh
959 1405 1011 1466 filii
1030 1405 1076 1466 soi
1094 1404 1229 1487 persona,
1248 1409 1323 1469 olfi-

192 1486 271 1547 cium
295 1484 439 1559 docendi,
469 1485 516 1546 cui
542 1480 701 1543 destinatos
727 1493 805 1557 erat,
836 1482 967 1543 hreviter
991 1482 1143 1544 definiens.
1184 1487 1320 1546 Tametsi

191 1575 290 1622 autem
309 1562 340 1621 iu
382 1561 483 1623 arvulo
504 1574 574 1624 octo
595 1560 708 1619 dicrum
734 1559 848 1619 inlante
867 1559 998 1620 nondum
1018 1563 1115 1620 cernit
1130 1561 1322 1641 propheticas

191 1639 289 1712 dotes,
307 1583 411 1698 oculos
430 1649 528 1698 tamen
550 1647 725 1699 convertens
738 1636 774 1696 ad
785 1635 844 1696 Dei
865 1635 1020 1696 consilium
1040 1637 1121 1715 quasi
1142 1639 1175 1702 de
1195 1651 1320 1702 renota

189 1715 332 1806 loqpitur.
354 1713 471 1774 Vocari
479 1714 539 1775 Dei
553 1713 728 1795 prophetam
741 1712 789 1772 hic
809 1733 864 1847 ppo
886 1713 999 1772 censeri
1020 1724 1050 1772 et
1070 1714 1320 1798 palamcognosci

190 1791 343 1870 accipitur.
382 1790 445 1850 Iam
465 1801 664 1870 praecesserat
684 1787 798 1850 occulta
848 1788 874 1848 ei
894 1789 1027 1850 vocatio:
1048 1789 1175 1852 restabat
1192 1803 1322 1870 tantm,

189 1875 224 1928 ut
243 1867 400 1946 patefieret
417 1867 595 1943 hominibus,
616 1865 709 1944 qualis
729 1875 813 1924 esset
853 1864 932 1939 Quia
942 1885 1014 1926 vero
1049 1869 1166 1928 encrate
1186 1879 1230 1928 est
1242 1888 1320 1948 pro-

189 1944 299 2025 phetae
318 1963 439 2019 nomen,
460 1965 494 2004 ex
503 1941 687 2004 revelatione
698 1940 821 2022 sibiper
829 1941 977 2022 Angelum
998 1885 1084 2004 allata
1103 1943 1182 2004 illum
1195 1943 1320 2006 Christo

189 2021 391 2104 apparitorem
416 2022 525 2082 statuit.
567 2017 701 2079 Perraibia
723 2031 790 2077 eota
807 2019 924 2099 faciem
950 2018 1087 2093 Domini,
1118 2020 1227 2100 inquit:
1257 2021 1321 2083 hoc

190 2109 250 2174 ert,
269 2096 345 2157 hanc
385 2097 545 2159 rovinciam
567 2095 679 2168 obitis,
699 2105 731 2154 ut
749 2104 801 2153 tuo
823 2095 986 2174 praeconio
1007 2109 1159 2158 convertas
1180 2097 1319 2160 homines

189 2117 422 2238 adaudiendhm
440 2174 612 2236 Domiumn.
662 2171 726 2231 Cur
750 2181 848 2236 autem
873 2191 904 2230 se
928 2171 989 2233 Pro
1012 2173 1111 2234 hetam
1134 2173 1193 2233 Dei
1218 2195 1319 2256 prope

189 2251 331 2312 coniecto
357 2271 411 2311 suo
436 2271 522 2312 cursu
541 2251 677 2312 loannes
690 2264 752 2306 csse
777 2245 946 2342 negaverit,
997 2261 1086 2312 retum
1107 2262 1150 2310 est
1168 2271 1222 2310 suo
1242 2251 1318 2314 loco

188 2328 221 2464 {p
241 2328 394 2389 loannem.
434 2327 538 2412 Qualis
558 2337 659 2419 autem
672 2322 713 2385 sit
730 2322 784 2386 ista
803 2345 868 2386 viae
889 2313 1090 2416 praeparatio,
1102 2337 1211 2410 postea
1231 2327 1319 2412 vide-

211 2425 294 2464 rmus.
841 2445 847 2450 -

131 2491 133 2496 '
172 2463 178 2483 x
264 2487 312 2548 77.
348 2478 407 2546 Ad
421 2477 549 2542 dadon
566 2482 713 2542 asanaa·
729 2475 839 2540 adasa.
879 2473 1073 2560 Praecipuum
1089 2477 1244 2564 Evangelii
1265 2501 1321 2542 ca-

111 2563 118 2578 '
186 2569 243 2638 put
260 2577 340 2618 nunc
358 2559 479 2641 attingit
497 2555 666 2633 Zacharias,
695 2556 764 2619 dum
788 2553 940 2616 scientiam
965 2556 1064 2617 salotis
1089 2557 1122 2615 in
1140 2556 1320 2618 remissione

185 2646 378 2728 pcpcatorom
397 2635 523 2714 positam
543 2653 606 2693 esse
625 2633 724 2695 docet.
761 2629 837 2690 Nam
858 2652 946 2711 quum
968 2653 1120 2693 nascamur
1138 2641 1240 2717 omnes
1261 2632 1333 2710 filit,

181 2723 263 2787 rrae,
291 2711 440 2791 seqnitur,
471 2723 574 2772 natura
603 2709 755 2788 damnatos
786 2727 848 2768 esse
877 2730 911 2769 ac
942 2710 1088 2790 perditos:
1118 2709 1191 2770 haec
1220 2731 1319 2791 porro

134 2827 135 2832 κ
187 2785 382 2849 damnationis
403 2809 503 2863 causa,
532 2781 612 2866 quod
632 2783 792 2845 iniustitiae
816 2785 861 2844 rei
879 2805 985 2846 sumus.
1025 2785 1127 2922 (lime
1151 2807 1214 2848 non
1234 2787 1319 2849 aliud

186 2865 378 2948 effugiendae
396 2865 499 2924 mortis
518 2857 679 2922 remedium
700 2870 753 2933 est,
773 2859 828 2920 nisi
848 2873 882 2922 nt
900 2883 957 2924 nos
973 2861 1030 2923 sihi
1073 2859 1123 2923 eos
1139 2859 1323 2926 reconciliet

170 2954 172 2966 '
210 2944 308 3002 ecca'ta
332 2940 420 3002 nohis
444 2937 729 3018 non‘imput'ando‚'
751 2946 839 3018 atque
866 2939 941 3000 hanc
966 2939 1082 3000 unicam
1106 2937 1193 3000 nobis
1213 2960 1319 3001 coram

169 3023 174 3050 “’
186 2963 264 3080 lico
277 3018 416 3079 iustitiam
435 3028 555 3091 restare,
576 3035 610 3075 ex
621 3011 778 3074 Zachariae
796 3015 893 3076 verbis
909 3011 1051 3097 colligere
1072 3027 1240 3096 promptum
1261 3029 1320 3078 est.

187 3095 277 3156 Unde
298 3097 377 3156 enirn
395 3093 471 3154 salus
489 3091 547 3152 nisi
568 3112 601 3152 ex
621 3088 749 3150 iustitia?
789 3091 905 3165 Quodsi
925 3091 991 3152 filiis
1010 3091 1071 3152 Dei
1091 3091 1176 3154 aliam
1196 3112 1318 3174 cogno-

173 3187 270 3234 ·scerc
289 3173 412 3234 salutem
433 3186 520 3249 quam
540 3187 574 3228 ex
592 3167 765 3233 remissione
786 3180 976 3248 pcccatorum
996 3169 1037 3228 las
1057 3189 1120 3229 non
1140 3179 1194 3244 est,
1213 3170 1320 3250 sequi·

185 3261 237 3309 tur
270 3270 332 3310 non
353 3245 422 3308 alibi
443 3238 640 3326 quaerendam
660 3264 722 3304 esse
743 3245 890 3310 iustitiam.
931 3245 1120 3321 Itainstitia,
1152 3266 1239 3325 quam
1263 3268 1319 3306 su-

186 3294 273 3406 perhi
292 3323 428 3386 homines
448 3342 482 3380 ex
502 3321 757 3402 operomrmcritis
778 3323 910 3382 conilant
929 3343 962 3382 ac
973 3321 1221 3396 fabricantinihil
1234 3321 1319 3386 aliod

166 3401 232 3463 «esi
251 3423 338 3484 qoam
356 3397 486 3460 institiae
505 3397 544 3456 im
568 3397 679 3476 utatio,
698 3397 766 3458 dum
786 3419 841 3458 uos
860 3398 951 3480 gratis
971 3421 988 3460 a
1007 3409 1090 3458 reatu
1108 3399 1193 3458 Deus
1212 3397 1317 3460 ahsol-

186 3481 239 3541 vit.
277 3478 324 3538 Ad
344 3477 417 3536 haec
436 3485 529 3534 nomn
551 3495 600 3534 nm
620 3487 680 3551 est,
700 3473 870 3536 Zachariam
889 3495 953 3535 non
973 3477 1010 3536 de
1030 3475 1184 3548 extremis,
1203 3476 1255 3536 sed
1276 3478 1319 3539 de

185 3555 301 3648 popolo
314 3551 373 3613 Dei
395 3549 504 3612 hahere
523 3571 698 3614 sermonem.
730 3550 972 3631 Undeseqoitur‚
992 3573 1055 3612 non
1073 3551 1165 3612 modo
1186 3551 1319 3616 iustitiae

184 3631 364 3725 principium
385 3648 420 3688 ea
439 3640 628 3708 peccatorum
644 3629 820 3692 'remissione
840 3629 983 3709 pendere,
1002 3631 1055 3692 sed
1074 3629 1246 3764 imputative
1267 3634 1320 3766 pst

87 3717 91 3730 '
183 3721 228 3770 rte
247 3707 366 3785 loquar)
386 3704 477 3778 iustos
497 3727 595 3766 coram
605 3707 726 3770 Deo‘in
746 3705 835 3774 finem
854 3725 945 3785 usque
967 3727 1029 3768 esse
1049 3706 1106 3768 fide
1121 3725 1161 3780 es,
1180 3705 1318 3785 qoiaai-

183 3797 233 3846 ter
252 3803 351 3843 coram
372 3782 433 3842 eins
452 3782 592 3843 tribunali
611 3785 772 3847 consistere
792 3793 953 3862 nequeant,
972 3784 1027 3844 nisi
1039 3781 1173 3863 quotidie
1193 3783 1230 3844 ad
1244 3803 1317 3866 gra-

183 3863 288 3922 tuitam
308 3858 581 3922 reconciliationem
600 3881 632 3922 sc
651 3861 817 3922 conferant

182 3943 185 3962 '
261 3941 308 4002 78
347 3935 409 3996 Per·
425 3939 534 3996 moero
551 3936 775 4002 mareotem.
815 3935 851 3994 In
870 3933 1316 3998 hoctantoheoeliciomiseri-

34 4032 36 4044 ·
122 4037 143 4052 ·’
184 4013 317 4073 cordiam
336 4012 411 4088 Dei,
429 4024 464 4071 ut
481 4033 536 4093 par
554 4026 613 4089 est,
634 4013 787 4074 Zacharias
807 4011 973 4092 praedicat,
993 4032 1048 4077 nec
1068 4018 1226 4074 contentos
1248 4035 1316 4075 eam

183 4088 357 4180 simpliciter
369 4090 541 4165 nominare,
558 4091 690 4166 salntem,
712 4100 788 4169 qnae
808 4109 824 4148 a
846 4087 965 4148 Christo
987 4087 1073 4148 allata
1094 4101 1146 4164 est,
1167 4083 1336 4169 prodiisse'

181 4165 258 4226 'dicit
277 4185 312 4226 ex
329 4167 400 4248 ipsis
419 4166 709 4227 misericordiaeDci
721 4163 893 4239 visceribus,
912 4163 992 4242 qood
1013 4174 1058 4224 est
1076 4167 1169 4251 magis
1190 4166 1316 4246 empha-

182 4245 283 4305 ticnm.
322 4243 430 4306 Postea
449 4243 652 4323 metaphorice
670 4241 804 4315 subiicit,
829 4241 937 4300 lactum
957 4261 1020 4302 esse
1037 4241 1155 4324 ingenti
1175 4241 1234 4308 Dei
1254 4243 1316 4302 mi-

182 4321 359 4400 sericordia,
378 4332 411 4384 ut
430 4321 493 4384 dies
511 4318 681 4386 sedentibus
700 4319 732 4380 in
753 4315 883 4382 tenebris
898 4315 1096 4414 *illucesceret
1139 4319 1249 4400 Orissa
1265 4319 1316 4384 hic
