2790 4838
302 224 366 304 (98.
389 219 536 304 Discipuli
554 219 680 284 sahhato
696 223 791 306 spicas
807 221 978 307 vellentes.)
1150 233 1208 300 281

110 374 183 438 lium
207 387 396 438 mammatae
419 375 563 437 ailerreut
585 375 664 438 Deo.
707 373 777 438 Hoc
800 389 1005 462 argumentum
1029 378 1109 442 solus
1127 379 1206 444 llat-

62 395 173 515 ffms
194 453 324 536 attingit
368 453 432 524 Isiu
451 453 532 532 quod
550 452 637 530 dicit,
666 451 820 514 sahhatum
860 455 991 518 roianari
1009 475 1026 516 a
1045 459 1208 519 sacerdoti·
1243 509 1249 532 ,

65 531 136 604 hus,
155 529 322 611 impropria
342 542 387 591 cst
405 528 550 609 loquutio,
569 528 600 589 iu
620 549 676 610 qus
695 528 766 590 scC
807 532 814 546 '
896 531 1078 594 auditoribus
1090 552 1209 594 accom-

65 605 191 668 modat:
220 627 284 668 non
309 605 387 667 eiiim
414 627 501 685 quum
525 604 586 665 Lex
610 605 786 667 hominess
812 608 870 667 suis
893 607 1035 700 operibus
1060 609 1208 674 abstinere

65 683 173 758 iubet,
203 683 294 743 sacris
320 682 438 763 operari
464 693 561 757 vetat,
590 683 640 742 sed
666 682 746 762 quod
769 684 890 746 rudibus
915 686 1095 765 inspeciem
1115 687 1208 748 videri

64 771 188 840 posset,
222 758 356 820 Christus
380 779 481 820 rerum
506 777 569 819 esse
589 759 742 836 concedit,
772 761 841 822 satis
861 760 971 822 hahens
992 763 1072 842 quod
1091 762 1208 838 labores

65 835 176 918 templi
194 835 296 896 Deum
315 855 377 895 nuri
397 835 561 896 oficudaut.
1030 891 1034 900 ,
1253 831 1261 856 “

146 919 176 978 7.
226 910 339 997 Quodsi
362 915 480 972 seim.
523 911 592 972 Hoc
618 931 736 1004 quoqne
760 911 878 975 tertium
904 925 1108 996 argumentum
1127 916 1208 978 solus

66 987 239 1050 Matthaeus
275 999 498 1050 commemorat:
536 1000 711 1072 perstringit
738 1002 834 1053 autem
866 990 999 1052 Christus
1024 989 1208 1070 Pharisaeos,

67 1065 140 1146 quis
165 1086 232 1126 nou
257 1076 411 1146 reputent,
445 1083 583 1146 quorsum
610 1067 761 1128 mandatae
787 1068 862 1143 sint,
882 1079 924 1127 ·et
946 1067 978 1126 iii
1004 1089 1092 1148 quem
1117 1069 1207 1130 finem

66 1152 211 1224 spectent
234 1141 427 1204 ceremoniae.
470 1142 512 1202 Et
556 1141 652 1202 uidem
677 1142 734 1202 init
756 1143 813 1204 hoc
838 1141 974 1202 omuibus
997 1143 1061 1204 lere
1085 1147 1207 1208 sacculis

67 1237 232 1280 commune
251 1218 368 1280 vitium:
386 1218 455 1278 idco
474 1161 620 1298 propiheta
632 1217 723 1278 Oseas
743 1223 786 1311 (6,
802 1199 846 1298 6.)
865 1219 967 1280 aetatis
986 1238 1055 1280 suae
1074 1221 1208 1284 homines

66 1293 229 1376 obiurgat,
259 1296 339 1375 qnod
362 1291 536 1355 ceremoniis
561 1293 669 1354 addicti
694 1295 820 1356 caritatis
845 1294 942 1355 officia
962 1295 1132 1384 pronihilo
1152 1300 1207 1359 dn-

68 1383 151 1434 cant.
196 1372 290 1452 Atqui
307 1372 389 1432 Deus
410 1370 565 1445 reclamat,
593 1390 624 1430 se
642 1371 736 1451 pluris
755 1371 853 1432 iacere
871 1369 1099 1432 misericordiam
1119 1395 1207 1452 quim

66 1445 230 1510 sacrificia:
262 1447 316 1508 soh
336 1469 410 1510 uoce
428 1443 642 1508 niismhnrdiiie
660 1447 787 1508 cantatis
807 1445 904 1509 oshcia
924 1467 979 1526 per
996 1447 1206 1527 synecdochen

69 1524 137 1585 desi
159 1545 245 1600 naus,
263 1524 348 1588 sicuti
368 1535 518 1592 externum
531 1523 618 1607 Legis
638 1522 747 1584 cultum
767 1523 821 1584 siih
833 1522 979 1584 sacrifieiis
992 1523 1206 1604 complectitur.

69 1543 210 1661 Eandem
228 1601 403 1673 senteutiam
415 1599 548 1662 Chriitus
567 1601 604 1660 ad
622 1621 704 1692 suum
723 1613 838 1692 tempus
855 1599 1068 1690 accommodat,
1077 1601 1208 1663 *etPha-

69 1679 186 1738 risaeos
210 1689 343 1753 accusat,
377 1678 458 1757 quod
506 1693 638 1756 erperain
662 1699 694 1736 ιιι
717 1677 845 1738 alienum
869 1697 985 1738 sensum
1009 1677 1206 1764 LegemDei

69 1765 252 1846 tprqueant‚
281 1753 361 1845 quod
386 1697 513 1815 secunda
538 1753 636 1814 tabula
661 1753 841 1846 posthabita&
853 1751 912 1813 toti
936 1755 1110 1845 ceremoniis
1130 1755 1208 1816 affixi

70 1843 141 1968 {ti
159 1829 859 1998 sitatis:ittet¹tftigtttttz¹ift
875 1845 1208 2000 &destiteritis

70 1996 129 2054 est,
147 1995 222 2044 uitiis
242 1995 378 2044 externos
396 2004 452 2064 per
470 2002 500 2042 sc
520 1982 593 2043 nihil
613 1981 723 2044 hahere
741 1994 895 2058 momenti,
913 2003 1009 2077 neque
1028 1997 1116 2046 etiam
1130 1987 1207 2072 exigi

69 2081 87 2120 a
109 2060 197 2136 Deo,
215 2060 269 2119 sed
288 2071 430 2139 quatenus
449 2058 480 2117 in
499 2081 581 2120 suum
601 2059 689 2120 finem
709 2061 883 2142 diriguntur.
921 2059 1037 2123 Deinde
1056 2083 1119 2124 non
1138 2064 1208 2124 sim-

70 2135 195 2218 pliciter
213 2135 281 2196 illos
299 2136 436 2218 repudiat
451 2135 549 2212 Deus,
568 2137 620 2197 sed
639 2137 766 2198 camtstis
785 2157 803 2197 o
827 2135 924 2196 erihus
944 2157 1132 2218 comparans,
1151 2140 1208 2200 mi-

70 2212 142 2274 nori
162 2213 195 2272 iu
214 2212 314 2293 pretio
334 2234 419 2294 quam
438 2213 510 2274 haec
529 2213 608 2292 apud
626 2233 657 2274 se
677 2213 779 2276 haberi
798 2157 896 2276 docet.
926 2214 988 2274 Nec
1000 2213 1108 2289 obstat,
1127 2216 1208 2306 quod

71 2291 103 2350 in
124 2289 314 2370 perfectione
332 2288 456 2350 iustitiae
475 2309 616 2349 summum
635 2289 757 2370 gradum
777 2287 959 2349 obtinctDei
973 2290 1080 2351 cultus:
1100 2291 1208 2352 deinde

70 2366 207 2428 secuiido
232 2365 301 2427 loco
327 2365 486 2442 accedunt,
516 2387 590 2446 quae
609 2377 794 2444 praestantur
814 2364 978 2424 homiuibus
997 2365 1105 2427 officia.
1142 2367 1208 2428 Etsi

72 2443 155 2504 euim
209 2443 281 2534 ietiis
309 2441 417 2502 merito
442 2441 561 2533 caritate
587 2433 747 2532 pretiosior
771 2453 922 2514 censetur,
959 2442 1209 2534 quantoscilicet

71 2539 217 2658 iiiii-m
230 2515 1208 2668 {didititti¹tatt2ht²tdlittmittitete}

73 2671 248 2764 hypocritas
285 2671 354 2733 illuc
383 2682 506 2732 revocat
534 2670 630 2745 Deus,
669 2670 719 2750 qui
748 2669 886 2750 pietatem
915 2667 1053 2730 simulant
1082 2671 1208 2734 externis

73 2771 177 2832 signis,
196 2769 320 2884 eamfiue
339 2767 466 2828 operose
485 2749 516 2807 iii
535 2746 601 2808 solo
620 2746 730 2806 carnali
750 2745 830 2807 cultu
849 2745 1002 2807 haerentes
1021 2759 1203 2830 pervertunt.

73 2825 174 2888 Porro
200 2845 235 2885 ex
285 2825 428 2905 rophetae
452 2821 623 2884 testimonio
650 2822 783 2885 Christus
802 2821 934 2882 insontes
953 2841 1014 2883 csse
1032 2845 1101 2888 suos
1121 2823 1209 2886 disci-

74 2902 163 2982 pulos
195 2902 304 2962 merito
335 2900 466 2993 colligit,
504 2900 570 2981 qnia
596 2899 677 2960 Deus
702 2897 845 2982 legalibus
868 2899 1039 2960 rudimentis
1060 2899 1208 2992 populum

74 2999 159 3038 suum
180 2997 330 3053 exercens,
348 2978 467 3038 mininie
485 2975 608 3038 volebat
625 2976 703 3036 lame
722 2993 829 3036 nccare
848 2975 969 3036 miseros
988 2977 1131 3046 homines.

152 3059 182 3120 8.
221 3055 303 3118 Naris
325 3053 471 3116 Boiiiiiim
493 3067 543 3115 est.
581 3051 711 3129 Quidam
734 3051 910 3116 seutentiam
934 3051 1009 3114 hanc
1034 3075 1101 3120 cum
1119 3076 1208 3136 supe„

74 3130 157 3195 riose
182 3131 232 3194 illi
258 3142 433 3206 contexunt,
483 3130 543 3190 uod
562 3131 675 3192 adesset
692 3129 789 3193 maior
806 3139 866 3188 tem
888 3127 935 3204 lo,
966 3149 1023 3190 eo
1041 3142 1141 3192 tamen
1162 3133 1208 3193 di·
1241 3169 1243 3174 ,

73 3227 174 3268 versas
200 3227 262 3268 esse
287 3207 424 3266 arbitror.
462 3151 567 3267 hrius‘
586 3207 664 3266 enim
689 3204 821 3269 Christus
847 3150 886 3266 ad
909 3149 1051 3288 templum
1075 3208 1208 3270 alludens

74 3283 168 3376 Legis
193 3281 456 3366 transgressionem
481 3302 543 3343 esse
568 3281 710 3364 negabat,
742 3283 808 3362 quic
831 3283 882 3343 uid
901 3303 965 3344 cinn
983 3306 1035 3346 iiia
1053 3285 1209 3346 sanctitate

75 3367 270 3422 coniunctum
288 3360 382 3422 soret:
415 3360 462 3420 liic
481 3371 579 3420 autem
598 3369 775 3440 potestatem
793 3303 849 3419 sihi
869 3359 963 3420 datam
983 3381 1046 3424 esse
1065 3362 1151 3436 dicit,
1174 3373 1209 3426 ut

75 3436 289 3498 necessitate
309 3435 427 3498 colendi
446 3435 646 3495 sabbatianos
665 3433 781 3498 liberet.
825 3434 917 3497 Filius
935 3437 981 3516 (iii
1023 3437 1047 3498 it
1080 3437 1207 3500 hominis

74 3533 138 3595 pro
162 3533 215 3574 siio
234 3513 359 3594 imperio
379 3511 532 3574 sabbatum
551 3512 626 3572 sicut
645 3511 714 3572 alias
733 3513 915 3574 ceremonias
933 3513 999 3597 lega
1012 3536 1042 3575 es
1060 3513 1229 3576 moderari·

74 3601 187 3670 potest.
224 3591 266 3650 Et
284 3601 365 3650 certe
385 3600 464 3650 extra
485 3588 634 3651 Christum
654 3589 758 3650 misera
778 3599 823 3650 est
840 3589 928 3671 Legis
945 3592 1090 3668 servitus,
1114 3595 1209 3670 aqua

76 3665 158 3729 soliis
177 3666 241 3746 ipse
261 3665 397 3740 absolvit,
435 3685 488 3726 uos
507 3665 600 3727 donat
616 3665 713 3728 libero
732 3665 901 3745 adoptionis
920 3667 1042 3748 Spiritu.

155 3743 248 3807 toste.
271 3749 319 3808 27.
357 3687 514 3804 animm
536 3756 659 3820 propter
680 3740 829 3804 donum
868 3743 1013 3819 Quintum
1037 3743 1095 3807 hoc
1119 3761 1208 3824 argu.

77 3831 211 3880 mentum
241 3839 257 3878 a
282 3818 348 3880 solo
371 3819 475 3879 Marco
499 3819 635 3879 refertur.
693 3819 811 3880 Summa
836 3831 933 3881 autem
958 3831 1016 3896 est,
1053 3837 1208 3954 perperam

77 3895 194 3970 iacere,
225 3894 275 3975 qui
299 3894 452 3956 sabbatum
477 3895 508 3954 iii
532 3895 658 3956 hominis
684 3897 801 3966 exitium
827 3906 1017 3970 convertunt,
1046 3914 1105 3974 quo
1146 3893 1208 3956 eius

77 3992 164 4033 causa
185 3971 269 4035 Dens
286 3971 420 4032 institnit.
463 3971 612 4031 videbant
630 3972 781 4034 Pharisaei
798 3973 829 4033 in
848 3985 948 4034 sanctu
969 3989 1061 4056 opere
1081 3991 1208 4063 occupa.
1224 4031 1228 4038 ,

78 4059 126 4108 tos
147 4046 260 4109 Christi
280 4047 456 4128 discipulos,
474 4047 615 4108 ridebant
632 4049 745 4111 itineris
764 4049 867 4111 labore
887 4048 1040 4109 conlectos
1058 4047 1142 4108 simul
1161 4071 1209 4109 iii-

77 4123 145 4184 edia
164 4126 275 4205 premi:
298 4124 420 4186 interim
434 4136 624 4200 succensent,
643 4128 724 4206 quod
741 4125 868 4188 famelici
887 4124 985 4204 paucis
1004 4123 1093 4186 tritici
1112 4127 1209 4209 granis

77 4213 248 4262 sustentent
266 4201 410 4264 delossum
429 4221 546 4282 corpus.
576 4203 625 4262 dii
643 4223 706 4264 uon
725 4205 783 4266 hoc
801 4203 891 4264 modo
911 4201 1014 4262 inscite
1055 4204 1210 4264 ervertitui·

77 4277 140 4338 Dei
158 4277 329 4356 consilium,
347 4278 372 4340 si
390 4299 456 4345 cum
475 4279 626 4341 hominum
645 4301 721 4342 noxa
740 4280 864 4363 exigitur
881 4277 995 4342 sabbati
1014 4221 1212 4354 sirmiensis,

79 4375 169 4440 quani
199 4355 342 4438 prodesse
374 4354 510 4422 soliciti·
545 4355 703 4422 Caeterum
726 4356 883 4436 induntur,
910 4375 980 4423 meo
1002 4355 1129 4436 iudicio,
1157 4356 1210 4440 qui
