2768 4834
476 225 610 289 Onarro
630 240 667 288 tn
687 202 814 288 ubere.
1031 211 1039 220 .
1154 235 1212 298 183

67 375 235 510 pemodum
254 375 342 436 obrui
363 377 454 452 sinat,
472 379 558 438 simul
576 389 675 440 tamen
695 381 799 460 implet
818 380 898 460 quod
918 378 988 440 alibi
1008 381 1089 456 dicit,
1110 393 1142 445 ut
1160 403 1207 442 re-

80 451 182 541 ulgeat
204 472 309 512 eorum
330 453 485 534 integritas
505 455 597 522 iustae
615 477 738 516 aurorae
781 459 837 518 les.
857 462 914 533 58,
937 458 1002 528 8.):
1034 458 1074 517 ita
1093 479 1208 537 semper

67 540 179 588 eminet
203 527 266 589 eius
286 524 457 589 benedictio
478 553 565 610 supra
585 531 704 592 iniustas
725 555 757 594 ca
773 535 892 594 urnulas.
938 533 989 593 Sic
1009 535 1086 593 enim
1108 534 1207 594 fideles

64 603 186 664 subiicit
210 604 340 686 indignis
356 607 489 741 probris,
510 629 569 686 quo
584 629 634 668 eos
648 608 790 682 brrrniliet,
811 623 843 670 ut
854 611 972 670 tandem
984 609 1091 671 bonam
1106 632 1208 672 eornm

64 703 180 740 causam
205 693 324 741 asserat.
385 683 441 742 dae
463 687 542 762 quod
563 685 618 764 ipsi
638 707 756 766 quoque
779 687 889 759 fideles,
910 687 1208 765 uteunqnestudeant

63 757 209 816 iratribus
235 757 294 818 suis
320 759 499 839 aequitatem
525 774 688 840 praestare,
719 763 785 840 quia
811 776 908 824 tarneu
930 764 1087 824 itrnuodico
1107 762 1207 844 rigore

62 835 217 894 interdum
244 835 384 894 feruntur
403 847 506 896 contra
527 838 630 898 lratres
650 837 697 897 vel
716 839 868 914 innoxios,
900 840 946 898 vel
966 839 1207 901 non'adeo'cul-
1237 872 1240 880 Δ

63 910 197 989 pabiles,
226 931 277 970 sua
305 911 393 990 eulpa
419 912 449 970 in
473 933 505 972 se
530 927 696 992 provocant
714 915 807 974 simile
826 916 986 991 iudicium.¹
1015 907 1105 992 Certe
1126 915 1207 994 quod

60 1007 232 1046 mensnram
245 987 414 1047 consertam
427 1001 457 1047 et
470 990 664 1050 exundantem
677 1012 738 1050 non
748 993 905 1072 recipient,
926 1014 1091 1072 quanquam
1104 991 1205 1052 mnndi

64 1063 81 1118 ir
114 1062 275 1122 retitudini
296 1063 500 1142 imputandum
521 1077 580 1139 est,
605 1066 660 1124 sibi
680 1080 778 1126 tamen
800 1080 935 1148 exparte
956 1091 1024 1128 acce
1049 1060 1115 1128 ‘tuni'
1129 1069 1206 1130 serre

60 1139 96 1272 ple
119 1151 186 1214 ent,
209 1139 280 1218 quia
301 1160 391 1199 nemo
411 1155 470 1218 est,
490 1142 541 1221 qui
560 1154 619 1202 tam
640 1141 802 1204 liberaliter
820 1156 853 1204 ut
872 1145 996 1214 decebat
1027 1157 1121 1206 ratres
1138 1165 1207 1206 suos
1271 1197 1274 1208 .

72 1229 168 1278 oveat.

130 1298 163 1357 3-
211 1279 275 1354 Gur
298 1307 394 1354 antem
416 1291 494 1354 vides
504 1295 664 1375 festucam.
702 1294 885 1356 Nominatina
903 1284 1004 1356 vitium
1024 1296 1206 1377 perstringit,

61 1391 117 1447 quo
145 1369 354 1429 communiter
378 1369 515 1430 laborant
534 1371 717 1451 hypocritae.
757 1373 831 1430 Nam
852 1393 939 1450 quutn
960 1371 1025 1450 plus
1045 1371 1112 1430 satis
1133 1391 1204 1437 octr-

60 1444 107 1503 lati
126 1445 193 1506 sint
214 1447 247 1504 in
268 1447 424 1506 cernendis
444 1447 568 1506 aliorum
588 1448 680 1522 vitiis,
713 1460 744 1508 et
763 1469 797 1506 ea
818 1469 879 1506 uon
900 1469 1001 1508 severe
1021 1447 1128 1521 modo,
1153 1449 1204 1508 sed

61 1521 118 1582 lere
145 1535 193 1582 tra
221 1524 267 1582 ice
293 1521 487 1602 amplificent,
521 1545 571 1584 sna
603 1525 735 1613 ipsorum
759 1537 878 1602 peccata
898 1523 1036 1584 reiiciunt
1056 1536 1124 1613 post
1144 1534 1203 1582 ter·
1252 1581 1259 1605 1

61 1619 140 1677 gum:
171 1544 224 1659 νῇ
246 1600 287 1658 ita
310 1599 455 1689 ingeniosi
472 1609 543 1660 'sunt
563 1601 593 1659 in
615 1600 671 1658 allis
693 1601 895 1675 extenuanclis‚
917 1611 953 1676 ⁸nt
973 1599 1066 1660 viden
1086 1599 1206 1678 cupiant
1279 1601 1284 1606 ’

60 1675 144 1734 etiarn
173 1677 208 1734 in
236 1675 413 1735 crassisstmo
441 1697 559 1754 quoque
584 1677 694 1736 scelere
721 1676 906 1736 excusabiles.
945 1677 1027 1757 Ergo
1049 1689 1204 1754 utrumque

61 1750 166 1811 malum
188 1751 387 1831 reprehendit
398 1751 540 1827 Christus,
561 1753 677 1818 itheriam
699 1751 924 1832 perspicaciam,
938 1775 1011 1832 quae
1033 1775 1066 1814 ex
1087 1751 1204 1813 delectu

61 1829 189 1888 caritatis
217 1829 365 1904 nascitur,
395 1829 464 1888 dunt
488 1829 574 1890 niueis
597 1830 768 1908 scrupulose
794 1831 951 1890 excutimus
978 1829 1203 1895 sr'atrrnn,vitia:

63 1915 90 1964 et
107 1905 342 1986 indulgentiam,
361 1927 417 1985 qua
438 1919 557 1985 peecata
576 1917 677 1966 nostra
698 1906 822 1988 tegimus
843 1918 873 1967 et
893 1907 1031 1986 fouemus.
1104 1909 1106 1922 '

99 2135 188 2222 (62.)
233 2137 406 2203 ΜΑΤἸῊ.
434 2137 504 2202 Vll.
545 2141 575 2203 6.
606 2139 662 2204 Nc
687 2105 770 2204 detis
798 2138 887 2232 quod
916 2149 1204 2210 sauctumestca·
1273 2173 1280 2186 ι

62 2239 163 2318 nibus,
205 2260 270 2304 nec
302 2240 689 2324 proiiciatismarguritas
724 2250 850 2303 vestras
884 2250 958 2304 ante
985 2259 1120 2324 porcos,
1161 2257 1204 2300 uo

64 2341 194 2426 qnando
223 2341 258 2404 hi
286 2335 476 2403 conculcent
504 2361 557 2404 eas
582 2339 722 2426 pedibus
749 2341 828 2416 suis,
870 2349 902 2424 ct
932 2337 981 2401 illi
1005 2339 1090 2402 versi
1118 2333 1203 2401 lace·

63 2454 130 2506 rent
150 2463 225 2506 vos.

133 2599 247 2658 Matth.
266 2603 296 2662 6.
334 2595 382 2656 Ne
400 2593 481 2673 detis,
501 2595 727 2676 praedenecenti
745 2609 794 2652 est.
834 2595 903 2654 Non
924 2605 967 2652 est
988 2593 1068 2670 quod
1087 2591 1202 2670 saepius

64 2675 184 2748 iterem,
211 2671 344 2734 concisas
365 2674 469 2734 referri
490 2674 650 2734 sententias
670 2695 686 2731 a
707 2671 875 2744 blattlraee,
903 2679 933 2728 et
953 2689 1027 2748 quae
1048 2689 1108 2726 uno
1130 2687 1203 2756 cpu-

64 2763 136 2812 textu
163 2751 288 2811 minime
313 2748 455 2830 legendae
475 2762 550 2809 sunt
589 2753 693 2828 Neque
715 2747 791 2807 euim
813 2747 953 2806 cohaeret
972 2746 1043 2804 haec
1064 2744 1200 2832 doctnpa

66 2851 123 2888 curn
149 2827 290 2910 proairno
315 2847 466 2902 sermone,
497 2828 548 2887 sed
570 2847 687 2906 prorsus
707 2837 839 2904 separata
860 2835 913 2882 est.
951 2821 1102 2886 Admonet
1122 2841 1199 2878 curm

67 2903 197 2965 Christus
215 2903 389 2982 Apostolos,
408 2915 440 2962 et
458 2904 511 2962 sub
533 2925 636 2963 eorum
657 2921 782 2982 persona
804 2919 906 2959 omnes
918 2897 1073 2986 Evangelii
1094 2897 1211 2956 ἀοοῑο-1
1272 2957 1273 2960 ¹

64 3004 119 3056 res,
153 2995 190 3040 ut
214 2979 351 3040 coelestis
375 2980 535 3059 sapientiae
561 2981 727 3039 thesaurum
754 2976 824 3036 solis
849 2975 994 3046 fitiisbei
1013 2984 1200 3045 conservent,

66 3079 120 3118 non
155 3069 257 3118 autem
284 3057 461 3136 prostituant
484 3057 612 3138 indignis
638 3067 669 3116 et
694 3053 826 3134 prolenis
851 3052 910 3112 Dei
936 3049 1199 3130 contemptoribus.

66 3135 120 3196 Sed
141 3135 191 3194 hic
212 3133 309 3206 oritur
328 3134 475 3212 quaestio:
506 3155 572 3192 nam
594 3144 695 3224 postea
716 3131 797 3189 iussit
818 3129 986 3210 praedicare
1006 3125 1199 3210 Evarrgelium

66 3214 139 3272 omni
164 3222 326 3271 creaturae.
365 3212 404 3268 Et
424 3209 529 3268 Paulus
550 3209 622 3268 dien
641 3208 702 3286 (ll.
723 3206 795 3266 Cor.
814 3213 847 3280 2,
869 3211 913 3268 16.
922 3209 945 3280 ),
966 3204 1026 3264 eius
1046 3201 1199 3283 praedica·

67 3288 175 3360 tionem
201 3285 338 3346 rearobis
365 3286 549 3345 mortiferum
575 3285 698 3354 odorem
725 3302 802 3343 esse:
834 3301 890 3340 nee
917 3281 1071 3360 quicquam
1089 3279 1199 3340 certius
1249 3303 1253 3308 ·
1328 3322 1332 3330 .

68 3378 115 3436 est,
134 3386 224 3444 quant
271 3361 298 3420 ei
317 3363 456 3423 nimidato
478 3362 609 3441 quotidie
630 3382 685 3439 pro
709 3359 759 3418 oni
776 3357 933 3420 incredulis
945 3357 975 3416 in
992 3354 1200 3428 testimonium,

69 3462 120 3518 quo
141 3441 237 3531 tnagis
258 3439 418 3497 reddantur
436 3437 654 3500 iirexcusabiles.
687 3382 885 3516 llespondco:
907 3433 974 3514 quia
995 3456 1056 3492 nou
1077 3439 1201 3514 possunt

67 3517 218 3600 Evangelii
245 3515 385 3588 ministri,
415 3526 446 3574 et
470 3517 637 3594 quicunque
663 3513 699 3572 ael
726 3511 853 3570 docendi
877 3532 980 3592 munus
1005 3509 1100 3570 vocati
1120 3517 1198 3582 sunt,

70 3593 141 3654 inter
161 3595 240 3653 filios
260 3591 320 3650 Dei
341 3603 370 3650 et
387 3597 496 3671 porcos
518 3593 700 3665 discernere,
725 3610 827 3646 eorum
848 3609 910 3647 esse
928 3595 1043 3666 partes,
1063 3584 1200 3644 omnibus

68 3672 231 3748 promiscue
258 3667 369 3728 offerre
393 3669 492 3728 salutis
519 3668 692 3728 doctrinam.
737 3666 811 3724 Nam
838 3665 967 3743 quamvis
987 3663 1071 3720 initio
1091 3658 1200 3730 multos

68 3747 182 3806 videant
207 3745 392 3826 praefractos
419 3757 448 3803 et
473 3744 633 3816 indociles,
664 3764 726 3801 non
750 3753 847 3800 umen
868 3741 977 3820 patitur
997 3737 1115 3808 caritas,
1146 3753 1198 3824 eos

71 3825 162 3887 statim
189 3821 295 3881 heberi
321 3841 376 3900 pro
403 3821 576 3900 deploratis:
608 3841 675 3878 nam
702 3817 943 3877 lioctenendnm
969 3827 1027 3886 est,
1057 3831 1156 3871 vocari
1181 3829 1198 3898 a

71 3897 185 3960 Christo
205 3919 293 3959 cenes
313 3909 343 3956 et
356 3919 479 3981 porcos,
506 3918 567 3956 non
588 3894 736 3974 quoslibet
754 3895 885 3973 impuros
905 3892 1055 3960 homines,
1072 3886 1120 3946 vel
1139 3885 1199 3945 Der

70 3989 142 4035 metu
162 3997 291 4050 vacuos,
321 3988 355 4052 et
369 3996 456 4034 verae
478 3973 591 4053 pietatis
613 3984 759 4051 expertes,
789 3972 840 4032 sed
860 3969 910 4047 qui
929 3966 1016 4027 certis
1029 3964 1197 4054 'documen-

72 4051 102 4109 tis
120 4055 305 4132 pervicacem
327 4052 510 4110 0stenrleriut
529 4049 587 4107 Dei
607 4060 817 4127 cotrtemptum,
837 4057 870 4103 ut
888 4044 1007 4104 morbus
1028 4039 1197 4100 incurabiles

73 4141 216 4207 appareat.
261 4127 341 4186 Alibi
362 4150 447 4187 canes
467 4127 595 4206 opponit
615 4123 755 4184 Christus
768 4123 863 4182 electo
883 4121 941 4178 Dei
961 4117 1072 4199 populo
1094 4129 1125 4176 et
1144 4117 1204 4180 do-.

71 4207 192 4265 mesticis
211 4203 293 4277 fidei,
309 4197 400 4282 ⁴quum
420 4204 501 4277 elicit,
519 4203 589 4263 Non
609 4214 653 4261 est
672 4203 783 4261 boumn
801 4217 916 4259 sumere
936 4217 1043 4287 panem
1063 4195 1200 4284 filiorum,

73 4292 100 4338 et
118 4283 187 4342 dare
208 4279 338 4340 canibus.
376 4281 433 4340 llic
453 4293 550 4340 autem
570 4301 655 4339 canes
676 4289 706 4338 et
724 4297 831 4357 porcos
850 4273 1005 4362 intelligit,
1036 4272 1085 4408 qui
1105 4272 1197 4349 impio

72 4355 124 4419 llei
148 4368 324 4438 contemptu
350 4357 472 4420 dellbuti
496 4355 671 4418 medicinam
696 4354 804 4414 nullam
830 4351 994 4415 admittunt.
1060 4349 1121 4410 linc
1146 4367 1199 4424 rp-
