2756 4838
72 194 75 206 .
101 225 107 244 ⁸
154 241 212 302 182
424 185 640 296 sucisxvt.
679 247 758 292 uren
777 249 811 294 ιιι
833 226 1037 310 muusaun'u.

151 406 208 524 pro
228 397 311 456 certo
330 363 466 462 numero,
485 385 537 448 sed
555 406 612 467 pro
654 383 775 460 loribus,
795 385 864 466 quia
883 405 914 444 se
936 383 998 444 aliis
1020 380 1156 442 omnibus
1176 403 1219 462 op
1246 383 1320 442 cuit.

182 474 253 543 tque
271 462 330 524 hoc
349 482 435 522 seusu
455 463 571 544 capitur
591 461 628 522 ad
668 482 789 524 omanus
808 469 838 540 ὁ,
858 469 916 536 15.,
935 459 988 518 ubi
1002 458 1108 518 Paulus
1127 481 1190 520 non
1235 459 1322 520 euli-

153 561 210 621 qua
228 537 381 600 bominum
400 549 484 619 parte
506 540 577 620 agit,
596 539 648 600 sed
667 549 762 624 totum
783 540 939 600 humanum
960 556 1053 618 genus
1074 535 1296 617 complectitur.

237 717 340 796 (166.)
383 715 552 780 ΜΑΤΤΗ.
580 713 647 778 XX.
697 713 747 778 29.
779 713 820 778 Et
849 710 1090 800 egredientibus
1119 710 1186 776 iilis
1211 709 1254 776 ab
1274 713 1322 776 le-

155 817 262 896 ricbo,
302 828 439 904 sequuta
462 825 509 880 est
531 837 608 902 eum
625 813 719 880 turba
741 813 849 881 multa.
890 817 941 880 30.
974 813 1017 879 Et
1039 801 1117 880 ecde
1140 814 1209 881 duo
1232 817 1322 880 coeci

154 920 305 988 sedentes
331 921 418 984 iuxta
444 919 542 995 viam,
576 939 673 1006 quum
710 916 892 996 audissent,
924 917 1015 1005 quod
1043 918 1134 983 lesus
1164 919 1323 992 transiret,

158 1023 394 1097 clamaverunt,
423 1017 583 1096 dicentes,
616 1021 758 1086 Domine
785 1024 938 1087 miserere
971 1023 1089 1098 nostri,
1124 1019 1321 1086 filirDavid

123 1149 126 1154 ·
156 1125 216 1194 31:
234 1124 347 1192 Turba
377 1133 482 1187 autem
510 1121 700 1209 increpabat
727 1145 799 1204 eos,
832 1135 868 1189 ut
894 1133 1053 1190 tacerent:
1085 1120 1190 1187 atilli
1220 1126 1324 1208 magis

158 1227 350 1305 clamabant,
369 1225 530 1305 dicentes,
551 1225 712 1297 Miserere
733 1228 834 1294 nostri
854 1226 1013 1302 Domine,
1039 1223 1089 1290 fili
1112 1225 1225 1291 David.
1267 1226 1324 1290 32.

156 1331 199 1397 Et
219 1333 306 1397 stetit
327 1330 432 1406 lesus,
462 1339 494 1394 et
514 1330 642 1396 vocavit
664 1349 734 1407 eos,
765 1340 797 1397 et
819 1333 876 1410 ait,
908 1327 1000 1416 Quid
1016 1327 1131 1406 vultis,
1152 1337 1185 1394 ut
1205 1327 1323 1392 famam

156 1431 272 1498 robis?
313 1433 365 1498 33.
399 1430 523 1498 Dicunt
543 1429 609 1507 itti,
641 1430 800 1512 Domine,
830 1443 867 1498 ut
888 1435 1074 1517 aperiantur
1096 1429 1188 1498 ocuti
1213 1432 1324 1496 nostri.

157 1533 208 1604 34·
234 1537 388 1601 Misertus
416 1545 522 1600 eutem
543 1535 632 1600 lesus
659 1537 761 1620 tetigit
789 1536 904 1604 oculos
931 1555 1059 1610 eorum,
1091 1542 1125 1598 et
1151 1531 1323 1598 confestim

86 1705 94 1733 N
158 1642 261 1705 visum
283 1647 478 1723 receperunt
499 1658 609 1704 eorum
631 1635 734 1716 oculi,
759 1647 791 1702 et
812 1639 941 1724 sequuti
962 1646 1035 1704 sunt
1055 1657 1138 1701 eum.
1366 1645 1367 1648 ’

241 1753 383 1822 Mune.
403 1755 443 1818 X.
483 1753 535 1819 46.
557 1753 599 1818 Et
618 1757 753 1819 veniunt
772 1754 909 1833 Iericho,
930 1775 1092 1842 quumque
1115 1751 1326 1840 egrederetur

161 1855 203 1924 ab
225 1857 307 1923 urbe
328 1854 468 1932 iericho,
489 1876 527 1920 ac
546 1854 699 1944 discipuli
721 1861 790 1922 cius
812 1868 844 1923 et
865 1856 960 1923 turba
983 1859 1133 1943 copiosa,
1163 1855 1252 1922 filins
1275 1857 1326 1922 Ti-

159 1963 260 2037 maci,
286 1961 501 2036 Bartimaeus,
530 1979 650 2025 coecus
671 1959 806 2025 sedebat
825 1963 912 2026 iuxta
933 1963 1015 2025 viam
1037 1959 1237 2025 mendicans
1277 1961 1324 2024 47.
1366 1961 1367 1988 ¹

159 2062 202 2130 Et
224 2085 321 2150 quum
344 2060 503 2139 audisset,
544 2062 634 2149 quod
654 2063 743 2128 {esus
764 2064 954 2130 Nazarenus
980 2073 1078 2140 esset,
1122 2065 1233 2149 coepit
1262 2062 1324 2127 cia·
1366 2071 1367 2148 t

161 2187 250 2232 mare
273 2175 305 2232 et
327 2164 450 2242 dicere,
470 2162 535 2228 Fili
556 2164 666 2230 David
688 2165 840 2228 miserere
862 2168 933 2230 mei.
976 2165 1029 2244 48,
1050 2163 1092 2229 Et
1113 2163 1325 2252 increpabant

108 2345 113 2370 ⁸
163 2290 236 2334 eum
258 2268 360 2347 multi,
381 2276 416 2333 ut
436 2276 565 2333 taceret.
608 2268 651 2333 At
671 2265 728 2332 ille
750 2265 851 2334 multo
873 2272 971 2356 magis
993 2265 1161 2346 clamabat,
1182 2267 1248 2334 Fili
1263 2269 1324 2334 Da
1366 2289 1367 2340 ι

160 2369 234 2449 vid,
254 2373 408 2438 miserere
428 2369 503 2434 mci.
543 2367 594 2435 49.
625 2369 668 2434 Et
687 2371 773 2436 stetit
796 2372 899 2451 lesus,
920 2392 960 2435 nc
979 2371 1074 2435 iussit
1096 2368 1190 2434 illum
1211 2374 1323 2436 vocari
1366 2375 1367 2438 i

163 2471 204 2537 Et
225 2482 344 2538 vocant
364 2491 514 2548 coecum,
536 2468 680 2538 dicentes
701 2471 764 2551 illi,
784 2471 880 2558 Bqno
902 2478 1009 2540 animo
1032 2480 1118 2537 esto:
1140 2491 1252 2556 surge,
1275 2493 1325 2536 vo·
1366 2475 1367 2494 ¹

164 2583 214 2638 cat
235 2579 276 2638 te.
318 2575 369 2640 50.
395 2571 455 2638 llic
476 2593 565 2654 vero,
588 2574 716 2654 abiecto
738 2575 840 2662 pallio
862 2598 931 2656 suo,
952 2577 1096 2652 surrexit,
1118 2583 1153 2638 ct
1174 2577 1267 2640 venit
1288 2573 1325 2640 ad

122 2740 125 2757 ι
162 2675 276 2742 lesum.
328 2675 379 2740 51.
410 2674 453 2740 Et
480 2679 683 2763 respondens
712 2677 791 2745 dicit
818 2677 867 2744 illi
888 2680 990 2752 lesus,
1024 2671 1116 2760 Quid
1143 2679 1194 2742 vis
1216 2675 1325 2742 faciam

162 2777 243 2845 tibi?
285 2775 415 2844 Coccus
441 2790 547 2845 autem
577 2782 659 2847 dixit
685 2782 733 2870 ei,
766 2779 935 2858 Rabboni,
968 2789 1016 2857 nt,
1034 2781 1138 2844 visum
1165 2783 1324 2866 recipiam.

163 2883 213 2947 52
234 2882 323 2946 Iesus
349 2891 454 2946 autem
477 2882 555 2949 dixit
576 2881 638 2962 iili,
665 2882 743 2962 Abi,
769 2884 854 2950 fides
882 2895 936 2949 tua
956 2891 989 2953 te
1011 2875 1135 2948 salsum
1159 2883 1248 2950 fecit.
1289 2886 1324 2950 u

164 2985 316 3068 protinus
335 2983 459 3068 recepit
479 2983 596 3064 risum,
618 2994 650 3049 et
671 2985 870 3072 sequebatur
889 2987 994 3052 lesum
1014 2987 1050 3050 in
1069 2987 1131 3050 via.

157 3159 162 3178 „
247 3094 477 3164 nuuxvut.
508 3099 562 3166 35.
583 3101 709 3168 Accidit
730 3113 845 3185 autem,
864 3126 960 3192 quum
981 3106 1263 3192 appropinquaret
1283 3107 1324 3171 ie-

163 3199 272 3280 richo,
303 3221 422 3266 coecus
450 3201 580 3289 quidam
600 3204 736 3273 redebet
756 3209 844 3272 iuxta
870 3209 954 3274 viam
975 3204 1170 3274 mendicans
1214 3211 1268 3276 36.
1289 3211 1324 3276 Et
1366 3211 1367 3298 i

101 3295 104 3314 '
164 3323 263 3389 quum
285 3300 412 3369 audiret
431 3303 558 3371 turbam
579 3320 852 3395 praetereuntem,
894 3306 1127 3396 interrogabat,
1155 3297 1248 3398 'quid
1267 3313 1323 3380 boc

165 3415 258 3470 esset
299 3405 351 3472 37.
372 3408 533 3475 Dixerunt
553 3419 659 3476 autem
682 3413 720 3489 ei,
742 3412 831 3500 quod
853 3415 942 3480 lesus
955 3414 1146 3480 Nazarenus
1167 3419 1323 3480 transiret
1366 3447 1367 3450 ¹

164 3507 215 3572 38.
236 3506 279 3572 Et
300 3505 449 3576 clamavit
471 3509 591 3591 dicens,
611 3515 694 3594 Iesu,
713 3514 765 3582 fili
784 3516 903 3596 David,
923 3520 1077 3582 miserere
1098 3520 1172 3582 mei.
1214 3519 1263 3583 39.
1284 3519 1323 3582 Et

164 3613 222 3698 qui
243 3610 415 3697 praeibunt
435 3615 648 3702 increpabant
670 3639 756 3698 eum,
790 3630 825 3685 ut
852 3591 981 3686 tisceret.
996 3623 1096 3772 (lpse
1122 3635 1204 3688 vero
1223 3619 1321 3686 multo

164 3716 264 3800 magis
286 3713 460 3798 clamabat,
490 3717 556 3786 Fili
577 3719 700 3800 David,
732 3724 978 3790 misereremei.
1019 3723 1070 3788 40.
1097 3721 1196 3788 Stans
1220 3733 1322 3790 nutem

163 3817 256 3885 lesus
283 3820 376 3886 iussit
405 3819 497 3887 illum
529 3820 647 3888 adduci
678 3823 719 3889 ad
749 3845 798 3890 se:
841 3835 872 3890 et
904 3848 1002 3913 quum
1026 3830 1322 3913 appropinquasset

78 3911 83 3922 '
163 3923 375 4007 interrogavit
395 3922 499 4004 ilium,
541 3924 592 3988 41.
614 3921 747 4002 Dicens,
768 3925 858 4010 Quid
881 3925 940 3992 tibi
960 3931 1008 3993 vis
1027 3930 1165 3996 faciam?
1207 3932 1254 3997 At
1271 3929 1322 3995 ilic

165 4020 257 4101 dixit,
290 4025 446 4104 Domine,
480 4035 516 4090 ut
542 4027 643 4090 visum
671 4019 833 4114 recipiam.
881 4029 931 4094 42
962 4031 1056 4099 Tunc
1076 4033 1167 4100 Iesus
1189 4033 1269 4100 dixit
1288 4035 1322 4110 ei,

164 4121 289 4210 Recipe
310 4129 428 4192 risum:
449 4124 534 4193 fides
555 4136 609 4192 tua
631 4137 664 4193 te
685 4129 808 4196 salvum
830 4129 914 4198 fecit
955 4134 1007 4201 43.
1026 4136 1069 4202 Et
1090 4136 1262 4204 confestim
1282 4138 1322 4201 ri·

164 4245 234 4290 aum
256 4230 394 4314 recepit,
415 4251 454 4297 ac
474 4229 673 4318 sequebatur
694 4231 795 4312 illum,
816 4233 1001 4320 glorificans
1022 4239 1146 4308 Deum:
1169 4252 1205 4310 et
1225 4241 1320 4311 omme

166 4325 277 4414 plebs,
297 4338 333 4394 ut
352 4331 450 4414 vidit,
470 4331 562 4401 dcdit
583 4333 712 4403 laudem
734 4337 819 4405 Deo.
