2778 4838
138 253 178 314 ta
368 241 485 307 SECT.
504 241 585 304 xlv.
623 253 800 324 muscosa
820 253 863 301 rr
883 253 1067 302 sermones.
1097 327 1100 330 ¹
1130 255 1135 272 ⁴

217 407 265 467 15.
308 399 393 459 Unus
415 411 510 458 eutem
532 415 574 457 aaa
596 395 658 456 tttts
681 409 733 456 etc.
777 397 928 458 incertum
943 405 1014 469 est,
1046 411 1083 454 an
1106 406 1247 452 reversus
1271 391 1311 452 sit

143 501 177 540 ex
195 476 295 541 medio
315 477 433 550 itinere,
453 475 543 555 idque
562 473 699 535 videntur
720 473 843 533 innuere
863 472 961 532 Lucae
981 469 1087 530 verba:
1111 469 1310 529 mihi'tamen

141 557 235 638 magis
254 552 411 634 probabile
432 563 490 625 est,
515 569 577 609 non
602 549 658 608 nisi
682 550 782 622 audito
806 550 966 610 sacerdotis
990 546 1101 607 iudicio
1128 545 1166 604 ad
1235 547 1310 605 atias

143 631 273 715 agendas
298 629 423 690 venisse.
461 629 537 687 Nam
557 637 587 686 et
606 645 791 686 communem
811 625 854 686 illi
875 625 1044 686 convictum
1064 643 1080 684 a
1100 643 1184 683 sacer
1206 621 1309 682 otihus

142 707 260 770 restitui
280 705 422 785 oportuit,
441 724 497 763 nec
518 702 601 763 licuit
620 703 780 782 praeterito
792 701 902 762 Christi
923 702 1000 762 iussu
1019 699 1163 780 templum
1180 699 1242 758 Dei
1262 719 1310 760 sa-

140 784 255 851 crificio
276 780 421 841 fraudare.
460 780 523 840 Nisi
542 778 620 838 lorte
635 780 726 860 magis
744 779 843 858 placet
855 777 967 840 diversa
983 777 1166 848 coniectura,
1186 775 1309 836 simulac

143 860 315 921 ntundatum
334 876 366 916 se
384 855 467 931 vidit,
487 867 644 934 antequam
663 856 865 916 testimonium
885 865 1036 936 expeteret
1056 873 1071 913 a
1091 845 1309 928 sa'cerdotibus,

145 938 183 998 ad
202 937 296 1016 ipsum
316 943 465 993 auctorem
491 932 543 1012 pio
564 941 595 991 et
628 943 715 992 aucto
735 930 842 992 ardore
863 943 1033 1012 correptum
1052 930 1183 1005 venisse,
1209 941 1245 988 ut
1263 948 1308 988 sa-

84 1025 87 1035 ‘
145 1011 288 1073 orificium
313 1031 395 1068 suum
418 1030 434 1068 a
454 953 625 1094 gratiarunC
633 1007 751 1068 actione
770 1007 924 1086 inciperet.
965 1008 1124 1069 Caeterum
1144 1006 1177 1064 in
1198 1004 1311 1065 Christi

144 1088 244 1151 verbis
264 1107 297 1146 ex
320 1083 458 1148 ostulatio
479 1085 578 1144 subest
599 1105 664 1144 curn
684 1095 748 1145 tota
768 1097 872 1166 gente:
893 1084 997 1144 odiose
1012 1084 1091 1142 cuim
1109 1081 1310 1164 alienigenam

144 1186 236 1225 unum
247 1107 381 1244 plullbus
392 1161 509 1222 Iudaeis
521 1173 682 1241 comparat,
703 1161 771 1240 quia
791 1161 860 1241 ipsis
878 1161 979 1220 tritum
1000 1171 1073 1234 erat,
1093 1159 1152 1218 Dei
1161 1157 1311 1218 beneficia

147 1242 258 1320 absque
277 1239 340 1299 ullo
359 1237 476 1318 pietatis
495 1257 583 1298 sensu
601 1257 716 1298 vorare.
754 1235 855 1316 Atque
873 1237 943 1300 binc
963 1237 1071 1298 lactum
1090 1248 1144 1310 est,
1162 1245 1196 1293 ot
1213 1245 1310 1294 totae

144 1330 206 1378 tam
227 1315 390 1399 insignibus
410 1312 557 1376 miraculis
576 1314 689 1374 nullum
709 1313 772 1374 lere
792 1335 902 1389 nomen
923 1314 1000 1395 apud
1022 1335 1073 1374 eos
1095 1312 1227 1374 Christus
1249 1309 1309 1370 oh-

145 1394 278 1454 tinuerit.
316 1391 450 1452 Sciamus
480 1403 595 1464 tamen,
627 1390 658 1451 in
690 1411 802 1474 genere
833 1392 887 1451 hac
909 1391 1097 1482 ‚querimonia
1122 1408 1177 1448 uos
1204 1405 1312 1446 omues

148 1469 290 1547 damnari,
309 1469 366 1528 nisi
384 1467 443 1530 Dei
464 1467 613 1529 beneficiis
632 1468 734 1528 saltem
776 1467 942 1530 ratitudims
962 1467 1091 1528 officium
1111 1463 1312 1546 rependimus.

224 1554 270 1614 19.
314 1543 406 1606 Fides
433 1559 484 1604 tato
511 1557 539 1604 ta
566 1547 695 1605 semovit.
739 1487 885 1606 §mandi
911 1545 1033 1606 verbum
1065 1543 1185 1623 quidam
1213 1539 1310 1599 inter-

146 1637 246 1706 pretes
266 1623 303 1683 ad
322 1622 417 1683 carnis
437 1620 610 1681 munditiem
627 1620 821 1704 restringunt,
845 1645 948 1683 verum
967 1623 992 1683 si
1011 1621 1051 1682 ita
1072 1631 1126 1694 est,
1152 1639 1245 1709 quum
1264 1616 1310 1674 vi-

149 1723 214 1763 vam
234 1699 266 1759 in
290 1699 348 1760 hoe
367 1698 552 1757 Samaritano
579 1697 666 1758 fidem
691 1699 879 1759 commendet
898 1699 1047 1772 Christus,
1075 1717 1179 1790 puaera
1199 1703 1311 1775 potest,
1353 1704 1357 1710 ’

147 1774 301 1857 quomodo
321 1775 428 1835 servati
447 1773 557 1833 luerint
576 1775 626 1834 alii
646 1795 768 1834 novem:
788 1796 856 1836 nam
876 1777 978 1836 eadem
990 1795 1156 1858 promiscue
1169 1767 1309 1832 omnibus

147 1853 255 1914 sanitas
277 1851 396 1933 obtigit.
435 1849 486 1909 Sic
506 1869 579 1932 crgo
600 1849 768 1912 habendum
788 1863 848 1925 est,
873 1851 1022 1914 Christum
1046 1851 1094 1912 hic
1114 1850 1202 1910 aliter
1222 1845 1310 1907 aesti-

146 1949 240 1988 masse
260 1926 371 1987 donum
390 1926 466 2001 Dei,
485 1947 571 2005 quam
590 1927 708 1986 soleant
725 1928 846 2010 profani
865 1929 1013 2002 homines,
1039 1947 1147 2008 nempe
1166 1937 1309 2004 tauquam

147 2005 273 2066 salutare
290 2002 406 2083 paterni
421 2003 529 2064 amoris
542 2003 708 2084 symbolum
719 2005 765 2066 vel
807 2007 901 2098 ignus.
941 2005 1044 2066 Sanati
1063 2006 1184 2066 fuerunt
1203 2019 1309 2060 norem

147 2080 269 2164 leprosi,
289 2079 341 2139 sed
362 2079 429 2158 quia
438 2078 498 2139 Dei
511 2079 634 2160 gratiam
655 2080 744 2159 impie
765 2027 936 2159 ohhterant,
955 2083 965 2142 i
1002 2103 1047 2142 am
1066 2082 1222 2142 sanitatem
1242 2075 1309 2135 infi-

148 2159 190 2218 cit
210 2167 241 2218 et
259 2156 441 2217 contaminat
461 2177 563 2216 eorum
581 2154 774 2248 ingratitudo,
793 2171 931 2238 utquam
973 2158 1077 2220 ecchat
1094 2157 1254 2217 utilitatem
1275 2173 1310 2212 ex

148 2255 182 2296 ea
203 2254 266 2295 non
285 2233 458 2314 percipiant
499 2231 572 2293 Sola
590 2233 774 2316 igiturlides
795 2235 873 2296 dona
893 2235 952 2298 Dei
972 2235 1058 2296 nohis
1077 2231 1251 2300 sanctificat,
1276 2239 1310 2287 ut

169 2332 222 2376 ura
241 2309 301 2370 sint
341 2320 373 2369 et
397 2331 463 2370 cum
487 2309 622 2390 legitimo
642 2331 697 2370 usu
716 2313 873 2373 coniuncta
892 2313 922 2372 iu
943 2311 1065 2373 salutem
1085 2310 1173 2372 nobis
1194 2307 1309 2368 cedant.

181 2388 288 2466 enique
306 2353 362 2448 hac
381 2407 455 2448 voce
474 2398 596 2448 testatus
611 2397 655 2448 est
672 2386 817 2464 Christus,
837 2391 988 2470 quomodo
1009 2389 1065 2450 rite
1077 2387 1143 2460 Dei
1156 2382 1309 2446 beneficiis

147 2465 288 2525 fruamur.
327 2464 417 2524 Unde
429 2463 603 2545 colligimus,
622 2475 772 2526 aeternam
792 2465 905 2526 animae
924 2467 1048 2528 salutem
1067 2485 1127 2525 uua
1146 2483 1214 2524 cum
1232 2472 1311 2521 tem·

148 2541 246 2622 porali
271 2542 352 2602 douo
378 2541 561 2622 complexum
587 2549 660 2602 esset
708 2541 846 2602 Servatus
872 2553 918 2603 est
940 2563 991 2603 sua
1017 2543 1075 2603 fide
1100 2538 1312 2601 Samaritanus.

150 2617 333 2694 Quomodo?
361 2629 442 2677 certe
462 2637 525 2676 nou
544 2617 613 2678 ideo
633 2628 764 2692 tautum,
790 2617 871 2699 quod
891 2639 906 2678 a
926 2618 1009 2698 lepra
1029 2629 1147 2679 curatus
1165 2617 1205 2677 sit
1225 2619 1310 2694 (uam

148 2694 208 2756 hoc
228 2706 259 2754 et
276 2693 398 2774 reliquis
418 2713 574 2754 commuue
595 2695 689 2769 erat),
713 2694 765 2755 sed
790 2693 857 2772 quia
877 2695 908 2754 in
928 2716 1082 2756 numerum
1102 2695 1232 2754 liliorum
1252 2687 1311 2752 Dei

149 2783 288 2851 acceptus
308 2782 363 2843 est,
381 2779 415 2828 ut
432 2769 549 2850 paterni
568 2771 676 2830 amoris
694 2781 834 2830 tesseram
855 2791 888 2831 ex
908 2771 970 2832 eius
988 2793 1077 2832 manu
1096 2772 1254 2850 acciperet.

226 2853 273 2914 20.
321 2845 523 2922 Interrogatus
550 2860 645 2906 marm
673 2867 694 2906 o
720 2843 896 2908 Pham'serer'a.
946 2849 1090 2924 Quaestio
1125 2848 1199 2907 haec
1235 2845 1312 2907 haud

120 2949 131 2990 ·,
151 2922 241 2984 dubie
261 2943 315 3003 per
334 2921 492 2982 ludibrium
513 2922 622 3005 agitata
640 2919 711 2980 tuit:
730 2929 804 2982 ‘nam
829 2945 917 3004 quum
943 2925 1056 2986 assidue
1081 2926 1118 2985 de
1139 2923 1311 3005 propinquo

150 3000 210 3060 Dei
228 3019 325 3080 regno
346 2996 480 3058 Christus
500 2997 664 3073 dissereret,
684 2997 882 3070 nulla,autem
900 3001 986 3062 fieret
1003 3013 1092 3062 status
1112 3000 1227 3061 externi
1246 3022 1312 3059 rnu-

150 3075 225 3136 tatio
236 3076 315 3135 inter
325 3074 460 3148 ludaeos,
479 3084 622 3154 putarunt
636 3073 770 3156 improbi
781 3087 811 3136 et
825 3077 946 3172 maligni
962 3078 1106 3153 homines,
1124 3077 1313 3158 plausibilem

154 3151 216 3211 cius
235 3149 357 3212 vexandi
377 3149 509 3210 colorem
530 3151 609 3211 hunc
628 3171 700 3212 esse.
739 3153 822 3235 Ergo
847 3157 972 3233 perinde
996 3155 1055 3215 acsi
1075 3155 1113 3216 de
1132 3173 1229 3235 regno
1250 3153 1308 3213 Dei

151 3227 260 3288 frustra
279 3227 389 3308 garriat
409 3239 440 3286 ct
457 3238 601 3310 nugetur,
626 3228 804 3290 mordaciter
823 3230 1025 3313 interrogant,
1052 3231 1171 3311 quando
1191 3231 1312 3290 tandem

151 3315 308 3366 venturum
327 3303 365 3364 sit
383 3301 456 3362 illud
476 3325 609 3396 regnum.
649 3304 682 3364 Si
703 3305 767 3385 quis
788 3318 886 3366 tamen
906 3329 962 3388 pro
983 3328 1077 3368 crassa
1096 3327 1146 3368 sua
1167 3306 1312 3387 opinione

147 3380 211 3441 hoc
220 3381 312 3462 magis
323 3379 469 3460 quaesisse
480 3380 633 3454 existimet,
653 3402 740 3460 quam
752 3381 949 3444 subsannandi
964 3405 1059 3456 causa,
1072 3405 1135 3444 non
1147 3383 1312 3443 contendo.

151 3456 222 3518 Non
240 3461 330 3516 uernat
346 3479 467 3532 regumn
485 3457 553 3516 Dei.
592 3457 777 3538 Responsum
797 3459 855 3518 hoc
874 3480 942 3520 meo
962 3460 1083 3536 iudicio,
1109 3460 1255 3542 neglectis
1275 3459 1312 3517 il-

153 3535 187 3596 tis
208 3533 340 3609 canibus,
362 3534 494 3596 Christus
514 3533 551 3594 ad
571 3533 729 3613 discipulos
750 3537 963 3611 accommodat,
982 3536 1068 3596 sicuti
1087 3557 1175 3616 saepe
1195 3535 1231 3595 ab
1252 3535 1309 3592 inr-

152 3611 255 3692 probis
266 3611 413 3672 lacessitus
428 3611 555 3672 docendi
569 3611 755 3672 occasionem
765 3613 834 3672 inde
850 3613 983 3694 arripuit,
1004 3625 1034 3672 at
1054 3633 1091 3673 ue
1110 3613 1151 3672 ita
1172 3611 1310 3672 divinitus

152 3689 281 3750 eluditur
300 3706 404 3748 eorum
422 3688 542 3762 malitia,
567 3688 635 3748 dum
656 3688 761 3748 veritas
781 3687 818 3747 ab
839 3709 941 3749 eorum
962 3633 1071 3750 carilhs
1092 3701 1198 3750 asserta
1216 3687 1312 3769 magis

152 3765 258 3827 elucet.
297 3765 395 3826 Porro
417 3765 653 3826 observationem
674 3765 721 3824 hic
737 3765 837 3844 posuit
847 3764 980 3826 Christus
997 3787 1054 3845 pro
1070 3764 1195 3826 notabili
1209 3765 1312 3845 splen-

152 3843 236 3917 dore,
256 3843 314 3904 acsi
333 3853 458 3924 negaret
475 3861 600 3923 regnum
610 3838 668 3900 Dei
681 3841 792 3900 eminus
811 3852 950 3920 tanquam
970 3841 1000 3902 iu
1020 3863 1130 3922 pompa
1150 3841 1216 3902 sore
1238 3859 1313 3901 con-

151 3920 293 3998 spicuum.
333 3918 489 4002 Significat
512 3917 606 3992 enim,
631 3917 821 3978 vehementer
850 3939 901 3978 eos
929 3917 1008 3994 salli,
1032 3919 1082 3998 qui
1104 3939 1233 4001 regnum
1253 3917 1313 3977 Dei

153 3996 247 4056 carnis
260 3993 351 4055 oculis
363 4005 518 4075 quaerunt,
538 3994 618 4074 quod
631 3993 750 4053 minime
767 3993 885 4072 carnale
896 4006 941 4056 est
950 3994 997 4054 rel
1009 4004 1171 4070 terrenum,
1192 3994 1312 4075 quando

151 4069 226 4130 nihil
246 4071 324 4132 aliud
344 4085 398 4132 cst·
413 4070 469 4141 nisi
494 4070 621 4129 interior
645 4081 677 4129 et
700 4091 713 4129 s
737 4069 859 4130 iritualis
878 4071 992 4131 animae
1011 4072 1179 4132 renovatio:
1206 4092 1275 4130 nam
1296 4090 1311 4128 a

151 4157 256 4206 natura
275 4148 365 4227 ipsius
384 4168 416 4207 re
440 4148 470 4206 ni
489 4167 626 4228 perverse
646 4167 698 4206 eos
713 4090 815 4206 lacere
827 4148 925 4224 docet,
947 4147 1312 4228 quicircumspiciuothuc

152 4222 201 4282 rel
221 4221 300 4296 illuc,
320 4235 354 4282 ut
371 4167 501 4286 visibiles
520 4235 606 4284 notas
627 4221 796 4298 observent,
816 4223 874 4284 acsi
895 4224 1020 4296 dixisset,
1040 4223 1122 4284 Intus
1143 4222 1313 4304 quaerenda

153 4309 208 4373 est,
229 4319 314 4378 qnam
326 4299 408 4360 Deus
421 4300 568 4380 promisit,
586 4299 736 4360 Ecclesiae
754 4299 942 4361 instauratiot
963 4301 1040 4379 quia,
1061 4299 1172 4360 electos
1191 4320 1260 4362 suos
1279 4299 1312 4356 in

153 4376 311 4437 coelestem
331 4376 492 4440 novitatem
510 4377 669 4454 vivificans,
688 4396 771 4438 suum
790 4376 822 4436 in
842 4375 911 4458 ipsis
929 4397 1055 4458 regnum
1075 4377 1173 4460 erigit.
1212 4378 1312 4456 Atque
