2764 4854
930 3 1253 11 ——-—-—-—-w--—
1264 6 1325 10 ---.-

323 215 406 299 (²11.
446 211 580 274 Cbristns
599 213 632 272 in
651 219 739 273 cruce
759 209 916 292 illuditur.)
1153 219 1213 284 m

46 365 124 426 euim
138 366 246 426 direrte
260 363 411 446 Propheta
423 366 460 426 de
474 365 593 428 Christo
612 377 835 442 commemorat,
854 387 915 427 non
936 363 1091 448 magnifica
1124 383 1213 450 ompa

45 442 238 504 liberaturum
259 463 322 502 esse
340 464 408 504 suos
429 465 445 504 a
465 457 577 518 morte,
606 442 658 502 sed
683 442 750 522 quia
771 463 898 523 poenam
925 464 1029 504 eorum
1050 464 1080 504 sc
1107 443 1212 513 veribus

46 518 175 579 debitam
195 517 315 579 snbdtit.
354 519 437 604 Ergo
457 533 490 581 ut
510 541 565 582 nos
585 537 601 582 a
620 531 705 578 reatu
718 517 868 594 eximeret,
887 519 1068 581 necessarius
1087 519 1145 580 fuit
1163 519 1212 582 ltic

45 595 220 676 expiationis
245 597 366 670 modus,
397 609 429 657 nt
454 617 485 657 se
510 599 541 657 in
566 596 664 656 locum
691 606 824 656 nostrum
850 595 1020 656 subiiceret.
1059 597 1117 657 Hic
1137 611 1212 660 vero

43 673 231 764 perspicitur,
251 693 337 753 quam
359 672 507 736 horribilis
526 675 565 734 sit
584 671 644 732 irae
657 672 716 732 Dei
737 684 842 732 contra
861 685 981 754 peccata
1023 675 1139 748 raritas,
1159 697 1211 736 cn-

42 771 86 809 ms
106 749 267 830 placandae
288 771 371 812 eausa
393 749 553 825 Christum,
572 761 722 810 aeternam
741 749 890 822 iustitiam,
909 750 941 808 in
961 693 1097 812 ordinem
1116 751 1212 812 latro,

42 847 113 884 urim
139 825 248 886 eoniici
273 827 416 906 oportuit.
465 827 648 910 Perspicitur
674 825 762 886 etiam
787 825 1027 906 incomparabilia
1059 848 1130 912 erga
1155 849 1212 890 noe
1317 847 1336 874 κ

43 901 274 980 Christiamor,
304 904 354 984 qui
379 916 411 965 ut
434 903 542 967 sanctis
562 901 674 988 angelis
693 923 749 964 nos
774 915 968 986 aggregaret,
996 925 1071 966 unna
1092 925 1126 966 ex
1144 926 1210 968 see-

41 979 122 1040 testis
142 979 257 1042 censeri
276 981 421 1066 sustinuit.
481 1045 484 1056 Δ

126 1196 229 1278 (211.)
270 1195 442 1265 MATTH.
469 1195 600 1263 XXVll.
648 1195 699 1261 39.
725 1195 973 1262 Praetereuntes
999 1206 1104 1263 nutem
1133 1219 1211 1264 con-

39 1300 125 1366 vicin
151 1297 315 1374 inciebnnt
340 1304 375 1370 in
402 1325 488 1381 eum,
519 1309 689 1378 moventes
710 1297 816 1386 capito
842 1323 914 1377 sna,
955 1301 1008 1366 4⁰.
1035 1299 1078 1368 Et
1099 1301 1211 1370 dicen·

38 1413 107 1478 tes,
150 1402 203 1468 Τιι
230 1403 303 1483 ille,
346 1408 402 1494 qni
430 1404 622 1471 destruebas
642 1402 814 1490 templum,
856 1413 888 1468 et
907 1406 941 1468 in
962 1401 1073 1469 triduo
1095 1403 1211 1468 aedili-

39 1507 155 1586 cabas,
196 1529 291 1574 serra
318 1519 416 1576 temet
442 1509 633 1597 ipsumzasi
658 1505 763 1574 Filius
789 1507 856 1596 Dei
888 1531 937 1586 es,
974 1505 1138 1583 descende
1166 1505 1210 1572 de

39 1633 148 1678 cruce.
187 1613 238 1679 tt.
271 1609 426 1679 Similiter
447 1623 479 1679 et
501 1615 665 1701 principes
685 1611 891 1678 secerdotum
912 1610 1104 1688 illudentes,
1135 1633 1210 1678 cum
1291 1617 1295 1632 “
1327 1631 1332 1640 “

39 1713 156 1780 scribis
177 1727 208 1780 et
230 1714 438 1793 senioribus,
458 1715 626 1795 dicebant,
666 1717 718 1781 te
745 1717 839 1782 Alios
860 1719 1016 1794 servarit,
1046 1737 1082 1782 se
1104 1719 1209 1804 ipsum

37 1841 108 1886 non
137 1829 245 1908 potest
271 1843 417 1888 servare:
461 1824 489 1888 si
518 1821 589 1888 Rex
608 1821 710 1888 lsrael
737 1833 802 1898 est,
846 1819 1025 1900 descendat
1052 1841 1140 1885 nnnc
1166 1817 1209 1886 de

37 1945 152 2004 cruce,
194 1935 227 1991 et
249 1925 417 1995 credemus
440 1929 479 1992 ei.
540 1927 593 1992 43.
622 1924 774 1992 Confidit
801 1928 834 1992 in
857 1929 945 2005 Deo,
986 1923 1106 1992 liberet
1135 1943 1209 1990 enm
1267 1995 1274 2004 ,

37 2048 146 2106 nunc,
166 2029 193 2093 si
214 2027 284 2094 vult
306 2049 396 2095 enm:
417 2027 496 2097 dixit
517 2033 613 2108 enim,
635 2027 740 2095 Filius
762 2029 827 2094 Dei
848 2051 927 2097 snm
958 2015 1020 2096 dd.
1042 2027 1079 2096 ld
1103 2030 1208 2116 ipsum
1260 2073 1269 2082 -

37 2142 147 2196 autem
178 2141 211 2198 et
238 2130 397 2212 latrones,
440 2135 496 2220 qui
528 2133 674 2200 crncifixi
710 2142 804 2200 erent
830 2155 903 2200 cnm
936 2137 993 2210 e'o,
1034 2129 1209 2218 exprobre-

35 2234 117 2300 bant
139 2236 180 2301 ei.
243 2245 253 2259 '

124 2395 265 2470 multe.
301 2403 388 2467 xv,r
419 2401 471 2468 29.
503 2404 546 2468 Et
577 2405 633 2490 qui
663 2399 899 2488 praeteribunt,
918 2399 1208 2467 ·cnnviciabnntur

34 2513 86 2586 ei,
106 2515 275 2573 moventes
297 2495 403 2592 capito
423 2527 495 2582 sua,
517 2526 556 2570 ac
576 2504 739 2584 dicentes,
759 2503 842 2583 Vae,
863 2505 919 2592 qui
940 2502 1107 2570 demoliris
1128 2516 1207 2573 tern-

4 2691 12 2707 .
33 2613 143 2702 plum,
187 2619 220 2674 et
240 2610 279 2675 in
294 2607 397 2675 tribus
418 2607 536 2676 diebus
557 2613 707 2676 exstruis:
746 2609 799 2674 30.
831 2608 931 2674 Serra
958 2617 991 2674 te
1011 2611 1140 2695 ipsum,
1172 2615 1207 2675 et

35 2711 205 2785 descende
233 2710 275 2778 de
304 2731 409 2779 cruce.
459 2712 511 2781 31.
544 2713 699 2781 Similiter
725 2723 758 2778 et
783 2714 896 2778 summi
923 2711 1110 2778 secerdotes
1131 2710 1206 2778 illn-

34 2821 155 2887 dentes
176 2821 261 2882 lnter
282 2839 318 2884 re
341 2840 414 2884 curn
435 2815 549 2883 scribis
571 2813 737 2897 dicebant,
758 2815 851 2885 Alios
872 2817 1021 2896 servavit,
1041 2837 1076 2880 se
1097 2803 1205 2904 ipisum

34 2943 169 2990 serrare
190 2940 260 2988 non
280 2930 395 3006 potest.
434 2921 491 3002 33.
518 2917 668 2990 Christus
694 2921 765 2988 lter
784 2919 885 2986 lsrael
910 2915 1091 2987 descendat
1116 2939 1215 2999 nunc·

35 3025 82 3093 de
110 3045 222 3104 cruce,
252 3035 289 3090 nt
314 3023 482 3091 rideamus
510 3035 543 3089 et
569 3024 745 3092 credamus
787 3025 830 3090 Et
857 3025 914 3114 qui
942 3023 1086 3090 crncifixi
1112 3015 1205 3102 etant

33 3147 112 3196 cum
132 3125 210 3207 illo,
230 3125 351 3214 probra
372 3125 536 3196 indebant
556 3131 591 3196 in
613 3151 695 3196 eom.
1162 3161 1206 3284 .

122 3309 223 3378 LUC.
244 3312 358 3377 XXlll.
397 3311 449 3378 35.
474 3312 517 3379 Et
536 3311 642 3380 stabat
662 3311 806 3402 populus
825 3323 989 3400 specum:
1015 3323 1049 3380 et
1068 3311 1203 3381 deride-

32 3415 117 3484 bant
144 3436 216 3479 enm
245 3417 408 3502 principes
433 3437 506 3484 cum
531 3415 611 3496 illis,
644 3417 804 3496 dicentes,
831 3415 925 3484 Alios
949 3421 1105 3498 servarit,
1135 3437 1203 3484 ser-

31 3529 91 3585 vet
112 3539 147 3584 se
168 3521 287 3606 ipsum,
318 3519 347 3584 si
373 3517 426 3584 bic
449 3529 501 3587 est
528 3519 677 3590 Cbristue
702 3520 761 3588 ille
786 3521 852 3586 Dei
874 3520 1005 3590 elector.
1045 3522 1097 3589 36.
1124 3521 1202 3588 lllu·

34 3622 159 3689 debant
181 3631 286 3688 etitem
314 3625 345 3687 ei
374 3631 407 3688 et
426 3623 544 3690 milites
562 3606 780 3703 'accedentem
822 3635 855 3691 et
876 3636 1004 3714 acetum
1022 3624 1202 3692 ollerentee

34 3731 84 3807 ei,
116 3727 167 3794 37.
185 3727 422 3814 Dicentesqne,
463 3727 499 3795 Si
520 3739 556 3796 tn
577 3750 612 3796 es
632 3729 690 3798 ille
710 3729 780 3794 Rex
798 3725 1001 3809 ludaeorum,
1021 3725 1145 3796 salvum
1166 3737 1200 3794 te

33 3831 98 3896 lac.
129 3829 189 3910 (m
206 3828 310 3918 paulo
329 3831 432 3917 poet.)
471 3833 524 3897 39.
544 3831 640 3926 Unus
662 3831 771 3898 nutem
788 3831 1034 3911 sceleratorum,
1054 3833 1201 3919 quiens·

4 3936 130 4026 ¹pensi
162 3944 269 4013 erent,
310 3931 553 4000 conviciabatur
582 3936 628 4013 ei,
669 3933 796 4016 dicens,
836 3935 871 4000 st
902 3943 939 4000 tn
971 3956 1006 4000 en
1039 3933 1199 4016 Christus,

31 4059 129 4104 serva
158 4046 191 4102 te
217 4038 321 4123 ipsum
346 4047 382 4104 'et
401 4059 472 4104 nos.
511 4037 564 4102 4⁰.
589 4037 808 4126 Respondens
829 4047 934 4104 nutem
957 4037 1053 4117 nlter,
1096 4040 1200 4104 incre-

32 4141 134 4227 pabat
153 4161 228 4206 eum
250 4141 376 4222 dicens,
408 4143 461 4209 Ne
481 4133 597 4206 Denm'
612 4141 743 4228 quidem
765 4151 800 4206 tn
822 4143 931 4218 times,
961 4140 1051 4228 qnod
1072 4143 1106 4206 in
1125 4144 1199 4229 ipse

34 4245 245 4312 damnatione
274 4247 328 4310 es?
369 4246 419 4312 dl.
450 4245 492 4310 Et
517 4263 578 4310 nos
605 4243 735 4332 quidem
765 4246 863 4311 iuste:
891 4263 965 4310 nrm
988 4245 1198 4332 dignoscetis

33 4351 222 4436 recipimus,
263 4347 316 4452 bic
345 4371 425 4416 vero
456 4347 538 4416 nibil
566 4345 643 4424 muli
673 4349 778 4436 gessit.
819 4347 873 4416 42.
902 4349 947 4416 Et
980 4330 1058 4418 dixit
1083 4347 1124 4416 ad
1149 4351 1198 4416 lc·
