2766 4834
186 249 241 340 los
347 235 533 332 'storto
554 261 610 326 111.
648 261 725 328 Iaso
745 255 898 326 saratas
920 275 963 324 rr
982 277 1157 327 tmasrm.
1223 291 1234 298 ·

118 477 126 494 ,
204 407 286 485 cives*
307 419 403 482 subita
427 419 472 482 rei
496 418 643 494 novitate,
673 419 786 479 etiamsi
811 415 919 478 laetum
943 415 1078 476 nuntium
1105 415 1141 476 de
1168 413 1253 498 Rege
1281 417 1353 479 sihi

92 503 97 510 '
203 502 275 560 hato
296 497 401 588 cupide
422 495 602 576 exciperent:
621 495 669 556 rel
690 494 771 574 quod
790 495 872 554 malis
893 492 1008 568 assueti,
1029 502 1059 552 et
1077 503 1202 574 propter
1221 494 1354 554 diutur-

194 595 271 636 nam
288 574 458 656 patientiam
479 571 609 632 obducto
629 571 703 633 callo
724 571 916 632 mutationem
935 569 1101 703 timucript,
1131 589 1244 659 nequa
1268 571 1355 632 inde

201 661 372 716 nasceretur
394 648 489 709 maior
511 648 620 708 clades.
666 648 716 708 Sic
737 649 815 707 enim
835 644 982 708 continuis
1004 645 1088 706 belis
1109 645 1198 706 attriti
1219 645 1357 708 lucrant

193 741 234 790 ¹et
260 747 354 820 prope
372 725 562 805 ‘consumpti,
592 735 625 783 ut
642 724 699 783 illis
719 723 822 784 misera
843 735 874 782 et
892 723 1017 782 crudelis
1036 721 1158 783 servitus
1178 743 1243 781 cum
1290 745 1356 784 ace

194 815 361 866 coniuncta
380 823 443 861 non
455 799 624 878 tolerabilis
644 801 745 874 modo,
764 799 816 860 sed
835 820 853 859 o
876 799 972 858 tahilis
993 819 1111 890 quoque
1130 798 1216 857 soret.
1282 803 1355 861 nde

192 879 388 962 perspicitur,
408 897 494 959 quam
513 877 588 938 male
629 876 803 936 rolecissent
821 821 944 936 suhDei
961 872 1098 958 flagellas:
1120 873 1357 955 obtorpuerant

203 958 282 1016 enim
301 965 437 1035 stupore,
466 965 501 1013 att
525 957 583 1016 iam
601 898 658 1014 iltis
683 953 825 1033 promissa
848 953 1070 1032 redemptio'et
1093 951 1169 1012 salus
1194 953 1355 1032 quodam-

181 1027 292 1094 ¹'modo
317 1031 452 1092 foeteret.
495 1031 601 1110 Neque
627 1028 705 1090 enim
731 1028 850 1103 dubito,
882 1029 954 1108 quin
978 1028 1145 1106 Matthaeus
1167 1049 1274 1088 eonun
1295 1029 1356 1088 in-

104 1139 105 1142 *
202 1107 411 1191 gratitudinem
432 1117 537 1168 notare
556 1106 693 1181 voluerit,
714 1122 751 1166 eo
772 1105 853 1185 quod
872 1104 1015 1165 malorum
1034 1104 1133 1165 taedio
1153 1103 1240 1164 fracti
1255 1127 1354 1186 spem

193 1195 237 1246 'ac
257 1183 436 1259 desiderium
456 1183 567 1264 ‘gratiae
587 1181 643 1244 sibi
662 1181 823 1262 promissae
843 1180 1025 1254 abiecerunt¹

248 1279 251 1288 ’
282 1269 312 1326 4.
350 1262 519 1322 &avocatis
543 1257 745 1321 macomus.
783 1257 915 1318 Tametsi
940 1258 977 1330 de
999 1255 1117 1319 Christo
1137 1255 1227 1316 altum
1247 1257 1352 1318 silen-

193 1337 277 1396 'tinm
303 1345 366 1397 erat
389 1337 420 1396 ln
446 1335 510 1396 aula
529 1335 674 1412 Herodis,
703 1333 789 1396 simul
815 1329 913 1394 taimen
934 1353 967 1394 ac
987 1333 1077 1416 Regis
1095 1334 1207 1394 mentio
1228 1333 1353 1396 iniecta

170 1479 173 1486 ,
201 1413 259 1474 fuit
283 1434 299 1474 a
323 1433 353 1474 m
388 1414 431 1486 is,
459 1413 583 1474 veniunt
606 1410 637 1471 in
662 1421 791 1472 mentem
816 1410 1011 1501 prophetiae,
1039 1411 1164 1489 quaein
1184 1407 1353 1474 oblivione

225 1490 284 1551 rius
308 1489 369 1550 iace
394 1499 461 1549 ants·
496 1488 628 1553 Proinde
652 1488 749 1548 statim
773 1488 894 1552 coniicit
920 1487 1070 1559 Herodes,
1102 1485 1217 1569 Regem
1244 1487 1352 1564 illum,

109 1592 120 1608 ²
201 1511 240 1628 de
266 1586 325 1646 quo
344 1575 497 1644 quaerunt
520 1565 615 1646 magi,
643 1563 779 1625 Messiam
804 1583 866 1624 esse
891 1563 962 1622 olim
987 1561 1124 1622 divinitus
1150 1563 1351 1644 promissum.

201 1644 301 1722 Atque
321 1640 522 1702 hinc'rursum
542 1652 673 1723 apparet,
692 1640 769 1701 serio
789 1639 918 1699 timuisse
931 1639 1093 1714 Herodem,
1113 1639 1181 1700 dum
1202 1641 1243 1700 ita
1255 1643 1352 1703 anxie

190 1717 339 1799 'inquirite
360 1737 426 1778 'nec
447 1720 560 1778 mirum.
605 1716 706 1791 Quum
726 1716 805 1777 enim
824 1715 988 1776 meticulosi
1007 1717 1187 1788 sintomnes
1208 1719 1353 1797 tyranni,

190 1803 233 1855 'et
251 1795 316 1874 plus
329 1791 392 1854 iltis
410 1795 531 1855 terroris
551 1793 666 1878 infligat
685 1814 736 1852 sua
754 1792 885 1872 ipsorum
904 1793 1039 1868 saevitia,
1059 1813 1146 1872 quam
1161 1791 1229 1853 'aliis
1251 1793 1350 1854 iucu-

161 1933 171 1942 ,
200 1871 272 1944 tiat,
292 1869 442 1930 Herodem
461 1890 532 1952 prae
552 1869 615 1931 aliis
636 1869 771 1950 pavidum
793 1889 855 1928 esse
876 1870 1018 1948 oportuit,
1037 1880 1070 1929 ut
1086 1869 1140 1949 'qui
1158 1889 1190 1928 se
1211 1870 1352 1932 adverso

201 1947 270 2008 Deo
289 1959 415 2029 regnare
434 1946 567 2008 sentiret.
605 1945 701 2005 Porro
722 1965 798 2004 nova
817 1945 894 2005 haec
909 1945 1060 2024 inquisitio
1081 1944 1227 2022 ostendit,
1271 1969 1351 2008 uam

192 2043 313 2082 crassus
325 2035 402 2083 -ante
420 2045 573 2106 magorum
593 2021 750 2083 adventum
762 2020 870 2083 Christi
890 2031 1077 2102 contemptus
1097 2021 1208 2081 fuisset
1243 1967 1351 2098 &uod

201 2099 374 2174 sincerem
400 2097 552 2181 Scriptura
576 2097 759 2177 respondent
782 2095 896 2156 scribae
918 2108 949 2157 et
967 2098 1122 2178 pontifices
1143 2097 1215 2178 (qui
1233 2110 1352 2160 tamen

201 2186 306 2256 postea
317 2172 435 2236 duriose
452 2183 746 2255 corrumpere'totam
756 2173 937 2254 scripturam
950 2175 1049 2234 conati
1060 2187 1138 2248 sunt,
1158 2195 1195 2234 ne
1211 2173 1351 2239 Christo

200 2267 312 2312 nomen
321 2251 468 2328 darent),
492 2251 560 2312 ideo
581 2249 690 2312 sactum
711 2262 769 2326 est,
796 2249 863 2342 quia
883 2252 1015 2311 nondum
1034 2251 1174 2310 molestus
1194 2264 1260 2310 erat
1279 2252 1355 2314 illis

203 2328 336 2390 Ghristus
359 2349 433 2389 cum
461 2348 514 2388 suo
545 2310 719 2410 Evadgelio.
777 2326 828 2387 Src
853 2347 955 2386 omnes
982 2327 1065 2417 impii
1089 2327 1119 2386 in
1144 2327 1354 2410 generalibus

201 2405 297 2486 princi
320 2401 353 2466 its
380 2405 448 2464 Deo
469 2402 555 2464 lacile
574 2401 777 2476 subscribunt,
805 2401 858 2463 sed
876 2402 926 2462 uhi
946 2423 1067 2483 proprus
1088 2425 1139 2464 eos
1160 2423 1270 2485 urgere
1294 2406 1352 2466 'n-

200 2481 273 2571 cipit
291 2426 351 2542 thei
369 2479 485 2553 veritas,
505 2479 705 2540 contumaciae
725 2499 793 2539 suae
813 2479 891 2544 rimas
912 2491 1060 2540 evomunt.
1100 2479 1190 2540 Cuius
1211 2481 1257 2540 rei
1273 2429 1348 2542 do-

201 2557 249 2617 tlre
274 2557 385 2628 illustre
411 2554 556 2616 cernimus
582 2555 745 2636 exemplum
768 2555 799 2616 in
824 2555 865 2616 Pa
890 2555 958 2615 istis.
1003 2555 1153 2617 Christum
1172 2555 1252 2616 enim
1273 2558 1353 2621 sine

200 2632 401 2694 controversia
427 2631 557 2693 fatentur
580 2632 763 2723 unigenitum
788 2631 846 2692 Dei
865 2577 987 2706 litium,
1018 2651 1106 2692 carne
1124 2645 1226 2694 nostra
1247 2633 1352 2697 indu-

198 2721 280 2782 tum,
301 2719 342 2768 ·-et
367 2707 398 2766 in
419 2707 529 2768 duabus
551 2721 661 2768 naturus
680 2729 768 2768 unam
787 2707 847 2768 Dei
868 2719 898 2767 et
917 2707 1041 2780 hominis¹
1061 2729 1216 2788 personam
1237 2731 1351 2791 agno-

194 2797 301 2846 scunt:
332 2782 385 2844 sed
408 2783 460 2842 uhi
477 2785 605 2844 'rentum
631 2795 676 2844 est
695 2785 732 2845 ad
752 2784 863 2846 Christi
881 2783 1019 2843 virtutem
1040 2797 1069 2844 et
1089 2783 1234 2860 officium,
1268 2809 1352 2848 mox

195 2859 475 2933 ardet-mutium,
495 2861 561 2940 quia
582 2861 613 2919 in
632 2861 766 2921 ordinem
785 2881 816 2920 se
837 2859 905 2942 cogi
924 2881 986 2919 nou
1005 2861 1164 2934 sustinent,
1184 2883 1217 2922 ac
1238 2865 1351 2928 multo

192 2937 293 2998 miuus
313 2935 344 2994 in
362 2934 485 2996 nihilum
504 2937 608 3018 redigi.
646 2939 682 2996 In
702 2957 831 3010 summa,
852 2938 1000 3016 'quatenus
1021 2937 1092 2996 nihil
1112 2936 1167 2997 sihi
1188 2939 1352 3004 decedere

198 3011 346 3092 putabunt
370 3010 467 3091 impii,
497 3012 566 3073 Deo
584 3025 617 3076 et
637 3013 806 3093 Scripturae
826 3011 934 3091 aliquid
955 3014 1136 3074 reverentiae
1157 3016 1350 3080 concedent.

109 3143 116 3157 ,
200 3089 263 3148 Sed
271 3087 334 3166 ubi
353 3088 495 3148 consertis
515 3088 647 3169 manibus
662 3111 734 3150 *cum
746 3088 919 3161 ambitione,
939 3089 1068 3164 avaritia,
1090 3091 1173 3164 lastu,
1193 3112 1351 3172 perversa

197 3163 319 3240 fiducia,
348 3162 366 3222 h
384 3165 497 3254 pocrisi
515 3178 546 3225 et
565 3165 714 3227 fraudibus
734 3165 870 3257 confligit
889 3165 1037 3240 Christus,
1059 3177 1130 3226 tunc
1151 3168 1247 3227 omnis
1267 3189 1351 3231 mo-

191 3239 309 3320 destiae
329 3185 415 3300 oblni
435 3241 465 3301 in
484 3241 597 3304 rabiem
616 3243 759 3302 seruntur.
792 3242 922 3302 Sesamus
943 3262 1027 3324 ergo,
1047 3243 1178 3303 hostibus
1199 3244 1351 3310 veritatis

192 3316 384 3396 praecipuam
404 3319 616 3380 excoecationis
637 3339 751 3380 causam
771 3337 832 3379 esse
852 3337 958 3399 pravos
977 3319 1112 3396 allectus,
1133 3319 1297 3401 quilueem
1311 3326 1349 3386 in

196 3392 334 3453 tenebras
354 3406 539 3455 convertunt.
1252 3393 1257 3411 ¹

272 3473 299 3534 6·
339 3465 380 3528 Et
403 3483 435 3530 tu
463 3467 634 3532 Bethlehem.
673 3471 744 3532 Non
765 3468 885 3530 dubium
906 3483 958 3546 est,
1000 3472 1049 3532 uin
1069 3471 1181 3533 scribae
1201 3471 1350 3540 fideliter

193 3564 246 3606 sua
264 3543 366 3626 lingua
385 3547 544 3608 verborum
565 3558 732 3606 contentum
753 3545 915 3623 citaverint,
936 3491 1030 3628 quillis
1051 3547 1140 3609 elstat
1160 3551 1237 3638 apud
1254 3551 1349 3615 l'ro-

194 3621 324 3702 phetam.
349 3621 416 3682 Sed
425 3621 588 3683 Matthaeus
608 3623 675 3682 satis
694 3621 798 3682 hahuit
816 3621 913 3685 locum
934 3635 1048 3685 notare.
1079 3627 1119 3684 tte
1138 3645 1206 3707 qma
1218 3647 1345 3708 graece

195 3696 360 3774 scrihebat,
385 3711 533 3779 receptam
554 3698 713 3759 lectionem
732 3719 762 3758 se
786 3711 870 3760 nutus
891 3713 943 3762 est.
981 3702 1057 3761 Nam
1078 3721 1110 3761 ex
1130 3701 1188 3762 hoc
1208 3701 1284 3764 loco
1312 3723 1349 3770 et

196 3772 335 3834 similibus
354 3774 496 3856 colligere
516 3786 687 3855 promptum
706 3720 820 3850 estlin
845 3797 881 3836 ua
900 3777 1037 3842 hebraica
1058 3798 1120 3836 non
1140 3777 1229 3838 luisse
1246 3801 1347 3844 com.

194 3850 324 3928 positum
343 3849 380 3908 ah
400 3871 438 3910 eo
457 3849 661 3940 Evangelium.
709 3851 806 3912 Porro
822 3797 884 3913 hoc
903 3873 1020 3933 semper
1040 3854 1255 3916 observandum
1280 3875 1348 3938 est,

195 3928 312 4003 quoties
336 3925 457 4004 aliquod
482 3926 651 4008 Scripturas
678 3928 878 3989 testimonium
901 3930 993 3988 citant
1011 3929 1165 4008 Apostoli,
1196 3939 1347 4010 quamvis

193 4021 256 4062 non
286 4002 413 4062 reddant
439 4003 562 4064 rerhum
586 4025 619 4064 ex
644 4003 753 4079 verbo,
791 4005 851 4064 imo
878 4005 1024 4072 interdum
1050 4007 1140 4088 longe
1166 4007 1349 4090 discedant,

194 4089 397 4159 congruenter
420 4089 518 4140 tamen
544 4091 575 4140 et
599 4079 732 4161 apposite
757 4079 792 4141 ab
820 4080 876 4141 illis
904 4083 940 4142 ad
967 4085 1374 4152 causamaccommodartx

196 4154 298 4227 Quare
318 4173 377 4213 sem
402 4175 442 4214 er·
453 4155 606 4216 attendant
624 4157 768 4231 lectores,
794 4178 932 4237 quorsum
953 4159 1099 4218 adducant
1118 4160 1345 4242 Evangelistae

192 4227 363 4317 scripturae
379 4175 488 4306 locos,
518 4253 556 4292 ne
581 4231 751 4312 scrupulose
776 4233 808 4292 iu
833 4233 955 4314 singulis
976 4232 1072 4294 verbis
1092 4235 1243 4315 insistant,
1281 4247 1346 4306 sed

191 4313 325 4362 contenu
345 4304 403 4387 siut
423 4307 479 4367 hoc
499 4325 576 4383 unq,
596 4309 675 4388 quod
696 4308 847 4400 Scriptura
868 4331 1018 4388 nunquam
1036 4310 1072 4371 ah
1093 4311 1149 4370 illis
1170 4323 1217 4370 tor
1243 4330 1347 4381 uetur

192 4375 226 4438 iu
243 4377 370 4442 alienum
388 4402 516 4462 sensum,
534 4386 586 4447 aed
606 4385 728 4466 proprie
746 4405 778 4447 m
798 4385 1189 4468 genuinumusunraptatm.
1256 4411 1344 4460 orro

1205 4671 1220 4700 Ι
