2790 4838
400 255 654 317 anosrononuu
673 269 876 329 rusa-murto.
1150 259 1209 322 249

16 377 17 414 l
71 409 192 473 deferre
219 427 308 490 quarn
332 409 389 488 ipsi
412 408 502 470 Deo?
540 407 596 468 iam
621 408 690 468 binc
715 409 862 487 sequitur,
893 409 1006 471 abiecta
1032 407 1153 470 coelesti
1179 419 1209 468 et

71 501 195 548 aeterna
219 487 300 562 vita,
329 487 388 547 boc
416 485 504 545 nobis
529 485 666 547 duntaxat
685 499 739 544 nos
760 486 856 546 lacere
877 487 1040 562 residuum,
1069 496 1103 544 ut
1122 483 1209 544 simiis

70 563 239 646 pecudibus
259 561 374 622 similes.
421 562 516 622 Penes
535 560 631 621 Deum
651 583 742 622 unum
762 574 890 642 potestas
910 577 953 624 est
972 573 1110 622 aeternae
1130 561 1207 622 vitae

70 653 102 700 et
120 640 245 700 mortis:
267 661 333 700 eum
353 659 391 700 ne
413 638 545 730 ligimus,
565 638 631 717 quia
651 659 706 698 nos
727 638 789 698 abri
813 638 836 698 it
855 638 1005 700 hominum
1024 639 1122 698 timor.
1160 637 1209 696 An

70 739 133 778 non
154 716 238 778 clarc
258 728 350 797 patet,
369 661 461 797 plhns
482 734 543 776 esse
563 713 649 774 nobis
661 659 847 776 umbratiliem
859 716 992 796 corporis
1004 718 1103 789 vitam,
1123 735 1210 795 quana

71 806 230 853 aeternnm
258 793 378 854 animae
395 804 516 864 statum,
549 790 608 850 imo
635 791 845 853 coelestellei
864 813 989 930 repnum
1009 792 1103 852 nihilo
1124 791 1211 852 nobis

72 891 135 930 csse
155 889 232 950 prae
253 868 352 951 logaci
372 881 403 947 et
427 868 549 928 evanida
590 863 729 928 rae'seutis
747 867 824 929 sitne
844 893 892 928 um
916 869 967 932 ra?
997 869 1047 929 Sic
1068 889 1141 950 ergo
1161 887 1209 927 re-

72 945 147 1005 solvi
168 943 285 1006 debent
303 945 394 1008 verba
415 943 539 1018 Christi,
565 888 727 1036 Kgooscite
744 944 829 1006 vobis
849 948 929 1007 datas
948 967 1010 1006 esse
1030 943 1210 1006 immortales

73 1023 204 1098 animas,
224 1043 301 1102 quae
320 1023 406 1082 unios
424 1021 483 1082 Dei
503 1019 627 1082 arbitrio
645 1019 793 1082 subiectae
813 1023 843 1083 iu
864 1024 1015 1083 hominnm
1034 1032 1211 1114 potestatem

73 1121 135 1158 non
155 1099 293 1160 veniunt.
331 1101 428 1179 Atque
451 1098 490 1157 ita
510 1095 597 1158 nullis
615 1097 778 1156 terroribus
798 1099 843 1158 vel
863 1101 948 1163 minis
968 1100 1118 1160 hommum
1138 1097 1210 1158 lides

74 1189 169 1236 vestra
192 1175 374 1236 succumbet.
414 1165 477 1250 Qui
497 1174 530 1232 fit
549 1171 643 1247 enim,
667 1184 701 1232 ut
720 1173 750 1232 in
770 1176 910 1237 conflictu
928 1175 1096 1257 praevaleat
1115 1173 1211 1235 homi·
1307 1200 1311 1214 ·

74 1274 144 1312 num
172 1252 282 1325 timor,
311 1252 367 1314 nisi
392 1251 474 1331 quod
492 1249 605 1310 animae
624 1248 790 1329 praefertur
808 1271 932 1332 corpus,
960 1265 992 1312 et
1010 1251 1212 1312 immortalitas

15 1403 16 1406 Ἴ
74 1331 206 1388 caducae
238 1329 315 1393 vitae
366 1323 554 1390 ostbabetur?
592 1327 666 1386 ldeo
697 1327 861 1406 emphatica
891 1340 936 1388 est
964 1327 1104 1420 repetitio
1133 1327 1212 1386 and

15 1415 16 1424 ¹
73 1405 199 1480 Lucam,
224 1405 307 1465 (lom
344 1411 388 1466 ion
408 1403 496 1479 uobis,
515 1400 590 1462 bunc
608 1404 793 1464 aimetes'acsi
806 1404 924 1466 dixisset
936 1403 1079 1478 Christus,
1097 1348 1211 1464 nullom

76 1482 164 1542 nobis
185 1503 252 1542 esse
272 1483 331 1544 Dei
350 1469 534 1562 respectum,
580 1479 675 1540 uoties
693 1479 907 1540 succumbimus
927 1481 1077 1541 hominum
1098 1478 1211 1540 dmori:

76 1569 184 1620 contra
202 1555 231 1618 si
249 1558 349 1618 Deum
369 1578 548 1632 reveremur,
559 1500 682 1616 lacilem
703 1556 788 1616 nohis
809 1556 839 1616 io
859 1577 947 1618 maon
966 1577 1028 1618 esse
1049 1555 1212 1630 victoriam,

75 1655 113 1695 ne
139 1635 203 1696 nlla
229 1635 274 1696 sis
301 1634 453 1697 bominum
478 1631 514 1694 ab
541 1632 642 1694 ollicio
669 1653 724 1694 nos
748 1633 883 1694 abducat.
927 1634 1025 1695 Porro
1042 1633 1212 1712 ‘temporum

76 1711 213 1772 omnium
234 1712 412 1792 experientia
432 1712 531 1783 docet,
571 1731 636 1770 nam
655 1709 818 1770 necessaria
838 1710 876 1770 sit
896 1708 1006 1772 Christi
1024 1709 1163 1770 ministris
1183 1717 1213 1767 et

77 1789 109 1848 in
127 1808 245 1870 genere
266 1789 321 1868 piis
341 1809 460 1868 quoque
481 1787 560 1848 omni
582 1809 616 1846 us
635 1787 706 1848 haec
727 1787 907 1848 exhortatio:
927 1787 1040 1848 nullum
1060 1787 1137 1848 enim
1157 1785 1213 1846 luit

77 1878 213 1960 tempus,
237 1885 297 1944 quo
317 1886 380 1925 non
399 1885 430 1924 se
448 1862 596 1924 violenter
622 1862 778 1924 extulerint
797 1863 931 1926 homines
950 1866 1085 1925 adversos
1105 1863 1213 1938 Deum,

78 1955 109 2002 et
126 1941 326 2023 Evangelium
346 1942 473 2002 obruere
494 1939 591 2000 conati
610 1941 677 2001 sint:
720 1940 791 2000 Non
811 1961 913 2002 omues
934 1941 1050 2022 quidem
1072 1941 1110 1999 ad
1129 1940 1212 2000 incn-

78 2020 215 2080 tiendum
234 2019 337 2078 mortis
356 2031 502 2078 terrorem
521 2017 583 2107 pari
604 2016 706 2078 manati
726 2029 795 2077 sunt
814 2019 961 2098 potentia,
986 2018 1088 2080 sedin
1108 2015 1213 2078 maiori

78 2116 206 2156 numero
226 2107 333 2177 regnat
344 2093 506 2176 Cyclopica
526 2107 579 2154 asta
597 2094 707 2168 feritas,
727 2115 802 2172 quae
823 2096 888 2156 data
908 2095 1064 2156 occasione
1082 2094 1213 2154 exsultat

78 2173 178 2254 Saepe
210 2171 299 2232 etiam
326 2172 461 2254 gigantes
492 2170 583 2230 Satan
612 2171 770 2246 subornat,
809 2170 846 2230 ad
872 2192 997 2258 qporum
1022 2181 1214 2250 conspectum

80 2251 228 2310 exanimes
248 2249 388 2310 caderent
405 2247 480 2308 servi
501 2245 621 2320 Christi,
640 2247 696 2306 uisi
715 2248 751 2307 ad
770 2246 925 2308 infractam
945 2247 1138 2308 constantiam
1158 2246 1213 2306 bac

81 2327 218 2388 doctrina
242 2323 507 2386 instructi⁸essent
552 2321 709 2384 Caeterum
735 2343 823 2402 quum
849 2344 910 2384 uno
936 2343 1012 2382 nexu
1036 2323 1215 2383 cohaereant

81 2403 142 2464 duo
162 2402 305 2477 membra,
324 2421 478 2482 perperam
499 2398 628 2480 imperiti
649 2399 766 2478 quidam
786 2418 916 2460 seorsum
936 2399 1012 2460 banc
1031 2411 1144 2488 partem
1164 2419 1214 2456 ac-

13 2537 15 2550 ,
82 2481 208 2560 cipiunt,
229 2499 290 2538 non
312 2499 373 2538 esse
393 2477 539 2536 timendos
559 2475 700 2535 homiues.
732 2474 865 2535 Christus
885 2477 963 2537 enim
980 2474 1214 2553 (utramdictum

82 2562 142 2636 est)
165 2575 309 2648 perverso
334 2555 485 2616 hominum
510 2551 627 2622 timori,
658 2551 781 2642 quinos
801 2551 981 2612 aroctavia
1001 2549 1135 2624 abducit,
1164 2570 1214 2608 re-

83 2633 174 2695 media
201 2633 270 2692 loco
296 2631 376 2711 pium
401 2642 592 2708 sanctumque
615 2629 674 2688 Des
698 2627 836 2686 timorem
861 2625 1001 2708 opponit:
1039 2645 1123 2685 secus
1152 2645 1214 2684 non
1252 2631 1257 2644 “

82 2713 195 2772 valeret
215 2708 441 2787 consequentia,
467 2707 499 2768 si
519 2707 626 2776 Deum,
636 2705 806 2778 metuimus,
830 2704 881 2782 qni
900 2702 1033 2783 eorporis
1053 2714 1084 2762 et
1102 2702 1215 2761 animae

83 2787 231 2848 Dominus
250 2796 303 2860 est,
322 2805 385 2846 non
405 2803 467 2846 esse
486 2783 633 2844 timendos
652 2781 795 2855 homines,
816 2801 940 2860 qnorum
960 2791 1088 2860 potestas
1108 2798 1215 2857 corpus

85 2885 146 2925 non
172 2861 362 2922 transcendit.
420 2861 520 2941 Quod'
537 2871 633 2918 autem
659 2857 825 2918 hominibus
848 2856 953 2916 tribuit
979 2855 1117 2918 Christus·
1135 2853 1215 2915 occi-

87 2940 175 3002 dendi
194 2950 382 3020 potestatem,
402 2939 431 3000 id
452 2958 507 3018 per
525 2936 654 3018 speciem
672 2933 869 2996 concessionis
888 2933 998 2994 dictum
1018 2946 1070 2993 est.
1100 2931 1215 2994 Sicin-

105 3019 139 3079 iis
159 3017 243 3078 irena
262 3014 340 3076 laxat
354 3015 453 3093 Deus,
482 3027 515 3074 ut
534 3013 685 3095 potentiae
698 3026 773 3072 'suae
794 3011 898 3072 fiducia
917 3009 1011 3070 inllati
1032 3009 1144 3100 quidvis
1163 3029 1217 3068 au-

85 3037 190 3168 deant,
219 3103 250 3152 et
273 3091 437 3171 percellant
460 3090 548 3150 etiam
567 3089 699 3149 infirmos
718 3089 846 3163 anhnos,
877 3088 942 3148 acsi⁴
955 3085 1066 3166 quidvis
1107 3097 1217 3146 ossent.
1263 3131 1267 3144 .

87 3171 266 3249 Quanquam
285 3189 359 3250 ergo
380 3169 486 3230 lrustra
505 3165 687 3228 insolescunt
704 3164 803 3246 impii,
822 3165 880 3224 acsi
900 3185 1003 3224 eorum
1023 3108 1139 3224 libidini
1159 3161 1216 3222 ob·

87 3248 173 3308 noxia
192 3257 269 3306 esset
286 3246 404 3324 piorum
423 3246 491 3318 vita,
513 3256 543 3305 et
558 3244 639 3303 Deus
658 3243 738 3324 ipsos
757 3253 840 3302 tenet
858 3242 1042 3315 constrictos,
1062 3252 1215 3302 uteorum

87 3321 233 3386 saevitiam
253 3335 284 3382 et
302 3322 450 3384 violentos
468 3321 604 3400 impetus,
623 3319 738 3398 quoties
757 3323 797 3380 ita
816 3318 909 3379 visum
929 3329 983 3392 est,
1002 3329 1149 3378 coerceat:
1171 3315 1216 3376 di·
1266 3367 1270 3380 ,

89 3413 194 3462 cuntur
220 3409 320 3462 tamen
349 3420 435 3479 posse
466 3397 601 3458 occidere
626 3395 687 3456 eius
736 3395 873 3469 ermissu,
905 3395 970 3474 qnia
996 3415 1084 3476 saepe
1114 3413 1215 3452 eorum

88 3477 218 3538 furorem
241 3475 423 3556 impotenter
447 3473 570 3556 grassari
596 3471 673 3532 sinit.
749 3473 834 3532 einde
855 3469 1023 3530 bimembris
1043 3483 1087 3530 est
1107 3468 1218 3531 Christi

88 3553 208 3614 concio:
237 3554 364 3632 primum
388 3552 468 3613 enim
492 3563 525 3610 ut
549 3547 711 3644 corporalis
734 3550 811 3612 vitae
836 3548 975 3610 iacturam
1001 3567 1097 3626 aequo
1117 3545 1219 3604 animo
1294 3565 1320 3608 ¹.

88 3631 167 3695 serre
185 3630 343 3704 dommus,
368 3631 404 3689 ad
425 3640 562 3689 aeternae
582 3638 659 3688 vitae
679 3637 709 3684 et
729 3625 831 3685 mortis
850 3625 988 3685 intuitum
1007 3643 1062 3682 nos
1082 3631 1215 3682 reuocat:

89 3708 194 3800 deinde
255 3705 362 3797 adatim
386 3706 442 3770 hnc
469 3723 588 3784 quoque
614 3701 780 3778 descendit,
809 3701 886 3762 vitae
911 3713 1030 3761 nostrae
1054 3695 1216 3758 custodiam

89 3803 151 3846 esse
169 3806 200 3843 ιιι
252 3804 280 3844 er
299 3805 397 3844 manu.

162 3867 210 3926 29.
249 3861 355 3920 Nonne
377 3857 437 3918 duo
448 3879 583 3934 passeres
600 3869 652 3918 eto.
691 3853 777 3918 Ultra
796 3854 986 3938 progreditur
1007 3849 1156 3921 Christus,
1185 3859 1219 3908 ut

90 3937 146 3998 iam
164 3937 315 4012 admonui,
333 3949 477 4017 tyrannos
496 3932 678 4014 quantumvis
697 3931 844 4012 insaniant
863 3951 900 3990 ne
920 3931 950 3990 in
972 3949 1078 4007 corpus
1099 3925 1217 4004 quidem

92 4014 198 4076 habere
218 4014 375 4094 quicquam
394 4011 561 4093 potestatis:
593 4029 749 4089 perperam
767 4007 857 4089 igitur
877 4007 972 4068 lacere
993 4023 1066 4094 eos,
1086 4001 1136 4082 qui
1156 4019 1218 4064 me-

92 4103 176 4151 tuunt
201 4090 355 4152 homiuum
378 4089 544 4162 saevitiam,
573 4085 632 4146 acsi
651 4105 713 4146 non
733 4096 831 4144 essent
848 4084 879 4143 in
898 4081 989 4142 tutela
1008 4081 1075 4140 Des.
1114 4080 1218 4159 ltaque

92 4167 121 4227 in
146 4167 283 4248 periculis
310 4167 380 4228 baec
405 4165 492 4226 nobis
515 4173 652 4225 occurrat
669 4161 796 4222 secunda
816 4157 996 4220 consolatio:
1029 4177 1118 4237 quum
1137 4157 1219 4218 Deus

94 4257 187 4305 custos
212 4245 251 4306 sit
276 4243 351 4304 vitae
371 4253 504 4315 nostrae,
534 4252 600 4300 tuto
620 4257 706 4318 posse
725 4259 780 4298 nos
798 4235 970 4298 recumbere
989 4233 1019 4299 in
1040 4233 1100 4293 eius
1120 4233 1220 4315 provi-

95 4321 206 4396 dentia,
231 4321 290 4384 loro
312 4321 376 4382 fieri
393 4319 437 4381 illi
456 4317 607 4392 iniuriam,
626 4315 682 4375 nisi
701 4315 788 4374 vitam
808 4324 937 4374 nostram
956 4311 998 4374 illi
1018 4311 1219 4394 permittimus,

95 4398 173 4463 curios
190 4419 289 4464 coram
310 4397 418 4460 habere
438 4397 597 4480 dignatate
612 4389 722 4454 Verum
735 4391 794 4454 Dei
813 4389 1027 4474 providentiam
1045 4387 1222 4472 generaliter
