2766 4840
487 261 619 314 cnursrr
639 269 827 342 vammum.
1155 277 1156 280 ¹
1179 269 1234 332 291

79 417 139 488 tes,
166 410 321 488 Domine,
349 408 506 488 Domine,
534 414 624 498 aperi
651 410 754 478 archis.
802 413 851 478 12.
880 414 922 478 At
951 411 1009 482 ille
1036 416 1239 502 respondens

79 518 133 592 ait,
167 515 271 581 Amen
301 514 374 581 dico
401 513 510 594 vobis,
542 515 609 581 hou
636 520 713 582 novi
742 537 810 581 vos
865 513 915 580 13.
950 517 1090 603 Vigilate
1121 521 1240 607 itaque,

77 621 151 705 quia
190 621 320 686 nescitis
361 617 446 684 diem
487 639 594 704 neque
629 619 755 695 horam,
792 623 825 684 in
862 637 926 706 qua
959 619 1063 687 Filius
1102 619 1239 690 bominis
1325 633 1333 654 ⁸

75 723 192 788 reniet.
1120 736 1133 752 '

151 939 330 1019 Quanquam
350 941 456 1000 eodem
478 940 540 998 lere
560 939 657 1000 tendit
676 918 747 998 hacc
768 937 944 1012 exhortatio,
965 937 1069 1018 ‹juosu
1092 942 1172 1004 erior
1191 948 1240 1022 (ιιι
1373 925 1374 932 ¹

74 1015 191 1096 patebit
206 1036 239 1076 ex
255 1016 397 1094 clausula)
439 1016 538 1096 roprie
559 1025 657 1076 umen
678 1014 775 1074 addita
796 1026 851 1092 est,
870 1027 904 1075 ut
923 1013 1024 1077 fideles
1046 963 1089 1080 ad
1123 1040 1238 1082 ersevc-
1282 1015 1286 1022 ¹

73 1091 199 1153 santiam
220 1091 386 1154 confirmet.
417 1037 557 1154 licuerat
573 1092 732 1164 Dominus,
752 1113 838 1171 quarn
859 1113 1007 1173 propensa
1027 1094 1064 1154 sit
1083 1039 1121 1154 ad
1138 1096 1238 1158 molli-

73 1169 144 1228 tiem
167 1169 319 1230 bominum
339 1182 460 1244 natura,
486 1180 573 1248 atque
599 1180 633 1230 ut
657 1167 812 1249 plurimum
834 1168 898 1228 lieri
918 1191 981 1230 non
1000 1170 1102 1246 modo,
1121 1183 1155 1230 ut
1174 1171 1238 1232 lan-

72 1257 216 1325 guescant
234 1246 327 1328 longo
347 1245 490 1326 temporis
510 1256 623 1320 tractu,
641 1245 699 1306 sed
714 1243 812 1306 subito
833 1244 950 1306 fastidio
972 1246 1119 1308 deficiant.
1150 1247 1239 1311 Hunc

75 1321 213 1388 morbum
237 1334 271 1382 ut
295 1323 373 1382 corri
396 1334 478 1396 eret,
504 1321 662 1401 discipulos
688 1341 750 1380 non
771 1320 867 1401 probe
886 1323 1016 1384 munitos
1041 1343 1104 1384 esse
1126 1323 1240 1401 docuit,

72 1399 129 1458 nisi
149 1398 308 1460 tolerantia
327 1399 358 1460 in
375 1343 501 1481 longum
521 1409 634 1479 tempus
655 1398 712 1458 illis
724 1409 878 1478 suppetat.
917 1398 980 1458 Ubi
998 1400 1133 1480 cognitus
1150 1401 1240 1463 luerit
1286 1453 1296 1472 ,

73 1475 119 1536 bic
137 1475 297 1554 parabolae
310 1476 384 1550 finis,
404 1495 466 1534 non
486 1473 609 1534 multum
630 1476 660 1534 in
680 1475 798 1535 minutis
819 1475 939 1556 argutiis
958 1473 1152 1536 laborandum
1173 1479 1239 1555 erit,

73 1571 149 1630 quac
170 1552 242 1611 nibil
266 1551 378 1613 faciunt
397 1553 432 1612 ad
455 1551 566 1612 Christi
585 1563 724 1612 mentem.
763 1551 888 1616 lllultum
908 1573 939 1612 se
959 1564 1102 1632 torquent
1122 1555 1238 1633 quidam

71 1629 102 1688 in
121 1628 266 1702 lucernis,
287 1629 317 1688 in
336 1628 426 1703 vasis,
445 1628 477 1688 in
498 1627 581 1690 oleo:
612 1629 693 1708 atqui
713 1627 835 1708 simplex
855 1641 886 1688 et
902 1628 1032 1720 genuina
1052 1651 1163 1690 summa
1185 1644 1240 1706 est,

71 1725 134 1774 noo
155 1705 291 1766 sulficere
311 1705 408 1766 alacre
429 1704 525 1787 exigui
545 1705 688 1785 temporis
707 1707 852 1780 studium,
871 1705 934 1766 ursi
954 1704 1144 1788 infatigabilis
1164 1729 1238 1768 con-

71 1781 181 1842 stantia
204 1781 289 1842 simul
315 1783 445 1846 accedat.
496 1781 564 1842 lloc
595 1793 691 1842 autem
715 1781 862 1862 aptissima
879 1781 1077 1859 ,similitudine
1104 1783 1239 1864 exprimit

72 1857 218 1918 Christus.
258 1858 353 1920 Paulo
374 1871 443 1920 ante
462 1858 596 1920 hortatus
616 1859 713 1920 suerat
731 1858 901 1939 discipulos,
921 1871 1020 1939 utpcr
1035 1859 1159 1920 obscura
1172 1862 1239 1922 loca

71 1946 102 1996 et
129 1934 301 2018 calliginosa
327 1935 386 1998 itcr
409 1935 515 1996 facturi
541 1935 668 2012 lucernis
692 1936 827 1996 instructi
852 1948 963 1998 essent:
996 1935 1047 1996 scd
1075 1936 1158 2016 quia,
1183 1937 1239 1998 nisi

70 2011 172 2073 oleum
193 2024 389 2104 suggeratur,
414 2012 553 2093 paulatim
579 2015 686 2078 arescit
709 2013 847 2074 lucernae
867 2013 1061 2092 ellychnium,
1084 2026 1116 2074 ct
1139 2015 1239 2076 lumen

71 2110 157 2148 suum
178 2090 292 2149 amittat
332 2091 394 2150 lam
422 2090 493 2150 dicit
513 2087 662 2162 Christus,
689 2089 803 2150 assidua
817 2090 943 2166 ‚virtmis
967 2089 1240 2152 subministratione

70 2185 148 2245 opus
175 2163 284 2224 habere
310 2166 427 2240 fideles,
453 2185 528 2255 quac
554 2167 654 2222 lumen
675 2165 705 2222 in
726 2185 828 2224 eorum
849 2165 988 2225 cordibus
1008 2183 1164 2226 accensum
1190 2166 1237 2227 lo-

69 2252 154 2303 veat:
175 2240 286 2336 alioqui
308 2241 384 2312 lore,
404 2253 437 2300 ut
457 2261 486 2299 m
507 2239 605 2299 medio
625 2239 721 2318 spatio
743 2240 860 2300 deficiat
880 2261 982 2300 eorum
1002 2238 1145 2300 alacritas.

148 2323 177 2381 l.
215 2316 318 2376 Simile
341 2319 395 2374 erit
418 2314 717 2390 wowooelormu.
767 2317 834 2374 lloc
859 2316 982 2376 nomine
1007 2327 1097 2376 status
1123 2316 1238 2378 suturae
1306 2348 1320 2362 κ

68 2391 225 2453 Ecclesiae
250 2391 445 2470 intelligitur,
470 2412 544 2470 quae
564 2390 688 2453 Messiae
709 2391 843 2470 auspiciis
864 2390 1031 2471 colligenda
1052 2403 1123 2452 crat.
1163 2393 1190 2452 T
1192 2393 1258 2454 am'

69 2467 183 2547 insigni
204 2479 300 2528 autem
321 2467 422 2604 elogio
442 2467 508 2526 data
529 2467 735 2602 operantitur
758 2488 806 2526 ,ιιι
827 2469 901 2527 falso
922 2466 1026 2526 beatae
1047 2467 1239 2546 perfectiouis

70 2555 245 2604 commento
272 2563 336 2604 sese
383 2545 426 2604 eci
450 2543 511 2602 iant
530 2543 548 2601 fi
570 2541 639 2602 cles.
678 2543 775 2602 Porro
795 2543 1014 2604 similitudinem
1035 2563 1068 2602 er
1089 2547 1238 2606 communi

71 2621 153 2680 vitae
173 2641 226 2680 usu
246 2621 376 2701 sumpsit.
442 2619 540 2678 uerilis
561 2618 639 2678 enlm
656 2619 831 2700 Hieronymi
852 2632 883 2680 et
900 2615 1038 2678 siniilium
1058 2619 1115 2678 luit
1132 2642 1238 2700 specu-

69 2695 163 2774 latio,
188 2696 238 2775 qui
263 2697 321 2757 boc
348 2697 384 2756 ad
431 2695 585 2777 'giuitatis
610 2695 725 2756 laudem
752 2706 914 2756 traxerunt:
945 2717 1034 2775 quum
1058 2695 1132 2756 nihil
1158 2697 1238 2759 aliud

71 2773 196 2835 Christo
217 2771 307 2836 fuerit
325 2773 640 2854 propositum-quam
666 2773 755 2832 taedii
780 2771 945 2834 molestiam
967 2771 1081 2848 levare,
1108 2775 1184 2852 quae
1203 2795 1239 2834 ex

70 2869 156 2910 mora
177 2849 384 2910 autumemus
405 2848 522 2928 concipi
543 2861 669 2928 poterat.
714 2849 797 2908 Dicit
821 2848 927 2930 igitur,
952 2847 1025 2907 nibil
1049 2869 1081 2908 sc
1107 2870 1123 2908 a
1150 2849 1237 2910 nobis

71 2927 310 3008 exigere,.quam
332 2929 412 3007 quod
432 2926 523 3007 vulgo
544 2925 643 2988 amicis
664 2927 804 3006 praestari
823 2926 900 2988 solet
919 2925 950 2984 in
969 2925 1098 2986 sollenni
1112 2926 1169 2985 ritu
1181 2948 1237 2988 nu·
1272 2947 1276 2958 ·

71 3003 210 3083 ptiarum.
250 3005 314 3064 Usu
334 3016 431 3064 autem
451 3013 601 3083 receptum
623 3014 700 3078 erat,
721 3015 753 3062 ut
772 3003 899 3084 virgines
919 3004 934 3080 (
957 3021 1011 3061 uae
1032 3013 1152 3064 tenerae
1170 3015 1240 3063 sunt

72 3101 107 3140 ac
130 3080 287 3158 delicatae)
307 3101 447 3162 sponsum
468 3078 592 3140 honoris
611 3100 696 3140 causa
712 3081 741 3138 in
759 3079 916 3138 thalamum
930 3022 1119 3138 deducerent.
1160 3079 1238 3140 Cae-

70 3169 170 3216 terum
189 3157 220 3216 in
241 3177 280 3217 eo
299 3158 425 3218 vertitur
442 3177 553 3216 summa
577 3156 753 3235 parabolae,
779 3157 860 3236 quod
879 3176 941 3216 non
961 3156 1029 3216 satis
1049 3167 1094 3216 est
1113 3155 1150 3216 ad
1170 3157 1239 3217 olfi-

71 3234 151 3294 cium
176 3232 267 3294 semel
291 3235 440 3294 accinctos
467 3233 556 3292 luisse
582 3244 614 3292 et
639 3245 775 3314 paratos,
808 3232 865 3292 nisi
891 3233 925 3292 ad
951 3231 1040 3292 finem
1066 3253 1159 3313 usque
1184 3234 1238 3293 du-

69 3331 133 3370 rm
170 3347 178 3368 a

86 3331 101 3372 e
134 3331 181 3452 ud.
222 3385 355 3468 Quinque
368 3383 536 3462 prudentes.
572 3387 612 3445 ln
632 3379 690 3446 sme
711 3385 834 3467 proximi
856 3385 958 3466 capitis
975 3384 1162 3464 peculiariter
1171 3384 1237 3444 Do·
1267 3425 1272 3433 ι

71 3464 169 3524 miuus
194 3484 298 3544 sapere
325 3461 445 3523 volebat
463 3483 663 3526 oeconomos:
698 3463 765 3542 quia
791 3483 916 3552 aequum
943 3473 1000 3536 est,
1024 3472 1058 3520 ut
1077 3481 1136 3540 quo
1178 3461 1237 3520 uis.-

74 3560 135 3630 que
154 3539 219 3620 plus
239 3539 339 3622 operis
358 3538 496 3626 sustinet,
517 3539 598 3599 etin
618 3541 715 3600 arduis
733 3559 772 3598 ne
794 3539 862 3598 otius
883 3549 1029 3612 versatur,
1049 3556 1086 3597 eo
1106 3480 1237 3618 pruden-

73 3628 130 3677 tius
149 3636 182 3677 sc
201 3628 294 3698 gerat.
333 3617 419 3676 Nunc
439 3629 537 3677 autem
557 3614 594 3676 ab
615 3615 751 3676 omnibus
762 3559 821 3675 liei
841 3615 907 3674 liliis
927 3613 1112 3702 prudentiam
1131 3611 1161 3670 in
1170 3633 1235 3748 ge-

73 3713 147 3754 nere
166 3692 306 3772 requirit:
336 3712 374 3753 ne
398 3693 509 3753 scilicet
527 3691 746 3753 inconsiderate
765 3693 880 3752 ruendo
900 3691 1027 3750 Satanae
1046 3709 1078 3748 ιιι
1097 3707 1169 3768 prae
1190 3709 1234 3748 am

72 3791 105 3829 se
125 3780 284 3849 exponant.
323 3769 408 3828 Hanc
433 3790 505 3829 vero
531 3768 707 3849 prudentiae
726 3768 854 3850 speciem
874 3766 1024 3848 designat,
1048 3775 1082 3823 ut
1100 3783 1236 3826 necessa·
1285 3826 1290 3832 ,
1373 3793 1374 3796 “

73 3846 125 3907 riis
144 3845 280 3908 subsidiis
300 3865 331 3906 se
350 3844 494 3906 instruere
514 3857 619 3906 curem
637 3845 674 3906 ad
692 3845 893 3926 peragendum
904 3842 980 3902 vitae
991 3861 1115 3902 cursum.
1144 3841 1237 3900 Tem-

72 3943 128 4003 pus
149 3921 228 3982 enim
249 3921 378 4003 quamuis
398 3920 489 3983 breve
507 3931 564 4002 pro
583 3921 785 4002 impatientiae
804 3931 923 3980 nostrae
942 3917 1061 3978 fervore
1081 3915 1166 3976 nitaris
1187 3916 1236 3977 diu

72 3999 208 4080 protrahi
228 4000 358 4061 videtur:
379 3998 486 4058 deinde
507 4020 541 4060 ea
561 4009 605 4058 est
625 4010 727 4059 nostra
748 3997 858 4077 inopia,
879 4015 953 4074 qliae
973 3991 1109 4052 subsidiis
1128 3992 1160 4052 in
1174 3993 1252 4052 siu--

72 4075 142 4154 gula
162 4089 311 4137 momenta
332 4086 426 4160 egeat.
445 4121 449 4140 ,
1034 4135 1038 4149 ἱ

151 4159 179 4218 h·
220 4151 373 4216 Turum
395 4166 490 4212 cutm
512 4172 629 4228 sponso.
683 4150 774 4226 Quod
801 4146 941 4208 dormitio
966 4167 984 4206 a
1007 4145 1180 4224 quibusdam
1204 4144 1235 4202 in

74 4229 181 4290 malam
201 4243 314 4310 partem
334 4229 468 4303 trahitur,
488 4227 571 4309 quasi
590 4226 690 4290 fideles
711 4243 769 4286 una
789 4247 854 4285 cum
875 4223 937 4284 aliis
956 4221 1111 4282 socordiae
1130 4242 1162 4282 se
1182 4220 1234 4280 de·
1286 4259 1297 4298 ,

74 4308 157 4380 dant,
177 4317 208 4366 ct
226 4307 405 4368 indormiant
424 4304 599 4366 vanitatibus
618 4304 737 4378 saeculi,
756 4301 895 4361 aClrristi
908 4312 1008 4360 niente
1025 4310 1054 4358 et
1074 4297 1235 4378 parabolae

76 4393 214 4444 contextu
236 4404 354 4463 prorsus
375 4383 501 4444 alienum
522 4393 575 4446 est.
614 4379 801 4460 Probabilius
822 4375 954 4440 essetde
974 4388 1071 4436 morte
1090 4376 1235 4454 accipere,

968 4454 1033 4520 ιι*
1089 4477 1107 4492 ··
