2764 4854
179 235 238 300 aso
352 323 355 330 ¹
405 225 521 290 SECT.
542 227 622 288 xlx.
663 241 932 321 cnmsrxxrsssxo
953 241 995 291 rr
1016 241 1122 304 unns„

100 407 104 418 ·
181 373 322 464 suamque
341 400 463 462 operam
482 364 662 443 subduceret
679 381 730 442 ind
814 425 823 456 ‚
848 401 914 443 eum
934 382 1057 465 triginta
1081 381 1235 465 argenteis
1261 386 1348 446 aesti-

181 471 308 524 marunt.
347 461 446 540 htqne
467 458 514 518 hic
534 469 721 555 contemptus
730 401 873 520 l'g‘iiliei
893 471 1041 521 extreme
1060 479 1168 521 eorum
1187 459 1350 540 impietatis

183 537 315 600 cumulus
341 535 405 596 tuit.
443 537 573 596 betium
596 540 746 597 ιιιιιιιιιαιέ.
785 536 950 596 Matthaeus
974 536 1066 598 verha
1098 537 1264 598 Zachariae
1283 546 1350 598 'non

182 615 290 676 relert:
312 613 380 693 quia
392 617 516 673 *tantum'
533 613 570 674 ad
589 613 793 694 metaphoram
805 611 918 708 alludit7
936 612 991 673 suh
1006 634 1063 693 qna
1074 611 1135 675 illic
1149 613 1302 675 Dominus
1316 617 1351 679 de

183 691 289 773 populi
308 691 520 772 ingratitudine
545 689 748 770 conqueritur.
788 688 908 750 Summa
931 701 1031 750 umen
1052 690 1158 752 eadem
1181 701 1243 766 est,
1263 713 1351 770 quum

182 791 214 830 se
234 779 315 828 totos
334 788 445 858 suaque
465 766 565 827 omnia
585 765 730 827 deberent
749 765 852 826 Iuda‘ei
864 765 1009 842 Domino,
1029 787 1092 828 non
1112 767 1179 828 sine
1195 779 1352 828 contume-

184 846 223 905 lia
243 867 308 906 cum
328 845 427 905 servili
452 845 589 905 mercede
609 865 676 904 eum
696 843 861 926 ablegasse:
882 843 939 904 acsi
959 843 1053 904 nihilo
1073 843 1141 924 plus
1162 855 1213 904 tot
1232 845 1351 905 neena

182 923 262 1004 ipsos
281 921 477 1006 gubernando
496 922 618 981 meritus
638 921 728 996 toret,
748 939 834 1001 quam
856 919 1000 981 bubulcus
1021 921 1169 1012 quispiam
1180 921 1275 982 unius
1287 923 1351 982 anni

176 999 373 1140 aaut
386 1018 460 1135 “n
480 1010 543 1136 aa
558 997 875 1136 linteata
1129 1019 1228 1078 u*
1252 998 1352 1134 ”aa

184 1099 233 1138 aes
248 1099 287 1136 rm
328 1099 382 1134 tt.
505 1098 523 1135 n
707 1098 758 1134 ιιι
834 1098 843 1133 ι
1222 1097 1245 1134 n

183 1153 296 1230 Israel,
322 1153 475 1214 indefinita
501 1163 546 1214 est
568 1151 714 1232 loquutio.
744 1152 840 1212 =ludas
861 1095 1162 1212 ’sumcerdotihns
1252 1152 1352 1234 lgent

184 1230 234 1314 qui
254 1229 359 1312 populi
378 1229 469 1290 totius
489 1249 600 1290 nomen
613 1249 646 1288 ac
657 1249 813 1310 personam
826 1227 1023 1288 sustinebant:
1044 1227 1086 1287 ita
1105 1228 1211 1288 licitan
1259 1229 1350 1288 uslu-

184 1309 264 1368 daeis
284 1307 367 1387 qnasi
387 1307 543 1390 praeconis
563 1325 645 1367 voce*
658 1305 788 1368 addictio
808 1303 906 1366 luerat
925 1303 1069 1366 Christus.
1095 1304 1237 1387 Dignum
1257 1316 1350 1365 autem

184 1385 313 1466 pretinm
333 1383 401 1456 tuit,
422 1384 502 1463 qndd
523 1383 616 1466 figulo
637 1381 765 1443 daretur.

260 1467 307 1526 10.
346 1461 429 1520 Simu
446 1463 598 1521 emelinde
637 1459 703 1519 llac
728 1457 870 1540 particula
897 1457 1052 1520 confirmat
1075 1457 1269 1532 Matthaeus,
1294 1479 1349 1518 nor

183 1537 246 1599 sine
256 1537 315 1598 Dei
335 1537 522 1618 providentia
541 1537 600 1599 hoc
620 1557 682 1599 esse
703 1536 827 1597 iactum:
848 1535 917 1616 quia
937 1535 1005 1596 dum
1026 1535 1086 1596 alio
1105 1535 1252 1610 tendunt,
1271 1536 1349 1596 inscii

184 1614 337 1696 complent
355 1625 438 1674 vetos
459 1614 618 1675 oraculum.
656 1615 731 1674 Nam
752 1613 802 1696 qui
822 1613 887 1674 lieri
905 1614 1018 1692 potuit,
1042 1623 1075 1672 ut
1094 1633 1204 1696 agnum
1225 1633 1244 1674 a
1262 1611 1350 1751 lipulo

184 1711 284 1752 emere
303 1691 420 1752 veniret
432 1690 497 1752 illis
516 1692 547 1750 in
567 1697 708 1765 mentam,
727 1691 784 1753 nisi
804 1711 907 1754 eorum
927 1709 1060 1752 errorem
1078 1689 1236 1752 Dominus
1255 1710 1273 1750 a
1309 1688 1349 1750 sni

184 1767 297 1830 decreti
317 1765 536 1829 exsecutionem
555 1767 703 1830 flexisset?
832 1834 835 1844 ,

268 2047 373 2127 (207.)
414 2047 587 2114 ΜΑΤΤΗ.
620 2047 754 2114 xxvtt.
805 2049 855 2116 11.
890 2048 977 2116 lesus
1003 2041 1117 2116 ‘autem
1156 2049 1243 2114 stetit
1275 2059 1347 2112 ante

184 2151 382 2218 Praesidem.
422 2153 468 2230 Et
488 2155 698 2239 interrogavit
721 2174 794 2219 eum
817 2153 967 2232 Praenes,
987 2150 1114 2242 dicens,
1146 2151 1200 2216 Τιι
1219 2167 1252 2214 es
1271 2150 1346 2214 Rex

182 2257 396 2324 ludaeorum?
438 2255 528 2322 Dixit
555 2253 604 2322 illi
631 2257 733 2336 lesus,
765 2257 818 2322 Tu
847 2254 937 2321 dieis.
978 2255 1027 2322 12.
1053 2255 1098 2322 Et
1126 2277 1227 2343 quum
1256 2275 1346 2318 aesn-

183 2369 309 2428 saretur
330 2380 349 2424 a
370 2355 573 2444 principibus
598 2359 805 2426 sacerdotum
834 2371 866 2428 et
887 2360 1084 2438 senioribus,
1109 2359 1198 2426 nihil
1218 2379 1345 2443 respou-

184 2464 240 2530 dit.
283 2462 333 2528 13.
352 2462 448 2526 'l'une
467 2461 548 2527 dicit
566 2461 616 2528 illi
636 2462 777 2542 Pilatus,
798 2461 875 2529 Non
898 2464 1002 2541 audis,
1029 2485 1129 2552 quam
1151 2461 1256 2528 multa
1277 2483 1345 2526 eon-

183 2579 232 2634 tra
254 2577 286 2640 te
314 2565 548 2632 testificantur?
581 2565 640 2632 ’14.
661 2567 703 2632 Et
728 2587 796 2634 non
819 2567 992 2652 respondit
1018 2571 1049 2634 ei
1077 2565 1122 2634 ad
1150 2565 1257 2632 ullum
1283 2585 1346 2630 ver·

183 2671 268 2752 hum,
289 2674 333 2738 ita
355 2681 390 2736 ut
411 2671 580 2738 miraretur
601 2667 736 2736 Praeses
756 2667 975 2736 vehementer.
1038 2675 1042 2682 '

253 2851 408 2922 ‘Mauo
428 2855 500 2919 XV.
542 2853 572 2918 2.
593 2853 635 2920 Et
657 2855 866 2942 interrogavit
888 2875 961 2920 eum
982 2851 1122 2932 Pilatus,
1144 2855 1212 2920 ‘lix
1228 2875 1265 2920 es
1285 2855 1344 2918 ilex
1376 2923 1377 2936 p

182 2955 397 3024 ludaeorum?
439 2956 482 3022 At
513 2953 570 3022 ille
600 2955 804 3041 respondens
832 2955 911 3022 dixit
937 2954 998 3036 illi,
1029 2957 1083 3022 Τιι
1115 2955 1211 3026 dieis.
1258 2959 1288 3024 3.
1311 2957 1343 3022 Et

184 3060 380 3127 aocusahant
408 3081 482 3125 eum
509 3061 672 3146 principes
706 3061 910 3128 sacerdotum
937 3059 980 3126 de
1007 3059 1125 3127 multis.
1167 3063 1201 3128 4.
1232 3061 1344 3126 Pilatus

185 3171 291 3228 autem
312 3185 422 3230 rursus
450 3165 660 3250 interrogavit
685 3185 773 3244 eum,
799 3164 925 3243 dicens,
952 3163 1030 3230 Non
1056 3164 1246 3252 respondes
1267 3169 1344 3253 qnie-

184 3269 301 3354 quam?
331 3287 407 3332 ecce
436 3289 531 3354 quam
556 3267 656 3334 multa
682 3267 836 3342 adversus
857 3280 889 3335 te
916 3277 1081 3334 testantur.
1124 3269 1155 3334 5.
1178 3269 1273 3336 lesus
1298 3291 1346 3333 an·
1375 3337 1376 3350 p

185 3381 251 3439 tem
267 3369 391 3437 deinde
413 3369 495 3437 nihil
516 3370 702 3457 respondit,
723 3373 808 3440 adeo
830 3385 866 3440 ut
885 3375 1056 3440 miraretur
1070 3372 1225 3440 Praeses.

268 3555 371 3624 LUC.
401 3557 513 3622 xxltt.
554 3555 585 3622 2.
608 3554 803 3646 Coeperunt
823 3567 928 3624 autem
954 3579 1027 3624 enm
1047 3579 1217 3634 accusare,
1237 3556 1348 3622 dioen-

184 3673 246 3740 tes,
278 3663 375 3726 Hunc
406 3657 680 3746 deprehendimus
713 3674 910 3730 evertentem
942 3671 1087 3749 gentem,
1118 3683 1158 3728 aa
1185 3671 1347 3728 vetantem

183 3763 303 3831 trihuta
326 3764 396 3830 dari
418 3750 771 3846 Caesari,'dieentem,
798 3786 833 3831 se
856 3765 1020 3834 Christum
1042 3765 1167 3854 Regem
1195 3785 1278 3830 esse.
1321 3768 1348 3827 ³.

127 3865 132 3876 '
183 3863 305 3932 Pilatus
328 3879 435 3936 autem
461 3871 673 3954 interrogavit
694 3891 782 3948 eum,
813 3867 941 3946 dicens,
970 3868 1025 3932 Τιι
1046 3889 1082 3934 es
1108 3869 1182 3934 Rex
1211 3867 1347 3934 ludaeo

182 3973 274 4036 rum?
310 3969 367 4038 ille
396 3992 474 4037 vero
502 3971 705 4056 respondens
735 3974 775 4037 ei
795 3971 852 4049 eit,
882 3969 935 4034 Tu
966 3961 1056 4034 diois.
1097 3969 1215 4048 &Ait
1243 3981 1345 4036 autem

183 4069 305 4138 Pilatus
326 4071 368 4138 ad
390 4075 551 4160 principes
577 4075 781 4142 sacerdotum
804 4085 836 4142 et
856 4072 981 4153 turbas,
1007 4068 1100 4140 Nihil
1126 4073 1267 4150 invenio
1295 4091 1346 4136 no

182 4191 242 4237 xae
263 4174 451 4241 in—homine
473 4175 546 4243 hoc.
587 4177 617 4242 5.
635 4178 677 4244 Aa
704 4177 753 4243 illi
774 4175 1032 4256 invalescebant,
1059 4174 1222 4254 dieentes,
1253 4175 1345 4244 Com

182 4287 291 4342 movet
319 4279 490 4365 populum,
519 4279 643 4347 doeens
671 4301 731 4368 per
757 4281 939 4348 universam
967 4275 1135 4357 Iudaeam,
1165 4299 1343 4348 exarsura

142 4428 146 4437 ,
183 4375 333 4444 Galilaea
365 4403 467 4466 usque
506 4383 547 4448 nd
579 4383 665 4452 hune
696 4381 813 4450 losum.
862 4383 891 4448 (i.
927 4379 1048 4448 Pilatus
1089 4391 1199 4450 autern
1241 4379 1343 4448 andita
1373 4407 1374 4460 l

937 4785 942 4802 ,
1035 4756 1051 4790 O
