2778 4838
974 63 979 80 ’
1065 81 1140 212 ’.κ

170 231 212 297 tt
398 227 516 292 stant.
535 227 617 292 xlv.
655 241 833 290 meuse
851 241 895 324 ar
915 239 1100 296 sermones.
1167 288 1169 296 ,

172 366 263 445 candi
282 381 422 474 allectum
442 381 611 443 declarant*
639 380 709 472 N⁰¹l
729 379 810 462 quod
828 400 947 472 semper
965 381 1146 474 necessarius
1161 382 1268 476 slahip
1284 405 1338 468 ge-

171 472 245 534 ⁸²”⁸’
264 470 380 550 ΨΜ*
398 458 924 596 tttttltstll¹3¹tdittrt¹²⁵
937 457 1340 598 ltttttrtltttttdr

171 537 547 750 hedpbbgellaipitzldsptiffl
567 623 611 672 est
629 631 743 672 sursum
761 610 869 672 tollere
886 555 1009 688 bdulos,
1029 611 1099 672 duru
1112 624 1233 686 mentes
1252 616 1338 676 nimis

171 710 205 750 ΙΙΙ
239 708 304 749 em
322 711 355 748 su
379 709 402 747 bl
424 709 463 747 un

250 771 298 830 20.
336 764 520 824 sedularum
536 761 617 845 paud
632 761 830 846 mpufueruit.
869 764 970 840 Quum
990 763 1161 857 reliquiae,
1175 777 1246 856 post
1269 778 1338 827 tau·

173 853 234 902 tam
253 839 406 902 homiuum
425 839 541 902 turbam
561 841 704 917 satiatm,
724 839 789 921 plus
808 841 996 932 duodecuplo
1039 843 1099 902 uod
1118 843 1205 902 instro
1222 863 1336 924 propo-

170 919 260 978 situm
280 917 376 977 luerat
395 918 587 994 excederent,
614 917 672 978 hoc
692 937 754 977 non
773 938 894 998 parvum
914 938 1057 978 muracuo
1078 918 1269 998 splendorem
1290 932 1334 980 at-

171 994 250 1054 tutte
277 992 328 1052 Sic
340 993 419 1072 euim
431 992 764 1069 omnesintellexeruut,
784 993 895 1054 Christi
913 995 1022 1055 virtute
1042 1015 1105 1054 nou
1125 996 1216 1056 modo
1237 1009 1335 1058 creata

172 1070 232 1131 sibi
252 1071 288 1132 de
308 1068 402 1130 nihilo
423 1089 486 1132 esse
506 1070 659 1145 alimenta,
686 1089 760 1150 quae
785 1073 822 1132 ad
842 1082 1028 1149 praesentem
1047 1093 1131 1132 mum
1151 1071 1336 1149 sufficereut,

172 1169 274 1211 verum
295 1145 319 1207 si
335 1166 409 1226 opus
426 1157 511 1220 esset,
552 1147 683 1218 revisum
696 1167 815 1227 quoque
833 1167 895 1208 esse
912 1147 1028 1208 loturae
1045 1148 1226 1208 necessitati:
1247 1149 1336 1209 deni-

172 1245 231 1305 que
253 1222 334 1285 edito
353 1221 496 1284 miraculo
558 1223 643 1284 ristus
658 1222 770 1283 illustre
783 1223 845 1284 eius
862 1223 1072 1286 documentum
1086 1245 1198 1284 rursum
1217 1237 1336 1286 exstare

171 1300 285 1375 votuit,
310 1299 392 1378 quod
416 1299 485 1361 cibo
510 1297 616 1360 relecti
635 1320 691 1380 per
710 1299 803 1359 otium
822 1312 998 1406 sppctarent„
1038 1299 1194 1362 Caeterum
1212 1302 1335 1362 tametsi

172 1397 271 1458 neque
291 1395 382 1457 panes
395 1375 530 1458 quotidie
544 1375 720 1458 multiplicat
732 1375 876 1450 Christus,
895 1396 951 1438 nec
970 1375 1034 1437 siue
1054 1377 1158 1438 labore
1176 1378 1335 1439 manuario

172 1454 222 1515 vel
242 1473 381 1535 agrorum
402 1453 515 1514 cultura
534 1452 629 1535 pascit
646 1453 792 1527 homines,
812 1453 897 1515 huius
911 1463 1009 1513 tamen
1022 1452 1162 1514 historiae
1174 1454 1286 1514 fructus
1297 1456 1336 1516 ad

172 1551 235 1593 nos
248 1549 341 1609 usque
361 1529 514 1612 pertingit.
552 1529 627 1590 Nam
688 1529 727 1589 od
744 1549 806 1588 non
823 1529 1025 1620 perspicimus,
1043 1529 1103 1591 Dei
1122 1530 1337 1592 benedictione

171 1607 276 1690 augeri
295 1606 437 1666 frumenti
457 1605 589 1696 copiam,
608 1551 686 1666 undb
706 1604 793 1666 nobis
812 1617 906 1666 vrctus
925 1617 1077 1686 suppetat,
1100 1617 1215 1666 tanturn
1235 1607 1336 1668 obstat

171 1695 276 1744 nostra
294 1682 431 1744 socordia
451 1693 481 1742 et
500 1677 692 1763 ingratitudo.
732 1681 825 1755 Quod
837 1681 926 1742 etiam
943 1681 1065 1762 sumptis
1077 1682 1223 1744 alimentis
1234 1703 1334 1745 exan-

171 1781 235 1820 nuo
254 1769 403 1840 proventu
421 1777 521 1818 semen
541 1768 642 1828 restat,
661 1778 722 1818 non
742 1758 807 1818 siue
825 1757 950 1819 coelesti
967 1759 1150 1820 incremento
1168 1758 1233 1820 fieri
1252 1761 1334 1838 quis-

171 1855 232 1915 que
251 1845 383 1895 nostrum
404 1854 460 1914 pro
479 1853 510 1894 se
530 1832 663 1908 sentiret,
683 1833 738 1894 uisi
758 1835 861 1895 eadem
880 1834 929 1895 illa
947 1835 1080 1896 obstaret
1098 1836 1236 1914 pravitas,
1256 1857 1331 1916 quae

172 1911 276 1972 oculos
295 1921 355 1970 tarn
373 1910 479 1969 mentis
500 1929 587 1989 quam
607 1909 702 1970 carnis
728 1923 882 1992 excoecat‚
904 1931 946 1971 ne
970 1911 1156 1972 manifestum
1176 1911 1237 1971 Dei
1257 1933 1332 1992 opus

171 1999 304 2048 cernant.
343 1986 441 2047 Porro
456 1985 588 2046 Christus
605 1995 742 2047 testatum
760 1987 864 2063 voluit,
883 1987 968 2048 sic'uti
986 1989 1085 2049 omnia
1104 1987 1147 2048 illi
1164 1989 1197 2048 iu
1214 2009 1332 2050 manum

171 2063 298 2203 al‘ptre
318 2061 385 2124 data
403 2073 487 2140 eunt,
519 2061 560 2124 ita
581 2061 678 2145 cibos,
708 2063 814 2144 quihus
832 2063 993 2142 vescimur,
1022 2065 1110 2127 uobis
1129 2085 1147 2126 a
1165 2086 1218 2127 sua
1238 2067 1333 2148 gratia

172 2160 230 2222 pro
254 2160 333 2202 uere.

254 2453 361 2537 (132)
414 2399 586 2520 MdTl'll.
612 2455 699 2520 xtV.
750 2453 801 2520 22
842 2392 889 2520 El
916 2457 1019 2521 statim
1055 2451 1212 2540 compulit
1241 2455 1333 2522 lesus

173 2555 350 2646 discipulos
372 2559 473 2636 suos}
494 2567 528 2624 ut
550 2556 810 2623 conscenderent
831 2562 961 2636 navim,
981 2568 1013 2625 ct
1039 2557 1277 2645 praecederent
1297 2577 1332 2622 sc

171 2663 208 2728 in
229 2661 416 2728 ulteriorem
434 2663 546 2748 ripam,
568 2659 675 2728 donec
697 2660 869 2741 dimisisset
890 2661 1010 2728 turbas.
1050 2663 1100 2728 23.
1120 2663 1171 2726 Ac
1192 2657 1333 2726 dimissis

170 2764 292 2842 turbis,
325 2763 471 2830 ascendit
496 2767 530 2830 in
558 2775 699 2830 montem
725 2763 816 2831 solua
837 2763 878 2830 ad
900 2764 1072 2831 orandum:
1101 2786 1201 2850 quum
1223 2775 1332 2830 autem

174 2867 358 2939 advenisset
378 2883 533 2952 vespera,
558 2865 647 2932 solus
672 2879 742 2931 erat
763 2865 839 2933 illic.
880 2869 932 2934 at.
959 2867 1134 2936 Caeterum
1155 2871 1249 2933 navis
1270 2870 1332 2933 iam

172 2971 207 3034 iu
229 2968 338 3034 medio
359 2971 455 3035 marie
477 2977 559 3047 erat,
592 2979 625 3034 ct
657 2968 873 3040 alllictabatur
904 2970 946 3036 ab
980 2969 1090 3037 undis:
1119 2991 1194 3034 nam
1216 2981 1332 3036 ventus

98 3133 102 3152 ,
173 3081 243 3135 erat
262 3067 425 3137 adversm
464 3073 515 3138 25.
549 3071 673 3158 Quarta
702 3085 808 3140 autem
833 3079 939 3141 noctis
958 3073 1068 3161 vigilia
1089 3069 1171 3136 abiit
1192 3073 1236 3138 ad
1258 3071 1332 3140 illos

171 3175 275 3250 lesus,
305 3172 472 3240 ambulans
499 3195 597 3260 super
622 3197 721 3242 mare.
771 3176 822 3240 26.
854 3173 897 3240 Et
921 3170 979 3242 ubi
1006 3174 1160 3241 viderunt
1187 3197 1262 3241 eum
1285 3176 1331 3241 di·

172 3275 288 3364 scipuli
315 3299 414 3365 super
439 3298 527 3342 mare
546 3278 780 3358 ambulantem,
806 3276 927 3345 turbati
947 3290 1034 3358 suut,
1062 3277 1224 3356 diceutes,
1252 3279 1332 3364 Spe·

70 3467 74 3477 .
171 3390 274 3447 etrum
302 3393 365 3461 eet,
391 3403 428 3447 ac
456 3401 536 3469 prae
562 3395 651 3449 metu
679 3383 948 3450 exclamaverunt.
987 3383 1039 3449 27.
1068 3381 1134 3446 Sed
1156 3383 1263 3446 statim
1285 3381 1331 3447 lo-

172 3496 292 3573 quutus
312 3496 361 3553 est
380 3484 445 3553 illis
466 3487 570 3566 lesus,
598 3488 724 3566 diceus,
751 3483 935 3562 Confidite,
957 3504 1018 3570 ego
1039 3505 1120 3562 sum,
1147 3501 1191 3546 nc
1214 3492 1330 3546 terres-

170 3592 260 3656 mini.
302 3590 354 3658 28.
390 3589 609 3677 Respondeas
637 3601 742 3656 autem
770 3586 820 3652 illl
846 3588 975 3667 Petrus,
1002 3587 1094 3666 dixit,
1119 3585 1274 3662 Domine,
1300 3588 1329 3650 si

168 3705 206 3760 tu
229 3716 273 3774 ea,
294 3692 406 3760 iubeto
427 3714 479 3757 me
496 3694 543 3774 ‚ad
564 3703 597 3759 te
618 3695 733 3760 venire
753 3711 852 3779 super
873 3711 982 3777 aquas.
1022 3689 1072 3754 29.
1099 3689 1144 3753 At
1163 3685 1219 3752 illc
1242 3685 1331 3766 dixit,

171 3800 285 3872 Veni„
307 3795 351 3864 Et
371 3819 469 3885 quum
491 3794 713 3864 descendisset
734 3816 753 3860 e
774 3799 849 3860 navi
871 3795 1001 3872 Petrus,
1026 3790 1214 3858 ambulabat
1231 3813 1330 3878 super

171 3923 283 3988 aquas,
309 3909 346 3966 ut
371 3903 434 3966 iret
461 3897 502 3965 ad
530 3900 643 3966 lesum.
684 3899 736 3964 30.
770 3895 944 3964 Caeterum
973 3917 1070 3982 quum
1098 3893 1229 3962 videret
1254 3916 1329 3962 ven·

169 4013 236 4068 tum
256 4002 413 4080 validum,
434 4004 564 4067 territus
586 4011 650 4067 est:
680 4013 712 4067 et
733 4023 831 4088 quum
853 4003 1015 4087 coepisset
1035 3985 1189 4085 demergi,
1209 3995 1329 4064 clama-

166 4108 216 4170 rit
240 4104 360 4184 dicens,
389 4105 541 4183 Domine,
576 4127 670 4170 serva
696 4125 757 4170 me.
820 4105 871 4171 31.
905 4103 1075 4171 Continuo
1104 4114 1212 4169 autem
1240 4103 1329 4168 lesus

171 4215 299 4272 autentu
319 4228 418 4274 mauu
439 4207 653 4294 apprehendit
674 4229 762 4286 eum,
789 4219 822 4275 et
840 4208 918 4274 dixit
938 4210 984 4285 ei,
1006 4207 1150 4292 Exiguae
1170 4205 1254 4272 fidei
1275 4205 1330 4271 ho-

169 4330 233 4392 mo,
254 4330 312 4376 cur
331 4307 517 4380 haesitasti?
557 4311 609 4376 32,
636 4310 678 4377 Et
698 4333 796 4400 quum
819 4321 927 4380 esseut
946 4311 1082 4398 ingressi
1102 4313 1225 4390 aanor,
1254 4329 1330 4375 eoo·
