2768 4834
190 153 252 310 tls¹
342 171 345 188 .
399 223 554 288 sncnto
575 222 613 284 v.
651 223 802 286 Musams
821 215 1121 283 lesn'ramounm.

190 406 253 474 per
272 381 420 452 dochina
441 385 521 461 eina,
541 381 618 470 quia
639 401 710 446 cnm
732 370 892 468 potestate
915 379 1106 447 coniunctus
1128 384 1198 444 erat
1218 397 1338 444 sermo

189 489 302 574 ipsius.
342 485 394 551 33.
420 483 464 550 Et
483 487 518 549 in
538 501 704 569 synagoga
726 491 794 547 erat
815 481 916 547 bomo
938 478 1062 544 babens
1084 479 1229 565 spiritum
1253 477 1345 544 dae-

190 591 297 654 monis
322 583 492 651 immundi:
521 594 553 649 et
575 581 762 649 exclamarit
782 602 864 646 voce
883 602 1013 666 magna,
1033 580 1085 646 34.
1107 580 1242 657 Dicens,
1270 581 1346 660 Ab,

192 685 274 776 qnid
300 685 360 754 tibi
381 684 550 752 nobiscnm
578 693 639 763 est,
669 684 743 748 lesu
764 683 955 748 Nazarene?
981 683 1098 747 venisti
1126 679 1167 746 ad
1188 680 1344 768 perden-

192 789 268 856 dnm
289 789 371 854 boa?
391 787 469 852 novi
489 795 538 865 te,
560 787 631 874 quis
652 787 705 863 eis,
725 783 861 849 Sanctus
882 781 1008 849 scilicet
1022 782 1098 847 Dei.
1139 781 1192 848 35.
1217 782 1260 847 Et
1282 785 1341 848 in-

163 877 165 889 *
192 891 337 974 crepayit
357 884 448 954 illum
469 887 573 965 lesus,
594 885 723 964 dicens,
751 882 967 963 Obmutesee,
993 894 1026 950 et
1050 886 1101 950 eri
1122 880 1164 948 ab
1186 902 1237 947 eo.
1288 881 1343 948 Et

193 1000 292 1076 quum
313 989 506 1074 proiecisaet
529 1007 601 1054 enm
628 985 833 1052 daemonium
854 988 888 1052 in
910 985 1065 1064 medium,
1095 985 1170 1049 exiit
1196 981 1238 1048 ab
1261 982 1338 1062 illo,

190 1087 339 1175 nihilque
366 1086 416 1152 illi
436 1090 557 1153 nocuit.
612 1087 664 1154 36.
695 1086 738 1152 Et
764 1085 868 1152 lactus
891 1098 940 1153 est
962 1106 1066 1173 pavor
1086 1106 1185 1173 super
1207 1106 1335 1164 omnes,

132 1187 137 1212 ⁸
192 1211 233 1256 ae
253 1185 528 1276 colloquebantur
547 1189 634 1254 inter
653 1208 734 1266 sese,
755 1185 914 1266 dicentes,
941 1183 1026 1271 Quis
1048 1207 1157 1251 sermo
1184 1185 1238 1250 hie
1261 1191 1336 1253 est?

191 1292 268 1378 quia
295 1311 366 1356 eum
388 1291 578 1356 auctoritate
606 1297 639 1354 et
659 1295 820 1376 potestate
845 1289 982 1376 imperat
1007 1284 1174 1374 spiritibus
1193 1288 1336 1354 immam·

59 1474 67 1489 Ι
192 1391 253 1473 dis,
273 1401 306 1457 et
328 1400 454 1458 exeunt

268 1519 430 1585 Probabile
450 1530 510 1594 est,
534 1518 612 1580 bunc
632 1517 855 1579 daemoniacum
880 1517 969 1578 luisse
991 1537 1081 1576 unum
1106 1536 1141 1578 ex
1160 1516 1248 1581 turba
1267 1517 1332 1600 illa,

191 1599 274 1660 cuius
298 1597 434 1660 meminit
465 1595 553 1678 paulo
579 1605 647 1656 ante
673 1594 847 1655 Matthaeus.
897 1594 958 1656 Sed
987 1613 1050 1654 non
1073 1614 1253 1674 supervacua
1284 1609 1333 1656 est

192 1675 287 1737 Marci
297 1686 327 1734 et
336 1675 434 1734 Lucae
444 1671 585 1746 narratIo,
605 1671 672 1752 quia
686 1671 916 1731 circumstantias
936 1670 1230 1751 quasdumreserunt,
1250 1693 1331 1763 quae

191 1771 256 1812 non
274 1750 372 1812 solum
388 1746 560 1809 miraculum
580 1769 627 1808 ma
652 1747 659 1762 '
692 1746 848 1822 illustrant,
869 1746 922 1814 sed
941 1747 1098 1808 continent
1116 1749 1203 1808 etiam
1224 1750 1331 1810 ntalem

192 1827 366 1888 doctrinam.
409 1826 514 1886 Astute
535 1823 613 1884 enim
646 1834 742 1884 ateurr
762 1824 904 1898 daemon,
931 1822 1079 1884 Christum
1105 1843 1167 1884 esse
1186 1825 1332 1886 Sancum

190 1903 263 1978 Dei,
281 1913 315 1962 ut
324 1901 450 1982 obrepat
461 1899 628 1962 hominibus
641 1899 780 1980 suspicio,
801 1899 911 1994 aliquid
922 1921 988 1962 eum
1000 1899 1109 1962 babere
1127 1922 1192 1961 cum
1203 1899 1330 1964 Christo

190 1977 424 2041 necessitudinis.
474 1977 542 2052 Qua
572 1978 660 2038 etiam
688 1976 804 2038 vafritie
828 1977 1023 2060 Evangelium
1052 1975 1176 2058 subinde
1202 1993 1330 2040 conatus

191 2067 238 2118 est
254 2065 422 2137 suspectam
440 2054 580 2130 reddere,
600 2065 631 2115 et
649 2053 737 2115 bodie
763 2054 839 2114 idem
853 2065 980 2115 ‘tentare
999 2067 1062 2115 non
1082 2053 1203 2115 desistit.
1242 2057 1330 2116 Haec

190 2133 268 2199 ratio
288 2143 347 2208 est,
372 2151 426 2191 cur
444 2151 511 2191 eum
532 2127 665 2192 Christus
691 2141 869 2212 compescat.
912 2131 993 2192 Fieri
1018 2131 1135 2266 qpidem
1154 2143 1269 2210 potest,
1294 2146 1331 2192 ut

190 2209 265 2270 baec
285 2207 328 2269 illi
348 2207 498 2269 confessio
518 2208 667 2268 violenter
686 2228 820 2288 expressa
840 2207 939 2283 suerit,
958 2208 1010 2268 sed
1052 2228 1104 2267 aec
1124 2207 1183 2267 duo
1203 2207 1329 2270 interse

191 2306 255 2346 non
275 2295 423 2370 pugnant,
450 2284 530 2364 quod
552 2283 662 2345 Christi
681 2283 834 2365 potentiae
855 2285 960 2344 cedere
981 2294 1098 2344 coactus
1121 2284 1203 2346 illum
1229 2284 1329 2346 excla-

190 2375 253 2424 mat
271 2383 334 2423 esse
354 2361 495 2422 Sanctum
514 2360 584 2438 Dei,
604 2371 636 2423 et
653 2373 752 2422 tamen
772 2372 866 2421 astute
887 2361 998 2424 Christi
1016 2359 1140 2446 gloriam
1160 2361 1218 2421 suis
1238 2371 1329 2422 tene-

190 2437 252 2500 bris
278 2437 431 2500 involvere
457 2449 590 2499 conetur.
638 2437 810 2498 Notandum
839 2448 884 2499 est
907 2437 1009 2514 etiam,
1037 2437 1079 2498 sic
1110 2458 1177 2498 eum
1203 2435 1328 2502 Christo

189 2515 333 2607 blandiri,
358 2525 392 2576 ut
409 2535 442 2576 se
461 2513 583 2595 oblique
603 2513 639 2574 ab
661 2514 721 2576 eins
747 2535 837 2574 mann
854 2514 1011 2575 subducat:
1047 2525 1135 2593 atque
1155 2515 1213 2576 boc
1232 2517 1327 2576 modo

189 2613 289 2654 secum
319 2613 383 2674 rpse
414 2603 536 2675 pugnat.
596 2589 746 2666 Quorsum
782 2592 859 2652 enim
890 2591 1085 2652 sanctificatus
1114 2604 1159 2652 est
1186 2612 1204 2652 a
1235 2591 1328 2654 Patre

192 2668 338 2745 Christus,
357 2667 413 2729 nisi
433 2681 466 2728 ut
485 2667 619 2729 homines
640 2689 656 2728 a
676 2667 787 2728 diaboli
807 2668 961 2750 tyrannide
980 2666 1108 2729 liberans
1128 2669 1327 2751 eiusregnum

192 2745 324 2808 evemt?
350 2744 426 2833 ,sed
446 2745 513 2824 qnia
525 2743 615 2804 Satan
626 2744 774 2817 virtutem,
795 2766 880 2824 quam
901 2743 957 2805 sibi
977 2745 1121 2804 exitialem
1143 2765 1205 2806 esse
1225 2747 1329 2820 sentit,

189 2819 269 2884 serre
294 2842 357 2883 non
382 2833 490 2901 potest,
516 2818 664 2881 Christum
689 2821 770 2882 inani
802 2821 886 2884 titulo
914 2832 1087 2904 contentum
1116 2821 1269 2902 quiescere
1294 2835 1327 2884 et

190 2899 287 2962 iacere
307 2919 342 2958 cu
367 2907 438 2957 eret.
1129 2909 1133 2919 ’

202 2963 206 2980 ’
266 2918 364 3034 Marci
377 2977 423 3037 22
461 2971 620 3066 Stupebant
641 2993 729 3050 anper·
751 2971 885 3036 doctrino
908 2979 978 3036 eius.
1024 2973 1200 3058 Significant
1223 2977 1326 3038 Evan-

212 3049 331 3127 elistae,
349 3047 496 3110 refulsisse
516 3071 547 3109 ιιι
566 3071 702 3112 sermone
723 3049 835 3112 Christi
855 3052 876 3112 S
899 3053 981 3114 iritus
1001 3051 1153 3126 virtutem,
1175 3073 1250 3132 quae
1270 3075 1326 3113 au-

189 3070 302 3189 ditores
321 3125 409 3188 etiam
428 3123 571 3204 profanos
591 3137 642 3188 aut
660 3127 785 3210 frigidos
805 3129 836 3188 in
857 3075 1080 3190 admirationem
1093 3140 1225 3210 cogeret.
1261 3130 1325 3188 Lu-

190 3223 238 3264 cas
259 3202 340 3278 dicit,
359 3221 526 3264 sermonem
547 3203 608 3264 eius
626 3203 715 3266 fuisse
734 3209 767 3264 in
780 3219 931 3282 maleus,
952 3206 1009 3265 hoc
1030 3217 1074 3266 est
1092 3205 1237 3287 dignitate
1257 3206 1325 3287 ple-

189 3300 269 3340 num.
308 3277 428 3341 Plenius
447 3279 577 3356 Marcus,
598 3281 648 3362 qui
668 3281 826 3342 antithesin
846 3282 940 3358 addit,
963 3281 1128 3342 dissiaailem
1138 3283 1242 3362 fuisse
1259 3305 1324 3343 sea·-

188 3360 270 3418 mont
289 3353 468 3425 &uttam
513 3356 589 3418 Nam
616 3380 702 3438 quum
730 3357 888 3419 adulterini
913 3371 1012 3420 esseut
1031 3358 1202 3439 Scripturae
1227 3358 1324 3420 inter-

189 3443 306 3514 pretes,
329 3432 450 3494 literalis
471 3445 501 3493 et
519 3447 634 3496 mortua
655 3447 718 3496 erat
738 3455 840 3496 eorum
860 3435 1006 3510 doctrina,
1026 3456 1100 3515 quae
1121 3433 1232 3495 nullam
1252 3437 1324 3516 Spi-

188 3509 261 3571 ritus
282 3509 442 3570 elficaciam
461 3511 595 3591 spiraret,
616 3522 646 3572 et
664 3513 695 3572 ln
717 3533 774 3591 qua
793 3510 874 3571 nulla
893 3512 1026 3573 subesset
1037 3511 1181 3572 maiestas.
1223 3511 1323 3588 Quale

188 3587 278 3648 bodie
290 3585 382 3680 frigus
401 3587 432 3646 in
453 3587 630 3668 speculativa
640 3588 682 3650 Pa
706 3601 768 3648 atus
783 3587 936 3672 theologia
950 3609 1021 3648 cons
1044 3588 1122 3649 icere
1132 3588 1225 3649 licet..
1244 3589 1323 3650 Satis

72 3709 75 3716 .
189 3663 307 3744 quidem
331 3663 490 3743 rmperiose
511 3665 654 3725 detonant
676 3609 720 3725 dli
744 3685 788 3724 rna
813 3663 875 3728 istri
901 3610 1041 3758 quicquid
1066 3666 1157 3725 visum
1184 3675 1243 3746 elst,
1269 3669 1322 3728 sed

210 3763 277 3800 uum
297 3742 425 3822 profano
445 3761 529 3801 more
548 3742 679 3823 garriant
699 3742 735 3801 de
756 3685 842 3801 reius
864 3741 984 3818 divinis,
1008 3741 1140 3804 utnulla
1164 3741 1194 3800 in
1216 3761 1321 3802 eorum

187 3761 434 3908 disputationibus
455 3830 595 3898 appareat
613 3818 737 3900 religio,
756 3817 890 3898 putidum
911 3830 956 3880 est
974 3839 1007 3879 ac
1027 3819 1215 3899 nugatorium
1236 3819 1320 3898 quic-

210 3893 258 3953 urd
271 3893 414 3955 atterunt:
434 3895 621 3974 nequeenim
634 3895 739 3962 frustra
759 3895 868 3955 dictum
884 3907 929 3956 est
939 3917 955 3956 a
965 3895 1059 3956 Paulo
1071 3895 1110 3976 (Ι.
1120 3895 1192 3956 Cor.
1205 3903 1235 3971 l,
1247 3899 1322 3971 23),

187 3913 323 4051 hagnam
343 3969 401 4029 Dei
426 3991 489 4030 non
513 3971 544 4031 in
568 3992 723 4046 sennone,
747 3971 850 4032 sedin
868 3971 975 4033 virtute
1001 3992 1063 4032 esse
1088 3971 1228 4051 positum.
1283 3972 1319 4032 ln

187 4065 297 4105 summa
316 4045 484 4128 significant
501 4048 724 4130 Evangelistae,
744 4069 833 4128 quum
852 4059 923 4110 tunc
944 4049 1076 4131 degener
1094 4059 1124 4107 et
1142 4048 1229 4107 valde
1250 4069 1319 4108 cor-

187 4131 290 4199 ruptus
322 4133 399 4182 esset
422 4122 549 4185 docendi
574 4126 694 4200 modus,
746 4125 775 4185 ui
801 4123 881 4184 nulla
904 4124 964 4185 Dei
990 4123 1154 4185 reverentia
1180 4136 1319 4218 tangeret

187 4193 340 4284 homiuum
365 4197 495 4273 animos,
519 4201 550 4260 in
570 4219 706 4262 sermone
726 4147 935 4278 Christianus
958 4201 1052 4262 icuam
1073 4200 1161 4262 luisse
1188 4201 1317 4262 divinam

186 4291 245 4359 arm
260 4269 407 4360 ‘Spiritus
432 4295 506 4353 quae
532 4275 619 4336 fidem
639 4277 683 4337 illi
704 4277 878 4358 acquireret.
955 4297 1007 4337 aec
1028 4287 1073 4338 est
1091 4275 1241 4357 potentia,
1268 4279 1317 4340 vel

186 4345 312 4430 dignatas
332 4347 430 4430 potius
450 4373 484 4414 ac
502 4354 671 4432 auctoritas,
690 4355 727 4417 ad
748 4373 834 4437 quam
853 4353 980 4434 popalus
1000 4353 1237 4436 obstupescebat.

963 4511 969 4550 l
