2814 4846
150 187 191 254 55
359 143 476 242 stet.
494 175 580 240 xm.
617 167 791 240 semones
811 153 1087 240 ec'oaaanoaan.

150 337 239 412 Quen
281 351 328 392 am
346 351 409 394 non
429 333 474 394 esl
492 329 656 412 aequalium
675 329 872 410 compellatio:
891 327 987 422 longa
1007 329 1086 389 enim
1107 329 1247 392 distantia
1269 343 1318 396 est
1397 395 1398 402 ,

123 413 228 474 ·inter
269 409 397 470 ominem
416 408 538 492 impium
558 419 588 469 et
606 427 732 482 saevum,
754 419 783 468 et
796 406 894 466 Deum
912 404 1010 497 qmad
1030 405 1217 468 clementiam
1236 431 1317 546 pro-

174 486 274 558 endet,
292 486 344 554 sed
364 486 472 547 docere
492 485 587 545 voluit
598 483 743 560 christus,
761 483 882 543 minime
901 483 1063 544 tumendum
1085 505 1157 560 esse,
1177 505 1217 546 ne
1260 487 1317 548 de-

148 511 193 626 ies
213 563 326 624 assidue
347 565 460 626 orando
481 563 600 630 Patrem
616 559 836 624 misericordiae
846 571 980 632 exorent,
1000 559 1234 640 quumhomines
1247 585 1318 624 sae-
1397 587 1398 614 t

149 641 239 703 vitiae
260 639 376 700 deditos
393 660 444 702 sua
463 637 686 719 importunitate
700 649 818 718 cogant
857 637 950 701 Iudex
969 635 1128 698 sceleratus
1149 650 1180 698 et
1199 639 1318 702 serrem
1397 647 1398 650 ’

149 717 254 781 viduae
272 715 471 798 flagitationes
482 716 563 776 lerre'
573 734 635 775 non
648 713 755 796 potuit,
775 713 846 850 apulo
867 713 984 773 demum
1003 712 1051 772 vel
1070 713 1179 774 invitus
1199 736 1318 778 annue-

149 807 212 858 ret:
233 791 382 871 quomodo
402 791 492 874 igitur
511 792 608 852 fructu
628 801 763 850 carerent
804 789 911 850 delium
931 810 1046 870 preces,
1066 790 1158 851 modo
1171 791 1230 851 sint
1243 793 1317 854 assi·

151 868 244 931 duae?
263 869 346 950 Ergo
365 867 389 930 si
409 889 465 928 nos
482 867 611 928 taedium
631 866 777 943 debilitet,
796 867 821 926 si
838 865 944 927 leviter
960 865 1092 928 defuncti
1104 869 1317 944 assuescimus,
1397 919 1398 934 r

149 945 208 1019 rel,
228 944 295 1023 quia
314 945 452 1006 videntur
469 944 573 1004 surdae
594 965 655 1004 esse
675 943 733 1002 Dei
754 963 847 1019 auree,
866 944 912 1003 lan
958 943 1031 1004 escit
1049 943 1192 1023 precandi
1212 946 1318 1022 ardor,

151 1033 309 1086 statuamus
327 1032 426 1086 tamen
446 1033 559 1082 certum
579 1021 645 1080 sore
664 1020 842 1099 proiectum,
861 1019 897 1080 lic
944 1021 1241 1106 nondumappareat.
1259 1024 1318 1082 At-
1397 1037 1398 1070 1

152 1118 209 1180 que
230 1097 284 1158 hae
303 1098 494 1178 persuasione
513 1119 578 1158 cum
599 1096 781 1176 impatientia
800 1108 900 1158 nostra
919 1097 962 1158 sic
974 1095 1130 1172 luctemur,
1148 1110 1181 1159 ut
1191 1098 1320 1182 longior

150 1194 235 1236 mora
254 1174 359 1235 orandi
379 1195 494 1236 cursum
513 1195 575 1234 uon
595 1173 758 1252 obrumpat

228 1256 256 1318 7.
287 1247 380 1312 'Deus
402 1267 498 1312 omen
519 1273 579 1310 nora
594 1248 702 1332 societ.
741 1251 832 1311 Iudex
860 1249 927 1326 ille,
966 1271 1057 1330 quem
1081 1249 1165 1310 nobis
1189 1271 1318 1342 prorsus

152 1325 341 1407 deploiatum
358 1327 645 1408 Christus‘depinuit,
664 1338 768 1410 utpote
789 1328 839 1407 qui
858 1347 921 1389 non
940 1337 1054 1387 tantum
1067 1327 1263 1388 'obdurutsset
1282 1329 1318 1388 in

151 1403 212 1466 Dei
232 1417 403 1485 conspectu,
422 1405 474 1466 sed
485 1425 603 1465 excusso
620 1402 707 1463 etiam
745 1406 837 1465 odore
857 1403 968 1464 nullam
988 1404 1082 1464 lamae
1103 1425 1202 1464 curam
1220 1403 1318 1464 habe-

151 1493 212 1558 ret,
231 1482 348 1560 aperuit
366 1481 485 1542 tandem
505 1481 608 1542 oculos
628 1479 666 1538 ad
683 1425 788 1541 visiuae
807 1481 952 1540 miserias:
979 1481 1099 1542 minime
1120 1480 1318 1542 dubitandum

153 1568 212 1632 est,
268 1558 318 1618 uin
339 1559 464 1620 eundem
488 1556 591 1616 saltem
614 1555 784 1638 profectum
807 1557 921 1620 sensuri
939 1557 999 1618 siut
1017 1557 1133 1632 fideles,
1162 1557 1256 1616 modo
1278 1579 1317 1618 ne

151 1633 231 1714 apud
282 1653 348 1693 eum
366 1633 475 1694 instare
496 1633 638 1704 desinant.
675 1633 847 1694 Notandum
866 1650 937 1694 sero
960 1645 1018 1710 est,
1049 1634 1118 1694 dum
1141 1633 1313 1694 similitudi-

150 1730 220 1774 nem
240 1709 444 1774 aee'ummodat
463 1709 596 1771 Christus
616 1707 653 1768 ad
671 1729 755 1769 suum
774 1709 979 1791 propositum,
1008 1731 1070 1770 non
1094 1709 1195 1772 faeere
1214 1709 1317 1770 Deum

150 1785 276 1856 similem
295 1807 388 1868 pravo
407 1798 440 1846 et
458 1785 586 1846 humano
605 1784 705 1860 iudici,
725 1786 904 1848 sedeausam
925 1787 1016 1870 longe
1037 1787 1178 1848 diversam
1200 1799 1320 1862 notare,

151 1883 205 1924 cur
223 1855 323 1924 fideles
342 1881 409 1924 suos
429 1861 549 1922 disserat
568 1861 598 1920 iu
618 1860 740 1954 longum
760 1873 892 1944 tempus,
916 1885 972 1924 nec
992 1865 1089 1925 statim
1114 1863 1233 1945 reipsa
1253 1886 1317 1925 ma-

34 1995 38 2004 .
152 1957 223 2030 num
237 1939 313 2022 'ipsis
332 1937 481 2020 porrigat:
501 1954 609 2018 nempe
627 1958 694 2030 quaa
713 1939 828 2030 patiens
849 1949 903 2000 est·
942 1939 1046 2014 Quare
1064 1939 1089 2000 si
1110 1941 1231 2031 quando
1252 1939 1319 2001 diu·

151 2027 209 2076 uus
230 2033 316 2094 quam
334 2013 475 2075 vellemus
496 2014 532 2074 ad
552 2027 666 2076 nostras
685 2029 806 2077 maumas
818 2015 901 2076 Deus
922 2016 1088 2092 conniveat,
1107 2037 1243 2094 seramus,
1265 2039 1317 2098 pa-

92 2112 93 2125 ’
152 2102 241 2160 teron
261 2091 322 2154 eius
342 2092 466 2154 consilio
486 2091 517 2152 id
536 2090 618 2168 fieri,
638 2103 671 2151 ut
690 2113 744 2152 nos
765 2092 802 2152 ad
821 2093 1009 2154 tolerantiam
1029 2105 1176 2155 exerceat:
1196 2105 1318 2187 tempo-

151 2166 222 2230 ralis
250 2165 368 2246 quidem
397 2166 587 2229 dissimulatio
619 2164 738 2228 minime
764 2182 886 2229 aeterna
912 2181 956 2241 est
979 2169 1122 2232 scelerum
1147 2171 1318 2252 impunitas.

153 2241 247 2318 Quod
267 2245 364 2304 a'utem
382 2241 538 2325 promittit,
557 2243 657 2306 Deum
676 2246 736 2306 cito
755 2246 915 2306 vindictam
930 2245 1083 2323 laetorum,
1103 2247 1140 2308 ad
1160 2249 1224 2308 eius
1245 2269 1325 2330 ρτο·Ι

135 2312 314 2380 'videntium
330 2321 443 2385 referri·
457 2321 561 2384 debet:
582 2323 666 2402 qnia,
685 2335 719 2383 ut
736 2343 834 2384 sumus
853 2323 1046 2404 praecipites,
1066 2346 1128 2384 non
1150 2325 1221 2386 satis
1241 2338 1319 2386 um-

151 2395 267 2478 pestive
308 2419 342 2460 ro
363 2398 458 2462 carnis
477 2408 597 2458 nostrae
616 2419 703 2460 sensu
723 2399 760 2459 acl
779 2388 915 2461 ferendas
934 2401 1082 2484 suppetias
1099 2402 1235 2463 accurrit.
1255 2404 1319 2463 Ve-

152 2491 220 2533 rum
238 2473 263 2534 si
283 2418 386 2536 iceret
405 2476 436 2534 in
456 2465 518 2536 eius
538 2475 692 2536 consilium
711 2478 886 2568 penetrare,
905 2476 1059 2552 sciremus,
1078 2489 1170 2558 prout
1189 2479 1320 2559 expedit,

152 2549 323 2630 promptum
342 2554 375 2612 et
392 2563 536 2612 maturum
560 2557 677 2633 semper
702 2572 764 2614 etus
789 2573 851 2613 esse
871 2551 1022 2629 auxilium,
1051 2571 1085 2614 ae
1109 2575 1147 2616 ne
1167 2573 1230 2614 uno
1251 2555 1318 2646 qui-

154 2627 222 2690 dem
239 2639 392 2690 momento
412 2629 539 2702 tardare,
559 2630 631 2709 quio
650 2630 694 2690 sin
718 2629 773 2690 ulis
793 2628 920 2690 articulis
940 2643 1057 2710 praesto
1068 2632 1115 2692 sit.
1155 2630 1321 2706 Quaeritur

152 2713 265 2780 tamen,
284 2705 435 2792 quomodo
457 2705 504 2768 laic
524 2704 659 2768 Christus
679 2650 717 2766 ai
756 2705 891 2766 etendam
911 2705 1069 2768 vindictam
1089 2707 1251 2788 discipulos
1271 2709 1319 2768 in-

155 2780 350 2916 {iimi'h‘iui
367 2780 438 2848 alibi
453 2781 512 2841 suis
525 2726 795 2918 [persequutoribus
814 2781 893 2842 bene
913 2783 1029 2862 precari
1048 2783 1140 2845 iubet.
1179 2785 1319 2866 Respon-

176 2877 213 2918 eo

154 2901 253 3015 rugit.
271 2932 404 2999 Deusse
424 2933 555 2996 fidelium
575 2933 703 2996 ultorem
723 2933 788 2995 lore
809 2933 945 3012 affirmat,
965 2957 1027 3000 non
1047 2950 1081 3000 ut
1100 2937 1230 3004 latenas
1242 2938 1323 3000 laxet

154 3009 250 3070 cardis
270 3008 436 3083 aflectibus,
455 3008 507 3069 sed
527 3019 560 3067 ut
578 3010 763 3089 persuadeat,
783 3016 878 3070 caram
900 3032 962 3073 esse
983 3026 1013 3075 et
1031 3015 1192 3096 pretiosam
1212 3035 1319 3076 eorum

121 3149 123 3157 ,
154 3084 350 3159 salutemet
369 3083 427 3146 hod
445 3105 566 3164 quoque
585 3086 676 3146 modo
697 3087 733 3146 ad
754 3087 892 3166 praesidii
912 3090 957 3150 sui
976 3089 1111 3154 fiduciam
1131 3111 1183 3154 eos
1203 3093 1319 3153 inritet.

154 3161 189 3220 Si
209 3161 281 3222 odio
301 3159 380 3226 exuti
400 3172 430 3224 et
449 3181 541 3241 pravo
561 3161 683 3228 ultionis
704 3164 811 3226 ardore
830 3163 897 3245 puri
917 3178 948 3226 et
965 3167 1062 3242 vacui,
1079 3179 1171 3229 recto.
1183 3182 1216 3230 et
1235 3191 1321 3230 com-

152 3237 254 3318 posito
274 3236 404 3316 Spiritus
422 3250 522 3313 matu,
548 3238 609 3300 Dei
628 3239 764 3303 auxilium
789 3238 966 3330 implorant,
996 3243 1108 3306 licitum
1133 3256 1166 3310 et
1182 3257 1320 3308 sanetum

155 3313 212 3374 erit
231 3333 335 3375 eorum
353 3323 464 3389 votum,
484 3327 515 3375 et
533 3316 633 3378 aDeo
652 3315 719 3400 ipso
739 3319 918 3380 exaudietur.
945 3321 1054 3384 Verum
1075 3320 1143 3412 quia
1163 3317 1238 3384 nihil
1259 3321 1320 3386 tit-

153 3387 258 3452 licilius
279 3401 332 3466 est,
352 3411 438 3470 quam
458 3393 844 3471 exuerevitiososallectus,
863 3405 897 3455 ut
915 3417 1002 3477 puras
1023 3410 1054 3460 et
1071 3397 1198 3480 liquidas
1214 3419 1322 3480 preces

154 3465 220 3604 puis
239 3467 398 3548 concipiat,
419 3470 578 3548 petendum
599 3480 644 3530 est
661 3469 835 3546 aDomino,
853 3483 886 3530 ut
906 3475 996 3535 corda
1016 3487 1117 3537 nostre
1127 3474 1244 3556 Spiritu
1262 3498 1318 3538 suo
1397 3533 1398 3544 ,

176 3543 266 3626 irigat
284 3557 315 3605 et
333 3545 517 3607 moderetur:
556 3547 598 3608 ita
618 3546 685 3622 fiet,
714 3558 748 3607 ut
771 3547 845 3610 iuste
869 3548 1040 3614 invocemus
1059 3551 1158 3612 Deum
1178 3553 1320 3628 ultorem,
1397 3551 1398 3572 ¹

154 3618 279 3702 ipseque
298 3633 419 3760 ruffinus
439 3621 526 3684 nobis
545 3625 735 3704 respondeat.

228 3705 257 3766 8.
297 3697 338 3758 Fi
415 3695 539 3760 masse
561 3721 649 3780 quun
672 3703 788 3762 uem.
837 3701 903 3766 liae
933 3705 1081 3772 sententia
1112 3703 1203 3768 docet
1228 3705 1320 3768 ctri-

292 2847 395 2917 rsttn'n
416 2856 522 2916 de'vin
545 2857 602 2918 icta
621 2858 669 2917 hie
682 2857 835 2932 disserere,
855 2870 888 2918 ut
906 2859 981 2920 nihil
1001 2860 1245 2922 doctrinaesuae
1265 2863 1319 2923 de-

9 3765 10 3780 ’
37 3815 41 3825 -
152 3783 213 3836 stus
238 3794 301 3836 non
327 3776 394 3837 sore
419 3776 541 3852 mirum,
571 3775 595 3837 si
620 3777 743 3856 posthac
763 3779 795 3839 in
818 3778 878 3840 suis
896 3779 980 3842 malis
998 3782 1154 3844 tabescant
1173 3783 1322 3857 homines,

9 3875 10 3902 t
66 3898 69 3907 .
153 3851 221 3928 quia
246 3851 358 3914 scilicet
380 3872 483 3913 verum
506 3851 670 3914 remedium
694 3855 861 3938 negligent.
903 3855 1010 3919 Voluit
1034 3871 1133 3921 autem
1158 3879 1322 3924 occurrere

154 3927 306 4064 stuppeis,
333 3929 415 4010 quod
435 3949 468 3988 ex
480 3927 601 4020 indigna
620 3934 1067 4026 rerumnmniumsoulusione
1088 3936 1224 4016 quotidie
1244 3955 1321 4028 eon.

155 4003 760 4148 tttdult'ttt-ttttttttid*
774 4007 940 4148 lii‘h‘il
957 4013 1323 4162 {liiiirs‘did‘itlii

155 4121 297 4216 amenius
320 4103 504 4250 appetisset
529 4126 744 4225 contumeliose
754 4105 994 4241 innoxiifllius
1014 4111 1132 4228 intirim
1151 4109 1270 4242 aliems
1288 4167 1320 4227 in
1397 4239 1398 4246 ἵ

119 4296 121 4307 ,
154 4229 242 4294 coelo
261 4233 404 4296 dormires
436 4233 508 4296 lame
525 4233 575 4328 fit,
597 4249 632 4298 ut
655 4258 779 4304 ooecnm
803 4237 942 4304 lomense
966 4243 1122 4324 imperium
1141 4243 1343 4327 imaginetur-
1397 4293 1398 4298 ,

152 4325 237 4372 earn.
273 4304 408 4377 Christos
426 4321 525 4376 autem
544 4311 593 4378 loe
611 4313 768 4398 admonet,
799 4315 877 4384 iuste
901 4310 1037 4386 honines
1057 4319 1321 4388 astatadstat
