2764 4854
122 229 127 261 l

263 279 432 360 (ΖΜ-22.
474 215 609 342 Cliristbs
627 280 659 340 lu
680 279 796 342 coelum
816 277 997 357 assumitur.)
1156 285 1215 346 eis

76 431 251 512 mtisreidm.
303 431 482 512 Quanquam
506 433 592 493 simul
615 433 775 494 tenendum
801 443 862 509 est,
894 453 958 494 noii
983 431 1024 494 lta
1048 433 1216 494 necessario

75 509 169 590 requiri
184 511 218 568 ad
239 507 372 582 salutem,
392 521 425 569 ut
444 509 543 590 perire
563 530 682 582 necesse
701 509 740 571 sit
759 510 866 590 quirun
890 531 928 571 ue
947 529 1014 570 eum
1034 509 1133 602 adepti
1153 505 1216 570 non

74 586 178 646 luerint:
197 605 293 664 neque
313 585 393 644 enini
409 585 456 646 liic
470 586 536 646 fide'
548 585 776 667 adiingiturtan
800 531 996 648 uamdi'midia
1007 585 1107 660 salutis
1118 606 1215 658 causa,

22 669 23 672 ’
74 665 117 724 sed
133 675 161 722 ut
178 661 384 722 testimonium.
409 661 521 722 Fateor
540 663 658 743 quidem
679 663 790 724 homini
814 687 846 724 ns
866 664 1070 724 necessitatem
1089 663 1128 722 im
1152 661 1215 736 oni,

72 761 105 800 ne
122 739 223 822 signum
243 738 354 822 gratiae
374 739 434 798 Dei
454 739 622 822 negligant:
660 741 714 811 sed
754 741 861 801 uaniris
885 760 941 821 pro
967 760 1070 802 eorum
1089 683 1213 799 indrmi·

71 829 127 877 tate
147 815 243 878 talibus
270 815 445 876 adiumentis
470 827 570 877 utatur
593 816 689 893 Deus,
719 762 891 878 obstrictam
917 836 980 878 esse
1004 819 1065 878 eius
1089 816 1214 897 gratiam

70 913 147 974 nego.
181 893 247 952 Hoc
272 894 363 953 modo
388 912 451 952 nou
476 891 648 974 simpliciter
671 894 869 956 necessarium
898 913 962 954 esse
986 891 1131 968 dicemus,
1161 892 1215 954 sed

69 981 165 1030 tantum
184 967 371 1029 obedientiae
390 979 508 1030 nostrae
524 983 675 1050 respectu.
714 970 853 1032 Secundo
864 968 1009 1044 membro,
1027 971 1080 1030 ubi
1099 969 1213 1030 conde·
1310 971 1321 990 “

68 1058 139 1106 ιιιιιιῑ
157 1045 283 1106 Christus
304 1063 393 1120 eos,t
411 1045 462 1125 qui
481 1065 543 1106 non
564 1047 761 1120 credideriut,
794 1047 923 1109 rebelles
942 1047 1104 1130 significat,
1143 1047 1213 1106 dum

68 1121 178 1184 oblatam
197 1122 319 1182 salutem
348 1133 506 1204 respuunt,
534 1124 702 1214 graviorem
725 1123 782 1185 sibi
805 1145 934 1216 poenam
958 1143 1123 1200 arcessere,
1154 1141 1212 1182 nec

35 1241 38 1252 ·
66 1199 117 1260 iani
134 1199 274 1260 coinnruni
301 1209 414 1260 tantum
439 1199 558 1260 liuniani
583 1202 700 1284 generis
725 1201 847 1262 interitu
873 1222 937 1263 esse
957 1200 1130 1284 implicitos,
1159 1197 1212 1265 sed
1240 1261 1245 1272 ,

65 1276 190 1358 propriae
210 1275 430 1358 ingratitudinis
451 1275 566 1357 culpam
586 1278 740 1340 sustinere.

132 1361 174 1418 17:
208 1352 304 1428 Signo
331 1375 394 1427 eos,
423 1356 475 1433 piri
501 1351 690 1434 dediderim,
720 1353 791 1417 birse
807 1370 968 1436 sequentur.
1007 1353 1102 1414 Sicuti
1121 1350 1211 1411 mira-

64 1427 129 1492 culis
145 1428 295 1512 Evangelii
314 1429 358 1490 sui
385 1429 472 1490 lidem
491 1431 637 1493 sancierat
646 1431 804 1508 Dominus,
822 1453 909 1513 quam
930 1433 980 1492 diu
998 1442 1128 1492 versatus
1148 1437 1214 1488 erat

63 1507 93 1566 in
109 1505 225 1581 mundo,
256 1506 295 1565 ita
316 1527 395 1567 nunc
415 1505 538 1567 eandem
558 1507 696 1569 virtutem
715 1511 745 1569 in
767 1511 897 1570 loturum
917 1522 1031 1589 tempus
1055 1527 1132 1588 prop
1172 1515 1232 1578 at,-

61 1605 98 1643 ne
117 1593 213 1662 potent
231 1580 367 1673 discipuli
386 1583 536 1666 alligatam
557 1585 706 1675 corporali
727 1586 788 1646 eins
809 1585 992 1667 praesentiae
1008 1584 1106 1645 luisse.
1178 1601 1210 1642 a·

63 1679 185 1742 gnopere
210 1660 289 1720 enim
309 1671 452 1721 intererat
480 1661 582 1744 vigere
613 1673 692 1722 inter
716 1661 818 1724 fideles
842 1663 969 1724 divinam
994 1661 1073 1722 illam
1100 1658 1214 1734 Cbristi

60 1736 227 1818 potentiam,
252 1747 286 1796 ut
305 1748 388 1797 certo
409 1748 561 1798 constaret
579 1739 769 1800 resurrexisse
789 1761 805 1800 a
825 1740 963 1813 mortuis,
983 1759 1042 1818 quo
1063 1747 1211 1873 sugerstes

59 1824 184 1874 maneret
202 1813 263 1874 eius
283 1813 429 1888 electrina,
449 1824 480 1872 et
490 1811 655 1877 immortale
667 1827 744 1876 esset
763 1837 882 1876 nomen.
920 1815 1018 1876 Porro
1038 1834 1098 1894 quo
1137 1813 1211 1872 lide-

57 1890 98 1950 les
117 1889 169 1949 boc
187 1888 268 1951 dono
288 1889 415 1965 instruit,
434 1889 472 1950 ad
490 1890 624 1972 singulos
644 1891 818 1954 trahendum
839 1913 902 1952 non
923 1904 982 1954 est:
1001 1891 1107 1952 scimus
1124 1889 1212 1960 enim,

58 1965 200 2035 distributa
218 1965 299 2026 varie
319 1965 408 2026 luisse
427 1965 517 2042 dona,
536 1975 571 2026 ut
588 1968 797 2031 miraculorum
818 1979 947 2050 potestas
965 1988 1028 2027 non
1048 1967 1104 2028 nisi
1143 1985 1213 2026 eries

58 2041 189 2121 quosdam
210 2042 307 2103 luerit.
333 2041 393 2104 Sed
414 2043 482 2124 quia
502 2065 659 2106 commune
679 2045 770 2106 totius
789 2045 939 2106 Ecclesiae
959 2044 1026 2120 luit,
1046 2065 1106 2124 quo
1138 2063 1212 2123 pau-

57 2119 96 2180 cis
115 2117 247 2194 dabatur,
268 2130 298 2179 et
317 2139 393 2200 quae
413 2141 488 2178 unus
508 2120 647 2182 miracula
668 2122 789 2197 edebat,
809 2123 840 2181 in
861 2121 991 2182 omnium
1011 2119 1224 2181 confirmatio-⁸·

54 2217 120 2256 nem
138 2195 283 2270 valebant,
302 2195 410 2255 merito
431 2195 585 2258 indelsiite
605 2199 758 2258 credentes
778 2196 914 2258 nominat
934 2195 1077 2260 Christus.
1102 2194 1213 2272 Sensus

54 2293 126 2355 ergo
145 2284 202 2346 est,
221 2270 324 2332 fideles
343 2269 473 2330 eiusdem
493 2271 623 2346 virtutis,
647 2293 721 2352 quae
741 2273 821 2354 prius
840 2272 870 2333 in
892 2271 1014 2334 Christo
1034 2268 1213 2332 admirabilis

52 2351 161 2424 suerat,
180 2347 245 2408 lore
266 2344 431 2420 ministros,
459 2358 493 2406 ut
513 2367 549 2407 eo
570 2348 692 2410 absente
712 2350 823 2410 certior
842 2361 961 2410 constet
979 2347 1135 2430 Evangelii
1156 2344 1213 2412 ob-

50 2425 190 2509 signatio,
218 2423 305 2496 sicuti
326 2423 401 2502 apud
422 2421 566 2484 loannem
591 2427 655 2502 (ri,
674 2429 737 2501 12.)
762 2425 910 2516 promittit
930 2425 1032 2486 eadem
1052 2437 1083 2485 et
1101 2423 1213 2484 maiora

49 2503 187 2564 facturos.
211 2501 309 2561 Porro
330 2500 367 2561 ad
386 2498 550 2559 testandam
563 2498 675 2562 Christi
716 2501 820 2562 loriam
841 2513 872 2562 et
890 2501 1040 2562 Deitatem
1060 2499 1213 2574 satisfuit,

49 2600 157 2660 paucos
177 2599 211 2639 ex
231 2576 420 2640 credentibus
441 2575 528 2636 luisse
553 2577 608 2639 hac
632 2520 773 2639 facultate
793 2591 923 2639 ornatos.
963 2583 1140 2658 Quanquam
1160 2597 1213 2635 au-

46 2672 109 2718 tem
127 2677 189 2716 nou
209 2653 345 2735 exprimit
366 2651 516 2728 Christus,
536 2653 652 2719 ,velitne
673 2655 729 2716 lioc
749 2654 912 2736 temporale
932 2675 994 2718 esse
1020 2656 1149 2728 donum,
1173 2674 1211 2712 an

47 2744 194 2815 perpetuo
214 2731 247 2792 iu
266 2729 400 2792 Ecclesia
420 2751 471 2790 sua
490 2729 633 2792 residere:
660 2731 753 2815 magis
772 2744 872 2792 tamen
893 2731 1050 2812 probabile
1070 2743 1129 2806 est,
1149 2750 1211 2790 non

44 2810 103 2870 nisi
123 2809 159 2870 ad
179 2822 294 2888 tempus
314 2805 448 2887 promitti
468 2806 623 2882 miracula,
653 2829 729 2888 quae
754 2829 863 2870 novum
891 2819 922 2868 et
939 2810 1034 2871 adhuc
1054 2806 1212 2868 obscurum

42 2885 242 2966 Evangelium
261 2883 417 2944 illustrent.
465 2883 555 2975 Fieri·
572 2885 690 2964 quidem
709 2897 825 2965 potest,
856 2897 889 2946 ut
907 2883 1123 2968 ingratitudinis
1142 2902 1212 2942 suae

42 2961 132 3042 culpa
151 2961 277 3022 mundus
297 2961 354 3021 hoc
374 2959 491 3021 honore
510 2974 639 3050 privatus
658 2961 709 3022 sit:
730 2983 788 3046 ego
808 2974 906 3022 nmen
925 2974 1040 3035 statuo,
1066 2957 1211 3020 miraculis
1242 2987 1247 3012 ι
1320 3010 1325 3023 .

41 3043 124 3101 liunc
144 3059 201 3120 pro
224 3038 268 3098 rie
287 3035 457 3118 impositum
477 3033 564 3100 luisse
584 3040 684 3114 finem,
703 3060 741 3099 ne
779 3061 815 3100 ua
826 3040 981 3122 Evangelii
992 3037 1144 3099 doctrinae
1156 3033 1211 3094 sub

41 3114 162 3176 initium
209 3125 304 3174 cesset
328 3111 517 3193 approbatio.
564 3117 607 3176 Et
630 3128 711 3178 certe
734 3061 882 3190 videmus,
910 3137 1012 3176 eorum
1037 3135 1120 3173 usuni
1147 3131 1209 3171 non

40 3196 83 3254 itn
106 3191 205 3250 multo
226 3201 295 3269 post
313 3191 516 3266 cessasse‚‚vel
535 3192 638 3253 saltem
657 3194 732 3256 adeo
751 3214 818 3254 rare
838 3193 926 3256 inisse
946 3211 1049 3265 eorum
1069 3187 1212 3268 exempla,

38 3283 72 3330 nt
93 3267 244 3349 colligere
262 3265 367 3326 liceret
385 3285 448 3326 non
473 3287 621 3348 peraeque
646 3269 784 3330 omnibus
810 3268 932 3331 saeculis
951 3289 1013 3330 esse
1034 3265 1210 3328 eommunia.

35 3346 249 3424 l'ecit'tamen
258 3351 453 3434 praepostera
464 3365 578 3422 eorum,
599 3347 650 3426 qui
669 3345 776 3407 deinde
795 3345 911 3426 sequuti
930 3357 1008 3420 sunt,
1027 3343 1075 3404 vel
1095 3340 1209 3421 cupidi-

33 3438 93 3498 tas,
115 3420 166 3482 vel
188 3419 323 3494 ambitio,
342 3441 380 3480 ne
400 3419 546 3481 miraculis
565 3443 684 3502 prorsus
704 3434 850 3498 carerent,
870 3434 902 3483 ut
920 3422 1019 3483 inania
1038 3421 1094 3483 sibi
1116 3417 1210 3500 finge-

32 3512 120 3560 rent.
162 3499 265 3577 Atque
285 3496 342 3555 lioc
362 3495 452 3556 modo
473 3509 574 3577 aperta
594 3494 651 3558 luit
670 3498 796 3560 Satanae
816 3499 936 3560 fallaciis
956 3501 1059 3572 ianua,
1078 3515 1140 3556 non
1159 3513 1210 3555 so-

31 3579 99 3638 luin
122 3587 158 3633 ut
178 3573 288 3653 praesti
312 3572 356 3632 'ae
376 3575 570 3634 succederent
587 3575 619 3634 iii
639 3575 738 3636 locum
762 3575 907 3654 veritatis,
936 3575 988 3636 sed
1008 3587 1040 3635 ut
1058 3575 1210 3657 signorum

29 3663 202 3735 praetextu
221 3593 368 3741 simplices
387 3649 603 3710 abducerentur
622 3671 638 3712 a
658 3663 738 3710 recta
755 3651 821 3712 side.
851 3655 892 3712 Et
904 3653 990 3713 'certe
1010 3671 1136 3730 aequum
1156 3647 1212 3706 luit

29 3730 180 3792 curiosos
203 3727 348 3800 homines,
368 3725 418 3806 qui
438 3726 569 3810 legitima
578 3726 796 3816 approbatione
808 3749 869 3787 non
880 3728 1025 3801 conteuti,
1043 3747 1120 3787 nova
1140 3723 1210 3784 sub-

28 3807 107 3869 inde
137 3801 283 3869 iniracula
330 3815 462 3877 sterent,
493 3801 599 3863 talibus
623 3804 791 3892 imposturis
816 3803 924 3864 deludi.
963 3803 1046 3864 llaec
1070 3801 1146 3864 ratio
1167 3811 1212 3861 est

25 3906 88 3944 ciir
110 3881 192 3941 alibi
213 3881 291 3960 (blat
325 3887 408 3953 Ἣ,
425 3880 489 3958 24.)
514 3880 691 3960 praedixerit
712 3879 863 3956 Christus,
891 3901 1018 3962 regnum
1036 3877 1211 3939 Antichristi

24 3959 131 4041 signis
153 3955 348 4018 mendacibus
367 3957 509 4018 resertuni
525 3956 602 4032 lore,
624 3968 656 4017 et
670 3955 778 4017 Paulus
798 3957 877 4016 idem
894 3957 1020 4018 tlstetur
1037 3957 1094 4034 (ll.
1106 3955 1210 4014 Thess.

24 4049 57 4110 2,
79 4037 144 4110 9.).
193 4035 296 4108 Quare
319 4047 353 4094 ut
377 4033 514 4094 miracula
540 4034 627 4094 iidem
651 4045 781 4094 nostram
807 4031 862 4094 rite
887 4034 1080 4103 confirment,
1108 4029 1140 4090 in
1159 4029 1210 4090 illa

24 4134 128 4194 quarn
154 4111 218 4170 diiii
237 4111 397 4172 sobrietate
423 4131 486 4170 sese
511 4109 686 4171 contineant
709 4117 827 4168 nostrae
852 4121 997 4170 mentes„
1011 4109 1101 4168 Unde
1121 4107 1210 4168 etiam

24 4189 194 4269 seqnitur,
213 4189 344 4267 putidam
364 4208 427 4250 esse
447 4207 551 4250 eorum
571 4185 755 4260 calumniam,
774 4185 826 4264 qui
841 4185 1004 4246 doctrinam
1013 4197 1144 4244 nostram
1154 4185 1211 4244 mi-

24 4265 150 4328 raculis
181 4265 300 4325 destitui
326 4265 486 4326 obiectant.
538 4263 631 4338 Quasi
655 4283 728 4326 vero
753 4278 815 4321 riori
842 4263 944 4324 eadem
969 4261 1018 4322 illa
1041 4259 1096 4338 sit,
1125 4281 1212 4342 quain

24 4343 188 4402 illiristus
207 4341 277 4402 satis
296 4361 444 4434 superque
464 4341 534 4402 olirn
556 4339 732 4422 obsignavit
752 4337 814 4398 Sed
827 4339 927 4400 inlioc
946 4351 1121 4419 argumento
1143 4337 1211 4399 bre·

24 4422 101 4482 rior
123 4439 217 4495 sum,
237 4419 306 4499 quia
325 4441 382 4482 iam
400 4417 533 4500 pluribus
552 4417 624 4480 locis
644 4416 760 4498 plenius
779 4437 796 4476 a
815 4437 862 4479 me
881 4425 1035 4478 tractatum
1055 4413 1119 4478 luit.
