2778 4838
137 239 181 304 u
371 227 489 292 SECT.
508 229 592 290 xlv.
630 196 809 290 marauna
822 229 870 286 'rr
890 239 1077 288 saumones.
1105 267 1111 276 .

127 387 250 470 phetae
268 381 356 446 obire
374 381 479 444 voluit.
516 383 620 444 Docet
636 380 729 465 igitur
746 381 875 442 secunda
893 379 968 440 haec
981 375 1093 439 Christi
1110 377 1252 459 reiectio,
1271 383 1315 444 ci-

139 463 358 526 res-Nazareth
381 461 559 541 interposito
584 457 728 538 temporis
751 458 848 539 spatio
874 477 936 516 non
959 456 1047 516 luisse
1067 469 1239 535 correctos,
1263 460 1316 521 aed

139 561 259 679 qeimper
281 539 361 600 idem
385 548 572 618 contemptus
595 534 781 596 obstaculum
805 533 861 596 sibi
881 533 1002 610 iecisse,
1026 551 1065 594 ne
1087 531 1240 596 Christum
1262 557 1315 596 au-

174 639 264 758 mbt.
306 690 357 752 Iao
379 703 412 750 ut
433 704 587 766 snrprrrat.
643 688 774 769 stupent
806 686 851 758 rei
886 685 1021 748 novitate
1050 686 1195 766 perculsi,
1233 690 1316 782 quod

142 769 292 843 Christus,
316 767 367 847 qui
387 767 485 827 literas
506 787 568 826 non
588 765 747 841 didicerat,
770 765 821 826 sed
842 785 858 824 a
878 763 1117 852 pueritiamque
1138 765 1176 824 acl
1196 765 1314 827 virilem

140 857 268 908 aetatem
286 854 416 904 versatus
436 843 548 902 eratin
568 841 740 903 mechanico
761 841 893 921 opificio,
912 850 1009 900 tantus
1029 849 1069 898 stt
1087 839 1196 901 doctor
1212 862 1249 902 ac
1269 845 1314 903 di-

139 921 238 988 vinam
257 919 430 1000 sapientiam
448 919 549 998 spiret.
588 919 624 979 ln
645 918 704 978 hoc
722 917 876 990 miraculo,
916 937 985 976 uum
996 915 1059 976 Dei
1076 935 1197 979 manum
1216 921 1313 1000 suspi-

142 1018 210 1058 cere
230 997 390 1070 debercnt,
410 1015 513 1056 eorum
527 995 710 1080 ingratitudo
732 995 812 1068 lecit,
830 1005 864 1052 ut
883 994 907 1052 si
930 993 939 1051 i
960 993 1097 1053 tenebras
1117 991 1314 1056 obducerent.
1385 1045 1386 1052 ,

139 1073 259 1150 Mirari,
286 1072 380 1134 velint
400 1071 514 1148 nolint,
544 1082 706 1163 eoguntur:
725 1071 840 1130 interea
860 1080 1012 1208 spernunt.
1053 1067 1135 1143 Quid
1155 1071 1214 1130 hoc
1235 1072 1315 1132 aliud
1385 1145 1386 1152 ἵ

141 1162 200 1224 eat,
226 1171 314 1230 quam
333 1149 520 1229 Prophetam·
535 1147 672 1212 divinitus
693 1149 831 1210 edoctum
850 1167 866 1206 a
888 1145 995 1220 iicerb,
1015 1146 1082 1225 qnia
1104 1165 1139 1206 ex
1158 1147 1313 1209 bominum

140 1227 242 1322 3⁰¹¹.⁰¹³
266 1225 492 1318 nonprodeat?
531 1225 572 1284 Et
590 1244 621 1286 se
643 1225 764 1305 propria
779 1221 968 1284 consessione
979 1221 1123 1305 iugulant,
1143 1244 1229 1304 quum
1251 1237 1314 1286 tam

139 1325 196 1364 mss

139 1399 199 1441 au
263 1401 296 1441 os
315 1399 377 1440 non
401 1378 531 1454 invenit,
561 1377 628 1458 quia
654 1379 759 1437 usitata
816 1395 879 1436 non
902 1375 993 1436 habet
1016 1375 1163 1458 originem
1183 1397 1201 1436 e
1221 1388 1314 1440 terra.

141 1401 206 1520 (in
230 1478 292 1518 non
313 1455 413 1538 potius
433 1454 536 1518 oculos
557 1454 587 1514 in
608 1454 723 1515 eoelum
744 1451 893 1526 attollunt,
912 1464 946 1512 ut
965 1452 1186 1514 discantaDeo
1206 1455 1312 1544 prole-

140 1545 219 1594 ctum
245 1553 324 1610 esse,
349 1531 429 1614 quod
454 1533 610 1591 humanam
635 1530 783 1591 rationem
803 1528 942 1609 superat?
979 1529 1066 1590 Adde
1087 1529 1167 1608 quod
1187 1540 1312 1592 virtutes

140 1610 294 1671 doctrinae
314 1627 445 1669 annexae
464 1607 667 1669 vehementius
687 1627 739 1667 eos
758 1618 883 1687 tangere
904 1603 1065 1678 debebant,
1082 1603 1130 1666 rel
1142 1604 1249 1667 saltem
1262 1627 1311 1666 ex-

139 1685 335 1770 pergefacere
359 1685 448 1744 nimia
471 1683 607 1745 socordia
631 1693 802 1764 torpentes,
831 1693 865 1742 ut
889 1681 1015 1764 gloriam
1034 1680 1103 1742 Deo
1127 1682 1311 1744 tribuerent:

141 1784 211 1824 nam
231 1775 327 1836 certe,
353 1761 422 1822 dum
448 1759 575 1822 insolitis
599 1759 696 1822 modis
717 1759 779 1841 agit
797 1759 896 1834 Deus,
920 1779 957 1819 eo
984 1758 1088 1820 clarius
1111 1779 1215 1819 manus
1242 1781 1310 1820 suae

164 1839 307 1900 otentiam
332 1838 446 1898 exserit.
489 1835 581 1915 Atqui
605 1835 678 1896 haec
703 1836 765 1916 ipsa
787 1835 903 1897 occasio
926 1847 970 1895 est
988 1835 1165 1910 Nazarenis,
1190 1846 1225 1896 ut
1249 1858 1309 1897 ma·

139 1859 222 1996 ligne
245 1913 345 1974 velum
369 1912 461 1973 oculis
485 1912 544 1974 suis
574 1911 733 1972 obducant.
777 1912 919 1972 Videmus
945 1931 977 1972 er
999 1933 1034 1986 o,
1059 1931 1121 1971 non
1146 1913 1309 1992 simplicem

139 1993 149 2052 i
173 1990 339 2052 norantiam
370 1989 476 2050 obesse
506 1987 692 2066 bominibus,
728 1990 780 2051 sed
818 2000 927 2069 sponte
956 1931 1013 2049 sihi
1042 1991 1192 2049 ardessere
1224 2011 1308 2050 scan-

141 2011 222 2142 dats,
255 2087 294 2127 ne
318 2077 493 2144 sequantur,
524 2085 584 2146 quo
609 2064 692 2126 Deus
716 2077 813 2126 vocat.
861 2065 925 2126 Nos
951 2065 1050 2146 potius
1074 2063 1105 2124 in
1121 2067 1308 2126 ⁴contrariam

140 2156 257 2226 partem
276 2141 446 2204 ratiocinari
466 2140 616 2216 convenit,
636 2143 687 2204 ubi
708 2142 849 2204 deficiunt
867 2142 994 2205 humana
1011 2141 1119 2218 media,
1136 2142 1199 2204 Dei
1216 2143 1309 2204 virtu·

138 2233 199 2286 tan
219 2217 306 2282 nobis
326 2217 405 2281 clare
446 2219 568 2292 atefieri,
588 2229 622 2278 ut
640 2219 764 2280 solidam
783 2218 900 2280 laudem
920 2217 1063 2280 obtineat.
1192 2233 1196 2237 ·

216 2303 264 2364 55.
302 2296 410 2357 Nonne
451 2299 474 2357 'o
491 2309 532 2357 est
569 2293 753 2377 obrifilina?
801 2295 933 2370 Scimus,
957 2282 1122 2356 admirabili
1146 2294 1208 2356 Dei
1235 2317 1310 2357 cou-

139 2374 207 2438 ailio
227 2375 336 2436 factum
356 2393 420 2434 esse
460 2385 494 2434 ut
514 2297 648 2437 Christus
671 2373 709 2434 ad
733 2393 842 2438 annum
867 2372 1045 2434 tricesimum
1064 2371 1096 2432 in
1115 2372 1175 2432 vita
1194 2373 1309 2453 privata

139 2473 172 2516 xe
191 2449 382 2515 continuerit.
426 2417 507 2514 llino
530 2471 604 2536 ergo
630 2468 786 2531 perperam
806 2460 837 2510 et
855 2448 964 2510 iniuste
984 2469 1000 2510 a
1018 2449 1180 2510 Nazarenis
1199 2471 1310 2512 conce·

139 2541 192 2618 pta
214 2528 273 2621 luit
297 2527 442 2603 offensio,
469 2549 558 2666 quum
584 2528 683 2612 potius
708 2526 932 2618 amplectieum
951 2539 1122 2618 reverenter
1141 2527 1311 2604 debuerint,

141 2627 224 2686 quasa
241 2615 366 2744 repente
387 2626 403 2666 e
424 2624 510 2667 coeo
531 2606 690 2686 delapsum.
729 2603 826 2664 Deum
846 2624 877 2662 m
899 2599 1019 2662 Christo
1045 2614 1222 2683 operantem
1244 2624 1310 2664 cer-

124 2693 230 2744 ·nuntx
255 2681 276 2744 il
289 2683 338 2742 inc
363 2681 430 2742 data
455 2702 547 2762 opera
572 2680 675 2743 oculos
699 2699 767 2740 suos
791 2690 970 2740 convertunt
988 2679 1025 2739 ad
1044 2679 1170 2760 Ioseph,
1194 2692 1226 2741 et
1244 2679 1311 2740 bla-

138 2759 229 2836 riam,
254 2771 286 2820 et
303 2773 406 2818 omnes
425 2771 587 2839 cognatos,
632 2776 738 2818 nomm
758 2757 883 2818 obscura
904 2766 967 2818 erat
986 2755 1134 2846 conditio,
1160 2769 1194 2822 ut
1212 2757 1333 2828 velum,

140 2837 313 2896 manifestae
329 2833 388 2894 luci
399 2846 562 2926 opponant
630 2847 724 2892 ratres
742 2853 827 2892 more
848 2831 987 2894 hebraico
1007 2853 1108 2893 socan
1129 2853 1240 2896 consan
1285 2835 1310 2894 i-

139 2907 1132 3126 iiiisqiiiii'iiiriii'niiiiiaiiiiuinalii‘dtliiihiiiiffi
1151 2909 1310 3068 iiiiii}

296 3062 304 3077 ³
679 3029 690 3062 9

163 3073 379 3204 a'niiwilen
401 3151 443 3198 ast
465 3135 612 3216 Propheta
635 3108 743 3218 'erpm
764 3133 892 3199 morsa.
942 3135 1128 3200 Sententiam
1158 3137 1237 3202 hanc
1261 3141 1309 3202 su-

140 3215 199 3278 sins
225 3217 347 3308 exposui
370 3222 398 3280 4.
423 3215 521 3296 eapite
545 3216 575 3275 in
601 3217 769 3306 loannem..
803 3213 908 3277 Potest
936 3215 1054 3308 quidem
1079 3217 1220 3298 generale
1245 3236 1308 3279 esse

141 3290 343 3373 prorerhrum,
362 3293 443 3372 quod
463 3313 605 3372 nusquam
624 3293 741 3354 minore
760 3311 791 3352 sn
811 3291 910 3372 pretio
929 3303 998 3365 arnt,
1039 3292 1069 3352 ui
1084 3293 1243 3373 praeclaris
1253 3295 1309 3354 do-

140 3369 186 3430 nia
205 3367 336 3430 excellun
380 3390 467 3448 quam
486 3369 518 3430 in
558 3370 629 3432 atria
649 3391 713 3431 sua:
732 3370 766 3434 io
785 3390 845 3462 quo
864 3391 896 3430 se
915 3369 1017 3451 prodit
1056 3371 1187 3432 ominum
1205 3372 1309 3454 ingra-

139 3444 253 3538 titudo,
269 3445 330 3537 'qui
381 3467 446 3506 eum
473 3445 503 3506 in
548 3447 652 3528 piritus
672 3445 716 3506 sui
736 3445 822 3506 donis
842 3464 880 3506 eo
900 3445 1036 3538 audacius
1056 3459 1219 3527 respuunt,
1269 3469 1307 3508 uo

140 3520 311 3584 familiarius
331 3543 394 3584 sese
414 3521 519 3583 offert:
545 3545 602 3607 ego
627 3535 727 3582 tamen
748 3521 962 3614 chrysostomo
987 3522 1118 3584 libenter
1141 3469 1305 3594 subscribo,

140 3600 192 3736 qui
205 3598 410 3690 ‚peculiariter
435 3601 560 3691 Iudaeos
591 3600 649 3660 hoc
674 3598 753 3659 dicto
779 3598 884 3690 fuisse·
897 3600 1069 3691 perstrictos
1101 3611 1194 3681 putat.
1242 3600 1308 3661 Sed

140 3675 1308 3845 ‚itit’dit3233{⁰lttatfftnftttdtttt⁰titatff‘ttn'l’dt

138 3828 278 3921 colomp
299 3830 398 3890 natali.
443 3830 545 3920 Quare
571 3840 677 3918 merito
704 3827 761 3888 illis
782 3829 952 3920 exprobrat,
979 3831 1079 3909 quod,
1104 3851 1194 3921 quum
1220 3831 1308 3913 primi

140 3905 300 3967 debuerint
323 3905 452 3967 oblatam
476 3905 533 3965 srbr
552 3917 678 3988 graham
695 3903 850 3989 amplecti,
876 3905 980 3986 procul
1000 3927 1017 3966 a
1035 3925 1066 3967 re
1085 3908 1236 3969 rerimant:
1265 3921 1309 3968 est

138 3982 218 4042 enim
236 3981 321 4044 valde
341 3981 513 4056 absurdum,
531 3981 633 4064 sperni
651 3981 682 4040 in
704 4001 741 4042 eo
760 3981 830 4043 loco
850 3983 910 4043 Dei
927 3981 1125 4063 Prophetam,
1148 3983 1202 4044 ubi
1223 3997 1307 4045 natira

140 4068 195 4134 ext,
214 4058 261 4118 cui
280 4058 332 4119 alii
351 4060 457 4139 capide
476 4058 559 4119 velut
576 4056 742 4119 adventicio
763 4069 932 4120 occurrunt.
1171 4085 1176 4106 ¹

214 4139 262 4200 68·
299 4134 371 4196 Noa
392 4133 483 4196 edidit
504 4135 567 4198 illio
588 4135 713 4196 mes.
756 4135 852 4218 blagis
877 4135 1040 4216 emphatice
1065 4137 1183 4198 Marcus
1209 4135 1307 4218 loqui-

138 4221 202 4282 tur,
227 4210 308 4288 quod
332 4233 394 4272 non
410 4217 538 4288 pom
554 4212 643 4273 ullam
661 4212 799 4276 virtutem
819 4213 917 4274 edere.
955 4213 992 4272 ln
1010 4235 1123 4275 summa
1142 4225 1243 4276 umen
1262 4213 1307 4274 rei

139 4285 252 4366 optime
283 4289 487 4364 consentiunt,
517 4289 636 4351 Christo
667 4287 772 4350 civium
803 4309 923 4350 suorum
947 4289 1099 4370 impietate
1124 4291 1306 4371 praeclusam

138 4361 228 4424 luisse
246 4361 340 4441 dam,
364 4384 404 4426 ne
427 4364 527 4446 plnres
552 4367 630 4446 apud
654 4385 706 4429 eor
729 4366 852 4442 subatra
876 4365 989 4428 aderet.
1028 4367 1156 4440 Gustum
1175 4367 1305 4449 ahquern

198 1323 258 1442 gne
276 1301 477 1364 testimonium
502 1301 631 1361 reddunt
651 1301 763 1363 Christi
788 1299 957 1372 doctrinae,
988 1318 1063 1378 quae
1091 1310 1188 1358 tamen
1209 1299 1314 1361 locum
1342 1319 1349 1326 ·

244 1399 261 1440 e
