2768 4834
362 319 366 350 ,
449 266 583 329 omno
604 241 639 331 {a
661 277 786 330 nouus.
1006 249 1007 258 ἵ
1124 263 1182 346 173

130 417 229 478 llattb.
248 421 297 482 22
335 416 474 479 locem
491 425 624 496 corpores
641 435 682 482 ost
700 423 810 485 oorslus.
847 422 1024 484 Tenendum
1039 429 1180 492 mmoria

72 495 191 574 estquod
211 495 293 572 prius
312 495 433 570 monui,
461 499 591 561 concisas
612 499 659 558 hic
678 501 783 560 referri
801 501 976 575 sententias,
1001 521 1063 560 non
1083 516 1180 566 autem

126 582 219 630 etuans
244 591 308 632 esse
334 572 518 633 concionem.
568 575 687 635 Summa
713 596 806 668 porro
832 577 916 637 buius
940 579 1103 640 sententiae
1127 595 1182 659 est,

100 647 192 708 cordia
220 667 321 709 mre
347 648 497 725 homines,
526 652 594 731 quia
620 651 725 712 intente
751 675 813 720 non
832 666 910 732 sunt,
928 665 962 712 ut
982 653 1120 728 decebat,
1149 659 1181 718 in

66 737 157 784 rectum
180 743 232 784 sco
257 747 315 785 um.
361 725 450 786 Unde
474 727 551 786 enim
573 729 605 787 lit
623 739 657 786 ut
674 730 800 810 turpiter
818 751 852 790 ra
877 742 978 822 eutur²
1006 731 1053 790 vel
1073 732 1181 826 impin·
1223 737 1229 763 ¹

65 814 129 882 gant,
145 799 191 861 rel
212 801 240 860 la
266 815 363 876 autur,
382 803 437 862 nisi
456 804 524 883 quia
544 816 685 885 comrpto
705 805 825 880 iudicio,
844 749 913 867 <bum
932 829 989 867 suas
1010 807 1181 878 libidinibus

65 897 133 954 qnam
154 877 214 937 Dei
228 875 369 938 iustitiae
395 879 519 960 obsequi
544 881 672 955 malunt,
700 903 762 942 nou
781 885 872 943 modo
892 884 1040 950 suffocant
1058 886 1181 948 rationis

64 953 149 1028 locem,
168 973 247 1033 quae
268 976 372 1016 eorum
392 957 481 1015 vitam
500 977 605 1039 regere
626 958 777 1032 debuerat,
796 961 847 1019 sed
867 981 986 1040 prorsus
999 961 1031 1020 in
1043 961 1181 1024 tenebras

63 1030 240 1091 convertunt?
299 1031 497 1093 Similitudine
522 1045 619 1093 autern
642 1035 734 1098 utitur
758 1035 910 1110 Christus,
948 1037 1066 1097 oculum
1089 1040 1182 1101 totius

63 1107 176 1186 corporis
196 1107 353 1168 lucernam
372 1129 497 1182 vocans,
522 1111 581 1169 acsi
600 1110 727 1170 diceret:
759 1133 846 1190 quum
868 1112 1000 1174 homines
1021 1113 1182 1192 ambulant,

63 1203 140 1262 neque
162 1203 292 1259 manus,
322 1206 419 1267 nequq
440 1187 545 1266 pedes,
573 1206 670 1265 neque
689 1199 822 1247 ventrem
842 1190 989 1270 regendae
1008 1188 1073 1250 riae
1114 1213 1195 1264 rae-2

61 1277 122 1334 esse,
147 1259 321 1322 sedunum
346 1263 464 1322 oculum
488 1261 629 1322 sufficere¹
650 1263 752 1322 ducem
773 1263 892 1343 reliquis
911 1265 1059 1325 membris.
1092 1211 1181 1350 burgo

62 1335 195 1396 utemue
214 1337 354 1400 ferantur
372 1359 474 1400 manus
494 1351 525 1399 et
543 1338 649 1418 pedes,
693 1358 732 1397 uo
752 1338 871 1399 minime
891 1341 1048 1429 coprenit,
1071 1345 1182 1407 enoris

63 1411 132 1502 eulpa
154 1413 252 1474 oculis
279 1415 338 1473 erit
361 1414 546 1496 imputanda,
579 1414 668 1492 quio
703 1415 779 1474 cium
798 1433 861 1474 non
879 1414 999 1476 faciunt
1037 1417 1125 1480 Nunc
1144 1421 1183 1482 ad
1217 1463 1221 1472 -v
1289 1470 1291 1481 .

63 1507 166 1548 ananum
185 1491 398 1551 transferenda
418 1503 462 1551 est
480 1491 648 1551 similitudo.
678 1490 796 1572 Singuli
815 1491 938 1552 affectus
958 1493 1100 1570 quaedam
1112 1508 1182 1556 suut

64 1564 134 1622 reluti
153 1565 214 1626 eins
233 1567 389 1643 membra,
420 1569 471 1628 sed
492 1567 559 1647 quia
578 1587 682 1647 perse
703 1566 787 1628 coeci
806 1579 890 1640 sunt,
922 1567 1085 1630 directione
1105 1591 1181 1652 opus

64 1639 161 1700 labent.
206 1643 274 1702 lam
294 1644 377 1703 Dens
395 1641 540 1724 rationem
556 1643 679 1720 indidit,
710 1665 785 1724 quae
806 1664 856 1705 eos
875 1645 906 1703 in
926 1643 1061 1706 ordinem
1081 1660 1182 1730 cogat,

65 1717 234 1780 etlueernae
261 1719 378 1800 polleat
402 1719 502 1781 officio
528 1721 564 1781 ad
589 1721 664 1782 viam
689 1721 916 1781 monstrandam.
976 1721 1059 1796 Quid
1083 1735 1180 1784 sutem

79 1793 213 1874 lemmqne
244 1797 313 1856 fieri
343 1797 437 1857 solet?
480 1799 594 1876 Nempe
623 1797 757 1857 homines
789 1797 928 1878 quicquid
955 1799 1044 1859 sanae
1073 1800 1182 1862 mentis

64 1813 141 1930 btum
160 1883 223 1930 erat
241 1883 568 1964 spontercorrumpunt
586 1893 620 1932 ac
639 1886 826 1953 pervertunt,
858 1885 892 1933 ut
910 1893 948 1934 ne
967 1873 1093 1936 scintilla
1114 1879 1180 1960 qui-

26 1953 27 1970 *
66 1946 116 2004 dem
132 1968 184 2006 una
204 1948 282 2009 lncrs
302 1949 417 2009 residua
429 1962 561 2010 maneat.
605 1949 728 2010 uadum
745 1951 901 2026 simplicem
918 1963 1022 2028 vocat,
1052 1953 1103 2046 qui
1122 1975 1179 2015 nec
1205 1986 1212 2008 a

65 2019 122 2082 lema
143 2024 237 2103 aliqua
263 2025 416 2099 obtectus,
449 2047 504 2086 nec
524 2025 699 2118 lippitudine
718 2027 842 2088 infectus
863 2038 922 2100 est,
952 2047 1009 2088 nec
1028 2029 1086 2090 also
1106 2031 1180 2092 vitio

64 2095 171 2159 laborat:
199 2108 334 2182 πονηρὸν
352 2102 458 2182 accipit
476 2123 532 2182 pro
552 2103 666 2162 vitioso.
707 2103 820 2178 corpus
838 2101 980 2180 lucidum,
1011 2105 1092 2185 quod
1110 2106 1179 2171 Illu-

66 2175 176 2251 ninatur,
194 2190 228 2238 ot
247 2177 386 2237 actiones
404 2195 468 2239 suas
489 2177 595 2238 habeat
604 2179 660 2238 rite
672 2179 857 2259 compositas.
868 2180 1087 2242 ''Tenedi-osum
1095 2203 1179 2257 vero,
1257 2215 1261 2241 ι

65 2251 127 2328 quod
153 2256 283 2314 confuso
315 2265 399 2314 motu
428 2255 460 2314 in
490 2255 585 2316 varios
622 2261 738 2315 errores
767 2255 871 2316 fertur.
927 2257 1068 2318 Videmus
1104 2278 1179 2339 ergo

67 2331 314 2404 (quemadmodum
338 2329 394 2390 iam
421 2331 498 2410 dixi)
524 2331 567 2390 bis
592 2331 688 2390 verbis
714 2330 834 2411 coargui
853 2331 1005 2392 bominum
1024 2333 1180 2414 ignaviam,

98 2403 210 2468 'mentis
229 2405 341 2468 oculos
360 2407 474 2488 aperire
494 2426 532 2467 ne
555 2406 652 2499 ligunt
671 2408 707 2466 ad
726 2405 935 2488 gubernandos
955 2428 1023 2468 suos
1044 2409 1178 2470 affectus.

68 2422 141 2552 blind
157 2497 253 2545 autem
275 2483 347 2542 hinc
366 2483 510 2576 colligunt
529 2427 679 2574 laprstae,
705 2481 819 2616 pollere
838 2481 954 2542 ratione
974 2493 1005 2542 et
1022 2484 1178 2562 prudentia

70 2553 192 2636 lomines,
210 2573 245 2620 ut
265 2560 361 2628 libera
380 2561 417 2620 sit
437 2560 492 2622 rllis
512 2559 586 2620 bom
607 2569 637 2619 et
655 2579 725 2616 mar
744 2556 863 2632 electio,
882 2556 1020 2616 frivolum
1041 2565 1179 2620 eutr-ne-

70 2651 112 2708 que
128 2636 200 2696 enim
221 2635 372 2712 Christus,
392 2657 448 2715 qua
468 2635 605 2696 facultate
626 2633 750 2714 praediti
769 2632 867 2706 simus,
887 2632 945 2693 boc
965 2633 1033 2695 loco
1053 2635 1179 2710 disserit,

70 2711 107 2768 sed
122 2715 267 2790 quomodo
290 2733 345 2772 nos
365 2713 514 2774 ambulare
535 2713 655 2786 deceat,
686 2722 720 2771 ut
738 2709 850 2770 scilicet
869 2709 900 2768 in
921 2720 1033 2770 certum
1052 2711 1179 2792 aliquem
1263 2768 1265 2776 .
1353 2713 1358 2730 '

69 2805 166 2864 scopum
184 2789 273 2850 simus
294 2789 410 2849 intenti.
447 2791 492 2850 Ac
516 2788 600 2849 simul
621 2789 719 2861 docet,
737 2798 832 2845 totum
854 2787 996 2846 humanae
1014 2787 1091 2853 vitae
1111 2801 1178 2848 cur-

70 2879 117 2920 aun
132 2863 193 2924 ideo
211 2864 408 2926 tenebrosum
429 2885 502 2941 esse,
523 2867 589 2945 quia
609 2885 697 2924 nemo
717 2875 830 2922 rectum
850 2862 939 2922 linem
949 2863 1006 2924 sibi
1019 2876 1180 3000 proponat,

70 2937 107 2994 sed
127 2959 220 3003 omnes
246 2941 307 3002 sibi
332 2942 368 3002 ad
388 2941 499 3002 malum
525 2941 630 3026 cupide
655 2939 825 3000 sectandum
837 2938 1031 3022 *indulgeant
1095 2953 1188 3002 ateor-

70 3013 173 3098 quidem,
191 3031 299 3078 natura
318 3018 479 3100 ingenitam
499 3040 561 3079 esse
582 3017 748 3078 bominibus
768 3017 925 3090 rationem,
944 3036 1000 3096 qua
1011 3017 1179 3080 discernant

70 3101 130 3149 uter
149 3096 213 3156 vitia
240 3105 275 3154 et
299 3094 436 3168 virtutes,
466 3096 517 3154 scd
542 3095 581 3154 ita
602 3103 724 3174 peccato
744 3092 873 3153 vitiatam
893 3113 956 3153 esse
976 3093 1059 3168 dico,
1088 3106 1122 3154 ut
1142 3096 1179 3156 ad

70 3163 175 3248 singulos
192 3191 295 3254 passus
316 3171 440 3232 deficiat.
478 3172 596 3231 Interea
617 3191 678 3229 non
696 3169 844 3249 sequitur,
874 3169 945 3246 quin
964 3169 1102 3230 tenebras
1121 3171 1179 3232 sibi

70 3257 153 3318 utute
170 3257 320 3310 arcessant
338 3247 474 3328 bomines
508 3247 566 3308 acsi
586 3245 687 3307 clausis
709 3244 801 3306 oculis
821 3243 954 3306 oblatum
971 3245 1071 3306 lumen
1091 3246 1178 3330 fuge-

70 3330 133 3394 rent,
159 3325 223 3404 quia
242 3323 370 3384 scientes
384 3335 422 3384 et
438 3291 572 3384 volentes
591 3335 660 3403 post
678 3343 742 3382 suas
762 3321 1015 3402 concupiscentias
1034 3322 1177 3386 feruntur.

126 3402 169 3465 23
209 3401 248 3461 Si
272 3401 368 3460 lm
412 3399 472 3460 uod
491 3404 523 3460 ira
546 3414 573 3458 ts
596 3413 652 3489 ost²
681 3413 733 3458 etr.
779 3397 894 3457 hamon
916 3411 1004 3460 vocat
1021 3400 1179 3478 rationem,

71 3475 304 3557 quantulacunque
338 3477 368 3536 in
391 3423 567 3537 bominibus
592 3474 705 3556 reliqua
730 3486 830 3534 manet
853 3485 922 3556 post
944 3475 1056 3557 lapsum
1079 3477 1178 3538 Adae:

69 3545 175 3611 lentim
196 3568 312 3628 autem,
344 3573 454 3614 crassos
480 3553 603 3613 affectus
628 3564 658 3612 et
684 3551 840 3612 belluinos.
885 3551 994 3613 Sensus
1015 3564 1059 3612 est
1078 3552 1179 3634 igitur,

70 3621 153 3685 ¹¹tirum
170 3650 230 3690 non
253 3649 328 3705 esse,
347 3633 371 3689 si
388 3642 450 3690 tam
468 3630 557 3690 foede
578 3628 722 3708 pecudum
742 3648 826 3687 more
845 3627 877 3686 in
887 3627 1027 3688 vitiorum
1041 3627 1103 3687 luto
1113 3647 1178 3688 sese

69 3691 180 3765 honines
200 3707 355 3783 volutent,
385 3706 624 3786 quandoquidem
642 3704 722 3765 nulla
742 3716 787 3765 est
805 3705 896 3780 ratio,
929 3723 1005 3783 quae
1024 3723 1127 3763 coecas
1147 3715 1179 3763 et

69 3776 217 3842 tenebrosas
243 3783 338 3856 earnis
364 3783 500 3844 libidines
524 3794 617 3864 regat
666 3781 780 3841 Lumen
803 3801 876 3841 reso
901 3781 972 3841 dicit
993 3783 1026 3837 in
1049 3777 1179 3838 madeas

70 3860 189 3931 mm,
218 3879 282 3919 non
306 3861 396 3921 modo
418 3881 508 3950 quum
526 3859 632 3917 mentis
650 3879 719 3919 suae
738 3857 876 3918 iudicium
897 3855 984 3916 obrui
1001 3855 1102 3912 sinunt
1120 3855 1178 3915 bo-

69 3924 144 3989 ffllssts
181 3937 255 3996 raris
276 3937 369 3998 caruis
389 3934 568 4008 libidinibus,
587 3934 685 3995 sedin
710 3934 807 3995 eniam
826 3955 909 3992 suum
951 3929 1073 3991 erversis
1092 3931 1178 4022 cogi-

69 3955 206 4070 aunulfus
231 4014 371 4074 dedentes
397 4011 478 4105 quasi
503 4011 533 4070 in
559 4010 670 4072 belluas
689 3955 884 4103 degenerant
928 3955 1067 4098 l'idemus
1088 4027 1177 4082 emm,

72 4085 96 4131 “l
117 4083 236 4176 maligne
267 4091 303 4149 ad
327 4101 460 4149 astutiam
486 4087 645 4148 dellectant
670 4087 802 4147 hommes
827 4084 966 4163 quicquid
991 4083 1089 4142 datum
1114 4097 1178 4144 erat

71 4155 238 4280 pudendae,
262 4175 295 4224 ut
312 4165 368 4224 sibi
386 4166 502 4224 fodiant
523 4163 681 4243 profundas
702 4163 911 4254 cogitationes,
931 4159 1175 4248 quemadmodum

87 4230 129 4289 uit
148 4235 318 4320 Propheta„
338 4255 371 4302 ut
395 4240 584 4320 subterfugiis
608 4239 665 4300 suis
691 4241 758 4300 freti
781 4249 919 4317 proterve
944 4235 1012 4294 Deo
1036 4237 1178 4296 insultent

72 4300 128 4374 (les.
142 4317 190 4386 Ἢ,
207 4319 283 4406 la),
302 4317 427 4398 denique
448 4315 608 4376 innumeris
624 4317 718 4376 modis
738 4317 774 4376 ad
793 4336 824 4374 se
843 4313 1010 4401 perdendos
1029 4313 1176 4403 ingeniosi

72 4393 121 4441 “tt
141 4403 283 4470 appetant
329 4394 430 4471 Quare
450 4415 513 4456 non
533 4393 584 4458 abs
604 4414 636 4456 re
656 4390 830 4473 pronuntiat
850 4389 1000 4466 eltutus,
1030 4389 1094 4450 fiel't
1114 4399 1199 4448 norr‘
1247 4413 1256 4434 o
