<?xml version="1.0" encoding="UTF-8"?>
<!DOCTYPE html PUBLIC "-//W3C//DTD XHTML 1.0 Transitional//EN"
    "http://www.w3.org/TR/xhtml1/DTD/xhtml1-transitional.dtd">
<html xmlns="http://www.w3.org/1999/xhtml" xml:lang="en" lang="en">
 <head>
  <title>
</title>
<meta http-equiv="Content-Type" content="text/html;charset=utf-8" />
  <meta name='ocr-system' content='tesseract 3.04.00' />
  <meta name='ocr-capabilities' content='ocr_page ocr_carea ocr_par ocr_line ocrx_word'/>
</head>
<body>
  <div class='ocr_page' id='page_1' title='image "./innovumtestamen00calvgoog_0374.png"; bbox 0 0 2814 4846; ppageno 0'>
   <div class='ocr_carea' id='block_1_1' title="bbox 158 187 1291 308">
    <p class='ocr_par' dir='ltr' id='par_1_1' title="bbox 158 187 1291 308">
     <span class='ocr_line' id='line_1_1' title="bbox 158 187 1291 308; baseline -0.002 -17"><span class='ocrx_word' id='word_1_1' title='bbox 158 225 350 306; x_wconf 74' lang='lat' dir='ltr'><strong>(tot-1⁰4.</strong></span> <span class='ocrx_word' id='word_1_2' title='bbox 376 219 601 284; x_wconf 79' lang='lat' dir='ltr'>Pharisaeorum</span> <span class='ocrx_word' id='word_1_3' title='bbox 620 221 773 286; x_wconf 86' lang='lat' dir='ltr'><strong>calumnia.</strong></span> <span class='ocrx_word' id='word_1_4' title='bbox 813 221 925 288; x_wconf 87' lang='lat' dir='ltr'><strong>Christi</strong></span> <span class='ocrx_word' id='word_1_5' title='bbox 940 225 1124 308; x_wconf 81' lang='lat' dir='ltr'><strong>responsio.)</strong></span> <span class='ocrx_word' id='word_1_6' title='bbox 1159 231 1218 296; x_wconf 68' lang='lat' dir='ltr'><strong>m</strong></span> <span class='ocrx_word' id='word_1_7' title='bbox 1288 187 1291 194; x_wconf 18' lang='grc' dir='ltr'><em>ι</em></span> 
     </span>
    </p>
   </div>
   <div class='ocr_carea' id='block_1_2' title="bbox 10 375 1282 4450">
    <p class='ocr_par' dir='ltr' id='par_1_2' title="bbox 10 375 1282 4450">
     <span class='ocr_line' id='line_1_2' title="bbox 82 375 1219 471; baseline 0 -30"><span class='ocrx_word' id='word_1_8' title='bbox 82 375 351 461; x_wconf 70' lang='lat' dir='ltr'><strong>hypocrisinfquasi</strong></span> <span class='ocrx_word' id='word_1_9' title='bbox 365 377 476 436; x_wconf 81' lang='lat' dir='ltr'><strong>fumumr</strong></span> <span class='ocrx_word' id='word_1_10' title='bbox 496 375 612 438; x_wconf 80' lang='lat' dir='ltr'><strong>discutit</strong></span> <span class='ocrx_word' id='word_1_11' title='bbox 624 375 766 454; x_wconf 84' lang='lat' dir='ltr'><strong>Christus,</strong></span> <span class='ocrx_word' id='word_1_12' title='bbox 786 396 838 438; x_wconf 89' lang='lat' dir='ltr'><strong>eos</strong></span> <span class='ocrx_word' id='word_1_13' title='bbox 857 379 894 440; x_wconf 88' lang='lat' dir='ltr'><strong>ad</strong></span> <span class='ocrx_word' id='word_1_14' title='bbox 913 379 1036 440; x_wconf 89' lang='lat' dir='ltr'><strong>solidam</strong></span> <span class='ocrx_word' id='word_1_15' title='bbox 1055 399 1219 471; x_wconf 85' lang='lat' dir='ltr'><strong>puramque</strong></span> 
     </span>
     <span class='ocr_line' id='line_1_3' title="bbox 82 453 1217 536; baseline -0.001 -18"><span class='ocrx_word' id='word_1_16' title='bbox 82 455 291 518; x_wconf 72' lang='lat' dir='ltr'>rectitudinem</span> <span class='ocrx_word' id='word_1_17' title='bbox 311 473 464 515; x_wconf 88' lang='lat' dir='ltr'><strong>revocans.</strong></span> <span class='ocrx_word' id='word_1_18' title='bbox 502 453 624 514; x_wconf 88' lang='lat' dir='ltr'><strong>Modum</strong></span> <span class='ocrx_word' id='word_1_19' title='bbox 635 465 748 534; x_wconf 68' lang='lat' dir='ltr'><strong>,postea</strong></span> <span class='ocrx_word' id='word_1_20' title='bbox 768 465 798 514; x_wconf 92' lang='lat' dir='ltr'><strong>et</strong></span> <span class='ocrx_word' id='word_1_21' title='bbox 817 455 963 516; x_wconf 86' lang='lat' dir='ltr'><strong>rationem</strong></span> <span class='ocrx_word' id='word_1_22' title='bbox 983 457 1135 536; x_wconf 82' lang='lat' dir='ltr'><strong>exprrmit,</strong></span> <span class='ocrx_word' id='word_1_23' title='bbox 1159 477 1217 536; x_wconf 91' lang='lat' dir='ltr'><strong>qna</strong></span> 
     </span>
     <span class='ocr_line' id='line_1_4' title="bbox 82 530 1219 612; baseline 0 -18"><span class='ocrx_word' id='word_1_24' title='bbox 82 555 113 594; x_wconf 92' lang='lat' dir='ltr'><strong>se</strong></span> <span class='ocrx_word' id='word_1_25' title='bbox 132 531 230 592; x_wconf 90' lang='lat' dir='ltr'><strong>bonas</strong></span> <span class='ocrx_word' id='word_1_26' title='bbox 251 530 374 590; x_wconf 88' lang='lat' dir='ltr'><strong>arbores</strong></span> <span class='ocrx_word' id='word_1_27' title='bbox 394 530 444 593; x_wconf 87' lang='lat' dir='ltr'><strong>vel</strong></span> <span class='ocrx_word' id='word_1_28' title='bbox 458 530 548 592; x_wconf 86' lang='lat' dir='ltr'><strong>malas</strong></span> <span class='ocrx_word' id='word_1_29' title='bbox 568 531 740 604; x_wconf 72' lang='lat' dir='ltr'><strong>ostendant,</strong></span> <span class='ocrx_word' id='word_1_30' title='bbox 765 552 873 612; x_wconf 86' lang='lat' dir='ltr'>nempe</span> <span class='ocrx_word' id='word_1_31' title='bbox 897 533 922 595; x_wconf 90' lang='lat' dir='ltr'><strong>si</strong></span> <span class='ocrx_word' id='word_1_32' title='bbox 946 533 1102 612; x_wconf 85' lang='lat' dir='ltr'><strong>proferant</strong></span> <span class='ocrx_word' id='word_1_33' title='bbox 1121 533 1219 594; x_wconf 89' lang='lat' dir='ltr'><strong>bonos</strong></span> 
     </span>
     <span class='ocr_line' id='line_1_5' title="bbox 82 607 1219 692; baseline -0.002 -22"><span class='ocrx_word' id='word_1_34' title='bbox 82 611 193 670; x_wconf 84' lang='lat' dir='ltr'><strong>fructus</strong></span> <span class='ocrx_word' id='word_1_35' title='bbox 218 607 269 668; x_wconf 86' lang='lat' dir='ltr'><strong>vel</strong></span> <span class='ocrx_word' id='word_1_36' title='bbox 289 607 390 668; x_wconf 90' lang='lat' dir='ltr'><strong>malos.</strong></span> <span class='ocrx_word' id='word_1_37' title='bbox 430 607 491 668; x_wconf 92' lang='lat' dir='ltr'><strong>Iam</strong></span> <span class='ocrx_word' id='word_1_38' title='bbox 518 608 549 666; x_wconf 90' lang='lat' dir='ltr'><strong>iu</strong></span> <span class='ocrx_word' id='word_1_39' title='bbox 575 627 662 667; x_wconf 87' lang='lat' dir='ltr'><strong>sensu</strong></span> <span class='ocrx_word' id='word_1_40' title='bbox 682 608 756 668; x_wconf 85' lang='lat' dir='ltr'><strong>nihil</strong></span> <span class='ocrx_word' id='word_1_41' title='bbox 776 620 820 668; x_wconf 90' lang='lat' dir='ltr'><strong>est</strong></span> <span class='ocrx_word' id='word_1_42' title='bbox 839 609 1017 692; x_wconf 88' lang='lat' dir='ltr'><strong>ambiguum.</strong></span> <span class='ocrx_word' id='word_1_43' title='bbox 1056 609 1125 669; x_wconf 87' lang='lat' dir='ltr'><strong>Vita</strong></span> <span class='ocrx_word' id='word_1_44' title='bbox 1144 610 1219 669; x_wconf 88' lang='lat' dir='ltr'><strong>scri-</strong></span> 
     </span>
     <span class='ocr_line' id='line_1_6' title="bbox 82 681 1218 765; baseline -0.002 -19"><span class='ocrx_word' id='word_1_45' title='bbox 82 687 186 746; x_wconf 89' lang='lat' dir='ltr'><strong>barum</strong></span> <span class='ocrx_word' id='word_1_46' title='bbox 207 685 311 746; x_wconf 89' lang='lat' dir='ltr'><strong>crassis</strong></span> <span class='ocrx_word' id='word_1_47' title='bbox 331 681 449 765; x_wconf 85' lang='lat' dir='ltr'><strong>flagitiis</strong></span> <span class='ocrx_word' id='word_1_48' title='bbox 469 684 548 764; x_wconf 87' lang='lat' dir='ltr'><strong>apud</strong></span> <span class='ocrx_word' id='word_1_49' title='bbox 566 684 701 746; x_wconf 89' lang='lat' dir='ltr'><strong>homines</strong></span> <span class='ocrx_word' id='word_1_50' title='bbox 720 685 836 746; x_wconf 89' lang='lat' dir='ltr'><strong>infamis</strong></span> <span class='ocrx_word' id='word_1_51' title='bbox 855 706 918 747; x_wconf 89' lang='lat' dir='ltr'><strong>non</strong></span> <span class='ocrx_word' id='word_1_52' title='bbox 938 697 1016 746; x_wconf 91' lang='lat' dir='ltr'><strong>erat:</strong></span> <span class='ocrx_word' id='word_1_53' title='bbox 1036 685 1149 746; x_wconf 89' lang='lat' dir='ltr'><strong>interea</strong></span> <span class='ocrx_word' id='word_1_54' title='bbox 1169 707 1218 745; x_wconf 90' lang='lat' dir='ltr'><strong>su-</strong></span> 
     </span>
     <span class='ocr_line' id='line_1_7' title="bbox 83 759 1219 843; baseline 0 -21"><span class='ocrx_word' id='word_1_55' title='bbox 83 762 218 843; x_wconf 88' lang='lat' dir='ltr'><strong>perbiae,</strong></span> <span class='ocrx_word' id='word_1_56' title='bbox 238 760 409 822; x_wconf 81' lang='lat' dir='ltr'><strong>ambitionis</strong></span> <span class='ocrx_word' id='word_1_57' title='bbox 429 771 460 822; x_wconf 85' lang='lat' dir='ltr'><strong>et</strong></span> <span class='ocrx_word' id='word_1_58' title='bbox 478 759 605 821; x_wconf 78' lang='lat' dir='ltr'><strong>invidiae</strong></span> <span class='ocrx_word' id='word_1_59' title='bbox 625 762 703 824; x_wconf 84' lang='lat' dir='ltr'><strong>virus</strong></span> <span class='ocrx_word' id='word_1_60' title='bbox 721 762 780 822; x_wconf 83' lang='lat' dir='ltr'><strong>suis</strong></span> <span class='ocrx_word' id='word_1_61' title='bbox 799 761 951 822; x_wconf 89' lang='lat' dir='ltr'><strong>calumniis</strong></span> <span class='ocrx_word' id='word_1_62' title='bbox 971 761 1147 843; x_wconf 76' lang='lat' dir='ltr'><strong>prodebant,</strong></span> <span class='ocrx_word' id='word_1_63' title='bbox 1166 763 1219 822; x_wconf 88' lang='lat' dir='ltr'><strong>sed</strong></span> 
     </span>
     <span class='ocr_line' id='line_1_8' title="bbox 102 835 1221 917; baseline 0.002 -19"><span class='ocrx_word' id='word_1_64' title='bbox 102 840 149 898; x_wconf 86' lang='lat' dir='ltr'><strong>uia</strong></span> <span class='ocrx_word' id='word_1_65' title='bbox 176 840 236 899; x_wconf 93' lang='lat' dir='ltr'><strong>hoc</strong></span> <span class='ocrx_word' id='word_1_66' title='bbox 261 837 416 917; x_wconf 71' lang='lat' dir='ltr'><strong>posterius¹</strong></span> <span class='ocrx_word' id='word_1_67' title='bbox 434 839 522 898; x_wconf 88' lang='lat' dir='ltr'><strong>rudes</strong></span> <span class='ocrx_word' id='word_1_68' title='bbox 547 835 673 914; x_wconf 87' lang='lat' dir='ltr'><strong>latebat,</strong></span> <span class='ocrx_word' id='word_1_69' title='bbox 701 839 808 898; x_wconf 88' lang='lat' dir='ltr'><strong>malum</strong></span> <span class='ocrx_word' id='word_1_70' title='bbox 837 839 1007 899; x_wconf 89' lang='lat' dir='ltr'><strong>intestinum</strong></span> <span class='ocrx_word' id='word_1_71' title='bbox 1041 859 1076 899; x_wconf 84' lang='lat' dir='ltr'><strong>ex</strong></span> <span class='ocrx_word' id='word_1_72' title='bbox 1099 837 1221 900; x_wconf 88' lang='lat' dir='ltr'><strong>latebris</strong></span> 
     </span>
     <span class='ocr_line' id='line_1_9' title="bbox 83 861 1219 994; baseline 0 -18"><span class='ocrx_word' id='word_1_73' title='bbox 83 861 222 976; x_wconf 67' lang='lat' dir='ltr'><strong>hhristus</strong></span> <span class='ocrx_word' id='word_1_74' title='bbox 241 915 273 973; x_wconf 89' lang='lat' dir='ltr'><strong>in</strong></span> <span class='ocrx_word' id='word_1_75' title='bbox 295 914 390 974; x_wconf 87' lang='lat' dir='ltr'><strong>lucens</strong></span> <span class='ocrx_word' id='word_1_76' title='bbox 409 913 517 974; x_wconf 89' lang='lat' dir='ltr'><strong>educit.</strong></span> <span class='ocrx_word' id='word_1_77' title='bbox 556 912 589 972; x_wconf 90' lang='lat' dir='ltr'><strong>Si</strong></span> <span class='ocrx_word' id='word_1_78' title='bbox 608 912 672 994; x_wconf 90' lang='lat' dir='ltr'><strong>quis</strong></span> <span class='ocrx_word' id='word_1_79' title='bbox 686 915 817 989; x_wconf 86' lang='lat' dir='ltr'><strong>obiiciat,</strong></span> <span class='ocrx_word' id='word_1_80' title='bbox 834 917 866 976; x_wconf 90' lang='lat' dir='ltr'><strong>in</strong></span> <span class='ocrx_word' id='word_1_81' title='bbox 885 916 940 976; x_wconf 91' lang='lat' dir='ltr'><strong>hac</strong></span> <span class='ocrx_word' id='word_1_82' title='bbox 959 928 1081 976; x_wconf 90' lang='lat' dir='ltr'><strong>naturae</strong></span> <span class='ocrx_word' id='word_1_83' title='bbox 1100 925 1219 976; x_wconf 89' lang='lat' dir='ltr'><strong>nostrae</strong></span> 
     </span>
     <span class='ocr_line' id='line_1_10' title="bbox 83 989 1220 1082; baseline -0.001 -29"><span class='ocrx_word' id='word_1_84' title='bbox 83 989 255 1072; x_wconf 77' lang='lat' dir='ltr'><strong>corruptela</strong></span> <span class='ocrx_word' id='word_1_85' title='bbox 275 990 340 1050; x_wconf 88' lang='lat' dir='ltr'><strong>fueri</strong></span> <span class='ocrx_word' id='word_1_86' title='bbox 359 1010 420 1049; x_wconf 90' lang='lat' dir='ltr'><strong>non</strong></span> <span class='ocrx_word' id='word_1_87' title='bbox 440 1011 543 1082; x_wconf 76' lang='lat' dir='ltr'><strong>posse²</strong></span> <span class='ocrx_word' id='word_1_88' title='bbox 573 1001 606 1049; x_wconf 94' lang='lat' dir='ltr'><strong>ut</strong></span> <span class='ocrx_word' id='word_1_89' title='bbox 629 990 782 1071; x_wconf 88' lang='lat' dir='ltr'><strong>quisquam</strong></span> <span class='ocrx_word' id='word_1_90' title='bbox 807 993 925 1076; x_wconf 81' lang='lat' dir='ltr'><strong>integer</strong></span> <span class='ocrx_word' id='word_1_91' title='bbox 942 993 1060 1074; x_wconf 90' lang='lat' dir='ltr'><strong>penitus</strong></span> <span class='ocrx_word' id='word_1_92' title='bbox 1080 1003 1111 1052; x_wconf 90' lang='lat' dir='ltr'><strong>et</strong></span> <span class='ocrx_word' id='word_1_93' title='bbox 1128 1009 1220 1072; x_wconf 82' lang='lat' dir='ltr'><strong>purus</strong></span> 
     </span>
     <span class='ocr_line' id='line_1_11' title="bbox 82 1066 1221 1160; baseline 0.002 -32"><span class='ocrx_word' id='word_1_94' title='bbox 82 1069 119 1128; x_wconf 86' lang='lat' dir='ltr'><strong>ab</strong></span> <span class='ocrx_word' id='word_1_95' title='bbox 140 1067 226 1129; x_wconf 88' lang='lat' dir='ltr'><strong>omni</strong></span> <span class='ocrx_word' id='word_1_96' title='bbox 245 1067 319 1129; x_wconf 82' lang='lat' dir='ltr'><strong>vitio</strong></span> <span class='ocrx_word' id='word_1_97' title='bbox 339 1066 514 1148; x_wconf 76' lang='lat' dir='ltr'><strong>reperiatur,</strong></span> <span class='ocrx_word' id='word_1_98' title='bbox 533 1087 565 1126; x_wconf 87' lang='grc' dir='ltr'><strong>ιιι</strong></span> <span class='ocrx_word' id='word_1_99' title='bbox 581 1079 721 1160; x_wconf 88' lang='lat' dir='ltr'><strong>promptu</strong></span> <span class='ocrx_word' id='word_1_100' title='bbox 742 1079 786 1128; x_wconf 89' lang='lat' dir='ltr'><strong>est</strong></span> <span class='ocrx_word' id='word_1_101' title='bbox 804 1070 970 1150; x_wconf 84' lang='lat' dir='ltr'><strong>responsio,</strong></span> <span class='ocrx_word' id='word_1_102' title='bbox 989 1089 1052 1129; x_wconf 93' lang='lat' dir='ltr'><strong>non</strong></span> <span class='ocrx_word' id='word_1_103' title='bbox 1072 1067 1183 1159; x_wconf 75' lang='lat' dir='ltr'><strong>requiri</strong></span> <span class='ocrx_word' id='word_1_104' title='bbox 1203 1089 1221 1130; x_wconf 87' lang='lat' dir='ltr'><strong>a</strong></span> 
     </span>
     <span class='ocr_line' id='line_1_12' title="bbox 85 1144 1221 1224; baseline -0.001 -19"><span class='ocrx_word' id='word_1_105' title='bbox 85 1145 207 1206; x_wconf 84' lang='lat' dir='ltr'><strong>Christo</strong></span> <span class='ocrx_word' id='word_1_106' title='bbox 228 1155 358 1204; x_wconf 70' lang='lat' dir='ltr'><strong>maetam</strong></span> <span class='ocrx_word' id='word_1_107' title='bbox 377 1144 609 1224; x_wconf 76' lang='lat' dir='ltr'><strong>perfectionem,</strong></span> <span class='ocrx_word' id='word_1_108' title='bbox 627 1165 675 1205; x_wconf 86' lang='lat' dir='ltr'><strong>cus</strong></span> <span class='ocrx_word' id='word_1_109' title='bbox 694 1145 767 1204; x_wconf 89' lang='lat' dir='ltr'><strong>nihil</strong></span> <span class='ocrx_word' id='word_1_110' title='bbox 776 1145 861 1222; x_wconf 89' lang='lat' dir='ltr'><strong>desit,</strong></span> <span class='ocrx_word' id='word_1_111' title='bbox 880 1147 931 1206; x_wconf 90' lang='lat' dir='ltr'><strong>sed</strong></span> <span class='ocrx_word' id='word_1_112' title='bbox 951 1147 1089 1206; x_wconf 78' lang='lat' dir='ltr'><strong>duntaxat</strong></span> <span class='ocrx_word' id='word_1_113' title='bbox 1107 1165 1160 1206; x_wconf 88' lang='lat' dir='ltr'><strong>sun</strong></span> <span class='ocrx_word' id='word_1_114' title='bbox 1183 1144 1221 1204; x_wconf 91' lang='lat' dir='ltr'><strong>li-</strong></span> 
     </span>
     <span class='ocr_line' id='line_1_13' title="bbox 84 1165 1220 1300; baseline 0 -18"><span class='ocrx_word' id='word_1_115' title='bbox 84 1243 148 1282; x_wconf 89' lang='lat' dir='ltr'><strong>eem</strong></span> <span class='ocrx_word' id='word_1_116' title='bbox 174 1243 212 1282; x_wconf 90' lang='lat' dir='ltr'><strong>ac</strong></span> <span class='ocrx_word' id='word_1_117' title='bbox 237 1219 359 1281; x_wconf 90' lang='lat' dir='ltr'><strong>minime</strong></span> <span class='ocrx_word' id='word_1_118' title='bbox 377 1220 542 1282; x_wconf 88' lang='lat' dir='ltr'><strong>simulatum</strong></span> <span class='ocrx_word' id='word_1_119' title='bbox 562 1219 718 1295; x_wconf 86' lang='lat' dir='ltr'><strong>affectum,</strong></span> <span class='ocrx_word' id='word_1_120' title='bbox 747 1241 763 1280; x_wconf 93' lang='lat' dir='ltr'><strong>a</strong></span> <span class='ocrx_word' id='word_1_121' title='bbox 787 1243 848 1300; x_wconf 93' lang='lat' dir='ltr'><strong>quo</strong></span> <span class='ocrx_word' id='word_1_122' title='bbox 895 1222 979 1282; x_wconf 91' lang='lat' dir='ltr'><strong>rocnl</strong></span> <span class='ocrx_word' id='word_1_123' title='bbox 997 1222 1122 1282; x_wconf 87' lang='lat' dir='ltr'><strong>aberant</strong></span> <span class='ocrx_word' id='word_1_124' title='bbox 1140 1165 1220 1282; x_wconf 78' lang='lat' dir='ltr'><strong>Pla-</strong></span> 
     </span>
     <span class='ocr_line' id='line_1_14' title="bbox 84 1243 1219 1378; baseline 0 -20"><span class='ocrx_word' id='word_1_125' title='bbox 84 1299 169 1360; x_wconf 87' lang='lat' dir='ltr'><strong>risaei</strong></span> <span class='ocrx_word' id='word_1_126' title='bbox 191 1317 268 1378; x_wconf 89' lang='lat' dir='ltr'><strong>quos</strong></span> <span class='ocrx_word' id='word_1_127' title='bbox 288 1295 458 1378; x_wconf 89' lang='lat' dir='ltr'><strong>alloquitur.</strong></span> <span class='ocrx_word' id='word_1_128' title='bbox 496 1297 571 1357; x_wconf 87' lang='lat' dir='ltr'><strong>Nam</strong></span> <span class='ocrx_word' id='word_1_129' title='bbox 591 1307 624 1357; x_wconf 93' lang='lat' dir='ltr'><strong>ut</strong></span> <span class='ocrx_word' id='word_1_130' title='bbox 644 1297 797 1378; x_wconf 82' lang='lat' dir='ltr'><strong>Scriptura</strong></span> <span class='ocrx_word' id='word_1_131' title='bbox 822 1243 914 1358; x_wconf 76' lang='lat' dir='ltr'><strong>malbs</strong></span> <span class='ocrx_word' id='word_1_132' title='bbox 935 1311 965 1358; x_wconf 92' lang='lat' dir='ltr'><strong>et</strong></span> <span class='ocrx_word' id='word_1_133' title='bbox 983 1297 1142 1360; x_wconf 86' lang='lat' dir='ltr'><strong>sceleratos</strong></span> <span class='ocrx_word' id='word_1_134' title='bbox 1162 1319 1219 1358; x_wconf 94' lang='lat' dir='ltr'><strong>no-</strong></span> 
     </span>
     <span class='ocr_line' id='line_1_15' title="bbox 85 1373 1220 1466; baseline -0.001 -31"><span class='ocrx_word' id='word_1_135' title='bbox 85 1375 193 1450; x_wconf 86' lang='lat' dir='ltr'><strong>minat,</strong></span> <span class='ocrx_word' id='word_1_136' title='bbox 224 1374 276 1466; x_wconf 89' lang='lat' dir='ltr'><strong>qui</strong></span> <span class='ocrx_word' id='word_1_137' title='bbox 294 1373 421 1435; x_wconf 85' lang='lat' dir='ltr'><strong>Satanae</strong></span> <span class='ocrx_word' id='word_1_138' title='bbox 440 1394 561 1454; x_wconf 89' lang='lat' dir='ltr'><strong>prorsus</strong></span> <span class='ocrx_word' id='word_1_139' title='bbox 581 1373 673 1434; x_wconf 90' lang='lat' dir='ltr'><strong>dediti</strong></span> <span class='ocrx_word' id='word_1_140' title='bbox 692 1385 773 1447; x_wconf 89' lang='lat' dir='ltr'><strong>sunt,</strong></span> <span class='ocrx_word' id='word_1_141' title='bbox 793 1373 833 1434; x_wconf 86' lang='lat' dir='ltr'><strong>ita</strong></span> <span class='ocrx_word' id='word_1_142' title='bbox 852 1373 983 1434; x_wconf 88' lang='lat' dir='ltr'><strong>sinceros</strong></span> <span class='ocrx_word' id='word_1_143' title='bbox 1002 1374 1061 1434; x_wconf 89' lang='lat' dir='ltr'><strong>Dei</strong></span> <span class='ocrx_word' id='word_1_144' title='bbox 1081 1373 1220 1448; x_wconf 89' lang='lat' dir='ltr'><strong>cultores,</strong></span> 
     </span>
     <span class='ocr_line' id='line_1_16' title="bbox 85 1449 1222 1532; baseline -0.001 -21"><span class='ocrx_word' id='word_1_145' title='bbox 85 1451 217 1532; x_wconf 85' lang='lat' dir='ltr'><strong>quamvis</strong></span> <span class='ocrx_word' id='word_1_146' title='bbox 237 1449 407 1526; x_wconf 75' lang='lat' dir='ltr'><strong>infirmitate</strong></span> <span class='ocrx_word' id='word_1_147' title='bbox 427 1451 522 1512; x_wconf 85' lang='lat' dir='ltr'><strong>carnis</strong></span> <span class='ocrx_word' id='word_1_148' title='bbox 541 1469 609 1510; x_wconf 88' lang='lat' dir='ltr'><strong>suae</strong></span> <span class='ocrx_word' id='word_1_149' title='bbox 630 1461 661 1511; x_wconf 88' lang='lat' dir='ltr'><strong>et</strong></span> <span class='ocrx_word' id='word_1_150' title='bbox 679 1449 776 1510; x_wconf 89' lang='lat' dir='ltr'><strong>multis</strong></span> <span class='ocrx_word' id='word_1_151' title='bbox 791 1449 869 1511; x_wconf 84' lang='lat' dir='ltr'><strong>vitiis</strong></span> <span class='ocrx_word' id='word_1_152' title='bbox 880 1450 1051 1510; x_wconf 88' lang='lat' dir='ltr'><strong>circumdati</strong></span> <span class='ocrx_word' id='word_1_153' title='bbox 1060 1449 1114 1511; x_wconf 90' lang='lat' dir='ltr'><strong>sub</strong></span> <span class='ocrx_word' id='word_1_154' title='bbox 1127 1469 1222 1510; x_wconf 90' lang='lat' dir='ltr'><strong>onere</strong></span> 
     </span>
     <span class='ocr_line' id='line_1_17' title="bbox 107 1524 1222 1620; baseline -0.002 -32"><span class='ocrx_word' id='word_1_155' title='bbox 107 1539 224 1604; x_wconf 87' lang='lat' dir='ltr'><strong>emant,</strong></span> <span class='ocrx_word' id='word_1_156' title='bbox 257 1525 354 1588; x_wconf 90' lang='lat' dir='ltr'><strong>bonos</strong></span> <span class='ocrx_word' id='word_1_157' title='bbox 374 1539 473 1588; x_wconf 85' lang='lat' dir='ltr'><strong>tamen</strong></span> <span class='ocrx_word' id='word_1_158' title='bbox 491 1537 596 1602; x_wconf 85' lang='lat' dir='ltr'><strong>vocat,</strong></span> <span class='ocrx_word' id='word_1_159' title='bbox 627 1538 715 1608; x_wconf 92' lang='lat' dir='ltr'><strong>atque</strong></span> <span class='ocrx_word' id='word_1_160' title='bbox 735 1526 793 1587; x_wconf 90' lang='lat' dir='ltr'><strong>hoc</strong></span> <span class='ocrx_word' id='word_1_161' title='bbox 812 1527 940 1620; x_wconf 84' lang='lat' dir='ltr'><strong>gratuita</strong></span> <span class='ocrx_word' id='word_1_162' title='bbox 958 1527 1018 1587; x_wconf 93' lang='lat' dir='ltr'><strong>Dei</strong></span> <span class='ocrx_word' id='word_1_163' title='bbox 1037 1524 1222 1608; x_wconf 85' lang='lat' dir='ltr'><strong>indulgentia</strong></span> 
     </span>
     <span class='ocr_line' id='line_1_18' title="bbox 85 1549 1221 1740; baseline -0.004 -74"><span class='ocrx_word' id='word_1_164' title='bbox 85 1549 135 1684; x_wconf 73' lang='lat' dir='ltr'><strong>lt,</strong></span> <span class='ocrx_word' id='word_1_165' title='bbox 164 1615 279 1665; x_wconf 78' lang='lat' dir='ltr'><strong>uttam</strong></span> <span class='ocrx_word' id='word_1_166' title='bbox 300 1605 465 1664; x_wconf 86' lang='lat' dir='ltr'><strong>honorifico</strong></span> <span class='ocrx_word' id='word_1_167' title='bbox 484 1603 573 1663; x_wconf 90' lang='lat' dir='ltr'><strong>titulo</strong></span> <span class='ocrx_word' id='word_1_168' title='bbox 594 1604 746 1688; x_wconf 85' lang='lat' dir='ltr'><strong>dignetur,</strong></span> <span class='ocrx_word' id='word_1_169' title='bbox 772 1625 821 1740; x_wconf 83' lang='lat' dir='ltr'><strong>qus</strong></span> <span class='ocrx_word' id='word_1_170' title='bbox 841 1601 878 1664; x_wconf 90' lang='lat' dir='ltr'><strong>ad</strong></span> <span class='ocrx_word' id='word_1_171' title='bbox 898 1603 1062 1664; x_wconf 90' lang='lat' dir='ltr'><strong>bonitatem</strong></span> <span class='ocrx_word' id='word_1_172' title='bbox 1082 1624 1111 1664; x_wconf 89' lang='lat' dir='ltr'><strong>as</strong></span> <span class='ocrx_word' id='word_1_173' title='bbox 1135 1603 1221 1662; x_wconf 81' lang='lat' dir='ltr'><strong>icant.</strong></span> 
     </span>
     <span class='ocr_line' id='line_1_19' title="bbox 161 1679 1221 1758; baseline -0.001 -18"><span class='ocrx_word' id='word_1_174' title='bbox 161 1688 211 1748; x_wconf 80' lang='grc'><strong>34.</strong></span> <span class='ocrx_word' id='word_1_175' title='bbox 250 1679 409 1758; x_wconf 78' lang='lat' dir='ltr'><strong>Progesrr&#39;es</strong></span> <span class='ocrx_word' id='word_1_176' title='bbox 433 1683 605 1757; x_wconf 78' lang='lat' dir='ltr'><strong>viperarum.</strong></span> <span class='ocrx_word' id='word_1_177' title='bbox 645 1681 772 1740; x_wconf 86' lang='lat' dir='ltr'><strong>Similitu</strong></span> <span class='ocrx_word' id='word_1_178' title='bbox 793 1682 872 1742; x_wconf 91' lang='lat' dir='ltr'><strong>inem</strong></span> <span class='ocrx_word' id='word_1_179' title='bbox 902 1681 1019 1742; x_wconf 88' lang='lat' dir='ltr'><strong>arboris</strong></span> <span class='ocrx_word' id='word_1_180' title='bbox 1049 1691 1080 1740; x_wconf 93' lang='lat' dir='ltr'><strong>et</strong></span> <span class='ocrx_word' id='word_1_181' title='bbox 1158 1691 1221 1740; x_wconf 88' lang='lat' dir='ltr'><strong>ctus</strong></span> 
     </span>
     <span class='ocr_line' id='line_1_20' title="bbox 85 1757 1222 1832; baseline -0.004 -12"><span class='ocrx_word' id='word_1_182' title='bbox 85 1759 146 1820; x_wconf 87' lang='lat' dir='ltr'><strong>boc</strong></span> <span class='ocrx_word' id='word_1_183' title='bbox 165 1757 237 1818; x_wconf 91' lang='lat' dir='ltr'><strong>loco</strong></span> <span class='ocrx_word' id='word_1_184' title='bbox 256 1768 371 1818; x_wconf 73' lang='lat' dir='ltr'><strong>mutum</strong></span> <span class='ocrx_word' id='word_1_185' title='bbox 391 1759 426 1818; x_wconf 89' lang='lat' dir='ltr'><strong>ad</strong></span> <span class='ocrx_word' id='word_1_186' title='bbox 446 1778 612 1818; x_wconf 87' lang='lat' dir='ltr'><strong>sermonem</strong></span> <span class='ocrx_word' id='word_1_187' title='bbox 624 1757 757 1819; x_wconf 83' lang='lat' dir='ltr'><strong>Christus</strong></span> <span class='ocrx_word' id='word_1_188' title='bbox 769 1759 982 1832; x_wconf 86' lang='lat' dir='ltr'><strong>accommodat,</strong></span> <span class='ocrx_word' id='word_1_189' title='bbox 1023 1757 1140 1817; x_wconf 88' lang='lat' dir='ltr'><strong>uoniam</strong></span> <span class='ocrx_word' id='word_1_190' title='bbox 1153 1757 1222 1816; x_wconf 87' lang='lat' dir='ltr'><strong>bine</strong></span> 
     </span>
     <span class='ocr_line' id='line_1_21' title="bbox 86 1779 1223 1918; baseline -0.002 -22"><span class='ocrx_word' id='word_1_191' title='bbox 86 1835 190 1918; x_wconf 88' lang='lat' dir='ltr'><strong>detegi</strong></span> <span class='ocrx_word' id='word_1_192' title='bbox 217 1845 337 1914; x_wconf 89' lang='lat' dir='ltr'><strong>poterat</strong></span> <span class='ocrx_word' id='word_1_193' title='bbox 361 1835 487 1896; x_wconf 88' lang='lat' dir='ltr'><strong>interior</strong></span> <span class='ocrx_word' id='word_1_194' title='bbox 511 1846 541 1894; x_wconf 89' lang='lat' dir='ltr'><strong>et</strong></span> <span class='ocrx_word' id='word_1_195' title='bbox 566 1834 745 1894; x_wconf 88' lang='lat' dir='ltr'><strong>clandestina</strong></span> <span class='ocrx_word' id='word_1_196' title='bbox 770 1833 941 1894; x_wconf 89' lang='lat' dir='ltr'><strong>Scribarum</strong></span> <span class='ocrx_word' id='word_1_197' title='bbox 968 1779 1096 1908; x_wconf 66' lang='lat' dir='ltr'><strong>militia,</strong></span> <span class='ocrx_word' id='word_1_198' title='bbox 1133 1845 1223 1913; x_wconf 89' lang='lat' dir='ltr'><strong>atque</strong></span> 
     </span>
     <span class='ocr_line' id='line_1_22' title="bbox 86 1909 1222 1992; baseline -0.002 -20"><span class='ocrx_word' id='word_1_199' title='bbox 86 1913 160 1972; x_wconf 87' lang='lat' dir='ltr'><strong>baec</strong></span> <span class='ocrx_word' id='word_1_200' title='bbox 180 1912 259 1972; x_wconf 90' lang='lat' dir='ltr'><strong>ratio</strong></span> <span class='ocrx_word' id='word_1_201' title='bbox 279 1922 334 1984; x_wconf 86' lang='lat' dir='ltr'><strong>est,</strong></span> <span class='ocrx_word' id='word_1_202' title='bbox 353 1933 404 1972; x_wconf 91' lang='lat' dir='ltr'><strong>cur</strong></span> <span class='ocrx_word' id='word_1_203' title='bbox 423 1922 537 1970; x_wconf 90' lang='lat' dir='ltr'><strong>tantum</strong></span> <span class='ocrx_word' id='word_1_204' title='bbox 556 1909 587 1970; x_wconf 92' lang='lat' dir='ltr'><strong>in</strong></span> <span class='ocrx_word' id='word_1_205' title='bbox 608 1913 661 1972; x_wconf 87' lang='lat' dir='ltr'><strong>hac</strong></span> <span class='ocrx_word' id='word_1_206' title='bbox 680 1931 739 1971; x_wconf 91' lang='lat' dir='ltr'><strong>una</strong></span> <span class='ocrx_word' id='word_1_207' title='bbox 758 1912 895 1992; x_wconf 88' lang='lat' dir='ltr'><strong>peccatis</strong></span> <span class='ocrx_word' id='word_1_208' title='bbox 919 1911 981 1973; x_wconf 89' lang='lat' dir='ltr'><strong>ecic</strong></span> <span class='ocrx_word' id='word_1_209' title='bbox 992 1911 1114 1972; x_wconf 88' lang='lat' dir='ltr'><strong>insistat.</strong></span> <span class='ocrx_word' id='word_1_210' title='bbox 1142 1910 1222 1985; x_wconf 88' lang='lat' dir='ltr'><strong>Quia</strong></span> 
     </span>
     <span class='ocr_line' id='line_1_23' title="bbox 87 1933 1222 2070; baseline -0.003 -21"><span class='ocrx_word' id='word_1_211' title='bbox 87 2009 162 2070; x_wconf 87' lang='lat' dir='ltr'><strong>ergo</strong></span> <span class='ocrx_word' id='word_1_212' title='bbox 182 1987 263 2048; x_wconf 86' lang='lat' dir='ltr'><strong>falsis</strong></span> <span class='ocrx_word' id='word_1_213' title='bbox 283 1987 547 2049; x_wconf 87' lang='lat' dir='ltr'><strong>obtrectationibus</strong></span> <span class='ocrx_word' id='word_1_214' title='bbox 571 1988 780 2068; x_wconf 87' lang='lat' dir='ltr'><strong>prodiderant,</strong></span> <span class='ocrx_word' id='word_1_215' title='bbox 819 1933 956 2069; x_wconf 58' lang='lat' dir='ltr'><strong>quatita</strong></span> <span class='ocrx_word' id='word_1_216' title='bbox 979 1988 1094 2069; x_wconf 88' lang='lat' dir='ltr'><strong>reliqua</strong></span> <span class='ocrx_word' id='word_1_217' title='bbox 1117 2007 1222 2048; x_wconf 92' lang='lat' dir='ltr'><strong>eorum</strong></span> 
     </span>
     <span class='ocr_line' id='line_1_24' title="bbox 86 2061 1222 2145; baseline -0.001 -21"><span class='ocrx_word' id='word_1_218' title='bbox 86 2065 149 2126; x_wconf 83' lang='lat' dir='ltr'><strong>uita</strong></span> <span class='ocrx_word' id='word_1_219' title='bbox 175 2085 240 2125; x_wconf 90' lang='lat' dir='ltr'><strong>uon</strong></span> <span class='ocrx_word' id='word_1_220' title='bbox 264 2063 304 2124; x_wconf 92' lang='lat' dir='ltr'><strong>ita</strong></span> <span class='ocrx_word' id='word_1_221' title='bbox 329 2064 517 2145; x_wconf 88' lang='lat' dir='ltr'><strong>perspicuum</strong></span> <span class='ocrx_word' id='word_1_222' title='bbox 542 2077 621 2140; x_wconf 87' lang='lat' dir='ltr'><strong>erat,</strong></span> <span class='ocrx_word' id='word_1_223' title='bbox 654 2085 757 2125; x_wconf 83' lang='lat' dir='ltr'><strong>severe</strong></span> <span class='ocrx_word' id='word_1_224' title='bbox 782 2065 813 2125; x_wconf 91' lang='lat' dir='ltr'><strong>in</strong></span> <span class='ocrx_word' id='word_1_225' title='bbox 839 2085 891 2126; x_wconf 88' lang='lat' dir='ltr'><strong>eos</strong></span> <span class='ocrx_word' id='word_1_226' title='bbox 912 2061 1046 2126; x_wconf 87' lang='lat' dir='ltr'><strong>Christus</strong></span> <span class='ocrx_word' id='word_1_227' title='bbox 1065 2064 1222 2124; x_wconf 84' lang='lat' dir='ltr'><strong>invehitur.</strong></span> 
     </span>
     <span class='ocr_line' id='line_1_25' title="bbox 88 2139 1224 2223; baseline -0.004 -20"><span class='ocrx_word' id='word_1_228' title='bbox 88 2143 160 2203; x_wconf 87' lang='lat' dir='ltr'><strong>Non</strong></span> <span class='ocrx_word' id='word_1_229' title='bbox 179 2141 287 2200; x_wconf 88' lang='lat' dir='ltr'><strong>mirum</strong></span> <span class='ocrx_word' id='word_1_230' title='bbox 308 2153 361 2217; x_wconf 90' lang='lat' dir='ltr'><strong>est,</strong></span> <span class='ocrx_word' id='word_1_231' title='bbox 380 2141 486 2220; x_wconf 80' lang='lat' dir='ltr'><strong>inquit,</strong></span> <span class='ocrx_word' id='word_1_232' title='bbox 505 2141 622 2202; x_wconf 83' lang='lat' dir='ltr'><strong>simale</strong></span> <span class='ocrx_word' id='word_1_233' title='bbox 642 2139 733 2202; x_wconf 88' lang='lat' dir='ltr'><strong>verba</strong></span> <span class='ocrx_word' id='word_1_234' title='bbox 751 2142 898 2218; x_wconf 88' lang='lat' dir='ltr'><strong>evomitis,</strong></span> <span class='ocrx_word' id='word_1_235' title='bbox 919 2141 1156 2223; x_wconf 89' lang='lat' dir='ltr'><strong>quandoquidem</strong></span> <span class='ocrx_word' id='word_1_236' title='bbox 1169 2161 1224 2202; x_wconf 89' lang='lat' dir='ltr'><strong>cor</strong></span> 
     </span>
     <span class='ocr_line' id='line_1_26' title="bbox 87 2216 1222 2310; baseline -0.004 -30"><span class='ocrx_word' id='word_1_237' title='bbox 87 2229 220 2280; x_wconf 86' lang='lat' dir='ltr'><strong>vestrum</strong></span> <span class='ocrx_word' id='word_1_238' title='bbox 237 2216 348 2278; x_wconf 89' lang='lat' dir='ltr'><strong>malitia</strong></span> <span class='ocrx_word' id='word_1_239' title='bbox 367 2218 510 2278; x_wconf 87' lang='lat' dir='ltr'><strong>refertum</strong></span> <span class='ocrx_word' id='word_1_240' title='bbox 530 2231 582 2278; x_wconf 90' lang='lat' dir='ltr'><strong>est.</strong></span> <span class='ocrx_word' id='word_1_241' title='bbox 606 2219 670 2280; x_wconf 84' lang='lat' dir='ltr'><strong>Nec</strong></span> <span class='ocrx_word' id='word_1_242' title='bbox 683 2238 754 2278; x_wconf 84' lang='lat' dir='ltr'><strong>vero</strong></span> <span class='ocrx_word' id='word_1_243' title='bbox 766 2219 863 2279; x_wconf 90' lang='lat' dir='ltr'><strong>mitius</strong></span> <span class='ocrx_word' id='word_1_244' title='bbox 883 2241 948 2279; x_wconf 89' lang='lat' dir='ltr'><strong>curu</strong></span> <span class='ocrx_word' id='word_1_245' title='bbox 968 2217 1025 2279; x_wconf 92' lang='lat' dir='ltr'><strong>illis</strong></span> <span class='ocrx_word' id='word_1_246' title='bbox 1046 2219 1093 2310; x_wconf 90' lang='lat' dir='ltr'><strong>agi</strong></span> <span class='ocrx_word' id='word_1_247' title='bbox 1112 2217 1222 2298; x_wconf 83' lang='lat' dir='ltr'><strong>potuit,</strong></span> 
     </span>
     <span class='ocr_line' id='line_1_27' title="bbox 87 2293 1222 2386; baseline 0 -32"><span class='ocrx_word' id='word_1_248' title='bbox 87 2315 128 2354; x_wconf 92' lang='lat' dir='ltr'><strong>ne</strong></span> <span class='ocrx_word' id='word_1_249' title='bbox 148 2296 197 2356; x_wconf 90' lang='lat' dir='ltr'><strong>cui</strong></span> <span class='ocrx_word' id='word_1_250' title='bbox 215 2295 351 2356; x_wconf 78' lang='lat' dir='ltr'><strong>rideatur</strong></span> <span class='ocrx_word' id='word_1_251' title='bbox 369 2295 524 2357; x_wconf 88' lang='lat' dir='ltr'><strong>immodica</strong></span> <span class='ocrx_word' id='word_1_252' title='bbox 549 2315 611 2356; x_wconf 87' lang='lat' dir='ltr'><strong>esse</strong></span> <span class='ocrx_word' id='word_1_253' title='bbox 632 2294 812 2376; x_wconf 89' lang='lat' dir='ltr'><strong>obiurgatio.</strong></span> <span class='ocrx_word' id='word_1_254' title='bbox 849 2297 1004 2356; x_wconf 84' lang='lat' dir='ltr'><strong>Merentur</strong></span> <span class='ocrx_word' id='word_1_255' title='bbox 1028 2295 1145 2386; x_wconf 82' lang='lat' dir='ltr'><strong>qurdem</strong></span> <span class='ocrx_word' id='word_1_256' title='bbox 1166 2293 1222 2354; x_wconf 87' lang='lat' dir='ltr'><strong>alia</strong></span> 
     </span>
     <span class='ocr_line' id='line_1_28' title="bbox 89 2370 1223 2462; baseline -0.001 -31"><span class='ocrx_word' id='word_1_257' title='bbox 89 2383 213 2452; x_wconf 90' lang='lat' dir='ltr'><strong>peccata</strong></span> <span class='ocrx_word' id='word_1_258' title='bbox 238 2370 324 2433; x_wconf 87' lang='lat' dir='ltr'><strong>duras</strong></span> <span class='ocrx_word' id='word_1_259' title='bbox 347 2371 609 2454; x_wconf 85' lang='lat' dir='ltr'><strong>reprehensiones,</strong></span> <span class='ocrx_word' id='word_1_260' title='bbox 638 2373 689 2432; x_wconf 91' lang='lat' dir='ltr'><strong>sed</strong></span> <span class='ocrx_word' id='word_1_261' title='bbox 715 2371 766 2431; x_wconf 93' lang='lat' dir='ltr'><strong>ubi</strong></span> <span class='ocrx_word' id='word_1_262' title='bbox 791 2370 889 2432; x_wconf 83' lang='lat' dir='ltr'><strong>flexilo</strong></span> <span class='ocrx_word' id='word_1_263' title='bbox 911 2371 941 2431; x_wconf 92' lang='lat' dir='ltr'><strong>ui</strong></span> <span class='ocrx_word' id='word_1_264' title='bbox 967 2372 1115 2446; x_wconf 87' lang='lat' dir='ltr'><strong>hommes,</strong></span> <span class='ocrx_word' id='word_1_265' title='bbox 1141 2371 1223 2462; x_wconf 88' lang='lat' dir='ltr'><strong>quod</strong></span> 
     </span>
     <span class='ocr_line' id='line_1_29' title="bbox 89 2393 1222 2540; baseline -0.004 -32"><span class='ocrx_word' id='word_1_266' title='bbox 89 2461 204 2509; x_wconf 86' lang='lat' dir='ltr'><strong>rectum</strong></span> <span class='ocrx_word' id='word_1_267' title='bbox 225 2459 270 2510; x_wconf 89' lang='lat' dir='ltr'><strong>est</strong></span> <span class='ocrx_word' id='word_1_268' title='bbox 287 2449 464 2540; x_wconf 86' lang='lat' dir='ltr'><strong>depravant,</strong></span> <span class='ocrx_word' id='word_1_269' title='bbox 482 2448 530 2511; x_wconf 81' lang='lat' dir='ltr'><strong>rel</strong></span> <span class='ocrx_word' id='word_1_270' title='bbox 552 2449 684 2511; x_wconf 89' lang='lat' dir='ltr'><strong>colorem</strong></span> <span class='ocrx_word' id='word_1_271' title='bbox 703 2446 848 2509; x_wconf 87' lang='lat' dir='ltr'><strong>inducunt</strong></span> <span class='ocrx_word' id='word_1_272' title='bbox 867 2393 955 2508; x_wconf 74' lang='lat' dir='ltr'><strong>rebus</strong></span> <span class='ocrx_word' id='word_1_273' title='bbox 973 2446 1101 2523; x_wconf 90' lang='lat' dir='ltr'><strong>vitiosis,</strong></span> <span class='ocrx_word' id='word_1_274' title='bbox 1133 2448 1222 2528; x_wconf 74' lang='lat' dir='ltr'><strong>digna</strong></span> 
     </span>
     <span class='ocr_line' id='line_1_30' title="bbox 89 2521 1223 2608; baseline -0.004 -22"><span class='ocrx_word' id='word_1_275' title='bbox 89 2537 135 2586; x_wconf 88' lang='lat' dir='ltr'><strong>est</strong></span> <span class='ocrx_word' id='word_1_276' title='bbox 155 2526 230 2586; x_wconf 89' lang='lat' dir='ltr'><strong>haec</strong></span> <span class='ocrx_word' id='word_1_277' title='bbox 249 2538 393 2604; x_wconf 74' lang='lat' dir='ltr'><strong>pravitas,</strong></span> <span class='ocrx_word' id='word_1_278' title='bbox 418 2527 449 2586; x_wconf 93' lang='lat' dir='ltr'><strong>in</strong></span> <span class='ocrx_word' id='word_1_279' title='bbox 468 2547 556 2608; x_wconf 89' lang='lat' dir='ltr'><strong>quarn</strong></span> <span class='ocrx_word' id='word_1_280' title='bbox 574 2526 656 2587; x_wconf 88' lang='lat' dir='ltr'><strong>Deus</strong></span> <span class='ocrx_word' id='word_1_281' title='bbox 676 2523 727 2584; x_wconf 90' lang='lat' dir='ltr'><strong>lon</strong></span> <span class='ocrx_word' id='word_1_282' title='bbox 751 2546 768 2586; x_wconf 90' lang='lat' dir='ltr'><strong>e</strong></span> <span class='ocrx_word' id='word_1_283' title='bbox 786 2524 988 2584; x_wconf 85' lang='lat' dir='ltr'><strong>vehementius</strong></span> <span class='ocrx_word' id='word_1_284' title='bbox 1008 2544 1094 2602; x_wconf 90' lang='lat' dir='ltr'><strong>quam</strong></span> <span class='ocrx_word' id='word_1_285' title='bbox 1114 2522 1146 2580; x_wconf 91' lang='lat' dir='ltr'><strong>in</strong></span> <span class='ocrx_word' id='word_1_286' title='bbox 1166 2521 1223 2582; x_wconf 85' lang='lat' dir='ltr'><strong>alia</strong></span> 
     </span>
     <span class='ocr_line' id='line_1_31' title="bbox 111 2598 1223 2675; baseline -0.004 -13"><span class='ocrx_word' id='word_1_287' title='bbox 111 2614 212 2662; x_wconf 88' lang='lat' dir='ltr'><strong>ereata</strong></span> <span class='ocrx_word' id='word_1_288' title='bbox 232 2600 376 2663; x_wconf 79' lang='lat' dir='ltr'><strong>fulminet.</strong></span> <span class='ocrx_word' id='word_1_289' title='bbox 416 2603 582 2666; x_wconf 84' lang='lat' dir='ltr'><strong>Consilium</strong></span> <span class='ocrx_word' id='word_1_290' title='bbox 601 2612 698 2663; x_wconf 90' lang='lat' dir='ltr'><strong>autern</strong></span> <span class='ocrx_word' id='word_1_291' title='bbox 749 2601 830 2661; x_wconf 85' lang='lat' dir='ltr'><strong>bristi</strong></span> <span class='ocrx_word' id='word_1_292' title='bbox 850 2600 916 2675; x_wconf 87' lang='lat' dir='ltr'><strong>fuit,</strong></span> <span class='ocrx_word' id='word_1_293' title='bbox 937 2611 1035 2659; x_wconf 91' lang='lat' dir='ltr'><strong>utres</strong></span> <span class='ocrx_word' id='word_1_294' title='bbox 1055 2609 1123 2660; x_wconf 88' lang='lat' dir='ltr'><strong>nata</strong></span> <span class='ocrx_word' id='word_1_295' title='bbox 1143 2598 1223 2658; x_wconf 88' lang='lat' dir='ltr'><strong>fere-</strong></span> 
     </span>
     <span class='ocr_line' id='line_1_32' title="bbox 89 2623 1224 2759; baseline -0.005 -21"><span class='ocrx_word' id='word_1_296' title='bbox 89 2623 151 2754; x_wconf 68' lang='lat' dir='ltr'><strong>bat,</strong></span> <span class='ocrx_word' id='word_1_297' title='bbox 169 2678 291 2759; x_wconf 90' lang='lat' dir='ltr'><strong>impiam</strong></span> <span class='ocrx_word' id='word_1_298' title='bbox 308 2679 489 2759; x_wconf 75' lang='lat' dir='ltr'><strong>sopttsticen</strong></span> <span class='ocrx_word' id='word_1_299' title='bbox 510 2681 662 2755; x_wconf 88' lang='lat' dir='ltr'><strong>damnare,</strong></span> <span class='ocrx_word' id='word_1_300' title='bbox 683 2700 757 2759; x_wconf 89' lang='lat' dir='ltr'><strong>quae</strong></span> <span class='ocrx_word' id='word_1_301' title='bbox 776 2677 872 2738; x_wconf 91' lang='lat' dir='ltr'><strong>lucem</strong></span> <span class='ocrx_word' id='word_1_302' title='bbox 892 2677 922 2736; x_wconf 93' lang='lat' dir='ltr'><strong>in</strong></span> <span class='ocrx_word' id='word_1_303' title='bbox 941 2675 1079 2736; x_wconf 87' lang='lat' dir='ltr'><strong>tenebras</strong></span> <span class='ocrx_word' id='word_1_304' title='bbox 1098 2695 1224 2736; x_wconf 82' lang='lat' dir='ltr'><strong>couver-</strong></span> 
     </span>
     <span class='ocr_line' id='line_1_33' title="bbox 88 2751 1225 2837; baseline -0.005 -22"><span class='ocrx_word' id='word_1_305' title='bbox 88 2755 134 2815; x_wconf 86' lang='lat' dir='ltr'><strong>tit.</strong></span> <span class='ocrx_word' id='word_1_306' title='bbox 173 2755 277 2815; x_wconf 87' lang='lat' dir='ltr'><strong>Docet</strong></span> <span class='ocrx_word' id='word_1_307' title='bbox 300 2775 333 2816; x_wconf 89' lang='lat' dir='ltr'><strong>er</strong></span> <span class='ocrx_word' id='word_1_308' title='bbox 355 2777 374 2816; x_wconf 92' lang='lat' dir='ltr'><strong>o</strong></span> <span class='ocrx_word' id='word_1_309' title='bbox 400 2757 449 2818; x_wconf 88' lang='lat' dir='ltr'><strong>bic</strong></span> <span class='ocrx_word' id='word_1_310' title='bbox 479 2757 577 2833; x_wconf 86' lang='lat' dir='ltr'><strong>locus,</strong></span> <span class='ocrx_word' id='word_1_311' title='bbox 608 2777 694 2837; x_wconf 92' lang='lat' dir='ltr'><strong>quam</strong></span> <span class='ocrx_word' id='word_1_312' title='bbox 746 2752 851 2816; x_wconf 87' lang='lat' dir='ltr'><strong>retiosa</strong></span> <span class='ocrx_word' id='word_1_313' title='bbox 880 2754 919 2814; x_wconf 90' lang='lat' dir='ltr'><strong>sit</strong></span> <span class='ocrx_word' id='word_1_314' title='bbox 947 2751 1079 2814; x_wconf 91' lang='lat' dir='ltr'><strong>Domino</strong></span> <span class='ocrx_word' id='word_1_315' title='bbox 1107 2751 1225 2825; x_wconf 85' lang='lat' dir='ltr'><strong>veritas,</strong></span> 
     </span>
     <span class='ocr_line' id='line_1_34' title="bbox 89 2777 1225 2915; baseline -0.006 -22"><span class='ocrx_word' id='word_1_316' title='bbox 89 2833 173 2894; x_wconf 90' lang='lat' dir='ltr'><strong>cuius</strong></span> <span class='ocrx_word' id='word_1_317' title='bbox 192 2843 253 2892; x_wconf 88' lang='lat' dir='ltr'><strong>tam</strong></span> <span class='ocrx_word' id='word_1_318' title='bbox 271 2777 383 2915; x_wconf 71' lang='lat' dir='ltr'><strong>uigiles</strong></span> <span class='ocrx_word' id='word_1_319' title='bbox 404 2845 447 2896; x_wconf 88' lang='lat' dir='ltr'><strong>est</strong></span> <span class='ocrx_word' id='word_1_320' title='bbox 467 2846 594 2895; x_wconf 86' lang='lat' dir='ltr'><strong>assertor</strong></span> <span class='ocrx_word' id='word_1_321' title='bbox 613 2846 644 2896; x_wconf 90' lang='lat' dir='ltr'><strong>et</strong></span> <span class='ocrx_word' id='word_1_322' title='bbox 663 2777 776 2894; x_wconf 64' lang='lat' dir='ltr'><strong>vindex.</strong></span> <span class='ocrx_word' id='word_1_323' title='bbox 813 2833 913 2911; x_wconf 81' lang='lat' dir='ltr'><strong>Atque</strong></span> <span class='ocrx_word' id='word_1_324' title='bbox 932 2830 1043 2890; x_wconf 90' lang='lat' dir='ltr'><strong>utinam</strong></span> <span class='ocrx_word' id='word_1_325' title='bbox 1056 2827 1225 2912; x_wconf 88' lang='lat' dir='ltr'><strong>diligentius</strong></span> 
     </span>
     <span class='ocr_line' id='line_1_35' title="bbox 89 2904 1224 2990; baseline -0.004 -22"><span class='ocrx_word' id='word_1_326' title='bbox 89 2911 150 2972; x_wconf 94' lang='lat' dir='ltr'><strong>hoc</strong></span> <span class='ocrx_word' id='word_1_327' title='bbox 169 2909 382 2988; x_wconf 84' lang='lat' dir='ltr'><strong>expenderent,</strong></span> <span class='ocrx_word' id='word_1_328' title='bbox 401 2911 554 2990; x_wconf 88' lang='lat' dir='ltr'><strong>quihnsad</strong></span> <span class='ocrx_word' id='word_1_329' title='bbox 574 2911 697 2972; x_wconf 90' lang='lat' dir='ltr'><strong>tuendas</strong></span> <span class='ocrx_word' id='word_1_330' title='bbox 717 2908 830 2990; x_wconf 78' lang='lat' dir='ltr'><strong>quasvis</strong></span> <span class='ocrx_word' id='word_1_331' title='bbox 850 2927 949 2969; x_wconf 85' lang='lat' dir='ltr'><strong>causas</strong></span> <span class='ocrx_word' id='word_1_332' title='bbox 968 2907 1119 2989; x_wconf 83' lang='lat' dir='ltr'><strong>ingenium</strong></span> <span class='ocrx_word' id='word_1_333' title='bbox 1138 2904 1224 2964; x_wconf 88' lang='lat' dir='ltr'><strong>nimis</strong></span> 
     </span>
     <span class='ocr_line' id='line_1_36' title="bbox 90 2981 1248 3068; baseline -0.005 -22"><span class='ocrx_word' id='word_1_334' title='bbox 90 2997 137 3046; x_wconf 89' lang='lat' dir='ltr'><strong>est</strong></span> <span class='ocrx_word' id='word_1_335' title='bbox 155 2983 309 3061; x_wconf 83' lang='lat' dir='ltr'><strong>versatile,</strong></span> <span class='ocrx_word' id='word_1_336' title='bbox 339 2999 370 3046; x_wconf 94' lang='lat' dir='ltr'><strong>et</strong></span> <span class='ocrx_word' id='word_1_337' title='bbox 389 2988 439 3066; x_wconf 91' lang='lat' dir='ltr'><strong>qui</strong></span> <span class='ocrx_word' id='word_1_338' title='bbox 459 2987 592 3048; x_wconf 83' lang='lat' dir='ltr'><strong>secandis</strong></span> <span class='ocrx_word' id='word_1_339' title='bbox 611 2987 779 3068; x_wconf 87' lang='lat' dir='ltr'><strong>imposturis</strong></span> <span class='ocrx_word' id='word_1_340' title='bbox 800 2985 931 3068; x_wconf 85' lang='lat' dir='ltr'><strong>linguam</strong></span> <span class='ocrx_word' id='word_1_341' title='bbox 950 2984 1061 3044; x_wconf 88' lang='lat' dir='ltr'><strong>habent</strong></span> <span class='ocrx_word' id='word_1_342' title='bbox 1079 2981 1224 3044; x_wconf 83' lang='lat' dir='ltr'><strong>venalem.</strong></span> <span class='ocrx_word' id='word_1_343' title='bbox 1243 3051 1248 3058; x_wconf 46' lang='grc'><strong><em>,</em></strong></span> 
     </span>
     <span class='ocr_line' id='line_1_37' title="bbox 89 3057 1225 3142; baseline -0.005 -20"><span class='ocrx_word' id='word_1_344' title='bbox 89 3062 270 3123; x_wconf 86' lang='lat' dir='ltr'><strong>Praesertim</strong></span> <span class='ocrx_word' id='word_1_345' title='bbox 289 3083 362 3124; x_wconf 89' lang='lat' dir='ltr'><strong>vero</strong></span> <span class='ocrx_word' id='word_1_346' title='bbox 382 3063 412 3122; x_wconf 91' lang='lat' dir='ltr'><strong>iu</strong></span> <span class='ocrx_word' id='word_1_347' title='bbox 433 3083 484 3125; x_wconf 89' lang='lat' dir='ltr'><strong>eos</strong></span> <span class='ocrx_word' id='word_1_348' title='bbox 504 3063 842 3138; x_wconf 82' lang='lat' dir='ltr'><strong>excandescitChristus,</strong></span> <span class='ocrx_word' id='word_1_349' title='bbox 862 3081 936 3142; x_wconf 88' lang='lat' dir='ltr'><strong>quos</strong></span> <span class='ocrx_word' id='word_1_350' title='bbox 954 3061 1004 3122; x_wconf 82' lang='lat' dir='ltr'><strong>vel</strong></span> <span class='ocrx_word' id='word_1_351' title='bbox 1023 3059 1156 3135; x_wconf 87' lang='lat' dir='ltr'><strong>ambitio,</strong></span> <span class='ocrx_word' id='word_1_352' title='bbox 1174 3057 1225 3120; x_wconf 79' lang='lat' dir='ltr'><strong>rel</strong></span> 
     </span>
     <span class='ocr_line' id='line_1_38' title="bbox 90 3135 1225 3221; baseline -0.004 -23"><span class='ocrx_word' id='word_1_353' title='bbox 90 3139 186 3214; x_wconf 84' lang='lat' dir='ltr'><strong>livor,</strong></span> <span class='ocrx_word' id='word_1_354' title='bbox 217 3136 265 3200; x_wconf 80' lang='lat' dir='ltr'><strong>rel</strong></span> <span class='ocrx_word' id='word_1_355' title='bbox 285 3138 404 3219; x_wconf 88' lang='lat' dir='ltr'><strong>obliqua</strong></span> <span class='ocrx_word' id='word_1_356' title='bbox 424 3139 480 3202; x_wconf 89' lang='lat' dir='ltr'><strong>alia</strong></span> <span class='ocrx_word' id='word_1_357' title='bbox 500 3141 643 3221; x_wconf 88' lang='lat' dir='ltr'><strong>cupiditas</strong></span> <span class='ocrx_word' id='word_1_358' title='bbox 663 3141 700 3200; x_wconf 89' lang='lat' dir='ltr'><strong>ad</strong></span> <span class='ocrx_word' id='word_1_359' title='bbox 718 3139 951 3200; x_wconf 90' lang='lat' dir='ltr'><strong>maledicendum</strong></span> <span class='ocrx_word' id='word_1_360' title='bbox 970 3137 1111 3218; x_wconf 87' lang='lat' dir='ltr'><strong>impellit,</strong></span> <span class='ocrx_word' id='word_1_361' title='bbox 1137 3135 1225 3196; x_wconf 87' lang='lat' dir='ltr'><strong>etiam</strong></span> 
     </span>
     <span class='ocr_line' id='line_1_39' title="bbox 90 3211 1225 3296; baseline -0.004 -20"><span class='ocrx_word' id='word_1_362' title='bbox 90 3215 145 3276; x_wconf 91' lang='lat' dir='ltr'><strong>ubi</strong></span> <span class='ocrx_word' id='word_1_363' title='bbox 164 3213 240 3274; x_wconf 91' lang='lat' dir='ltr'><strong>nihil</strong></span> <span class='ocrx_word' id='word_1_364' title='bbox 260 3227 321 3291; x_wconf 89' lang='lat' dir='ltr'><strong>est,</strong></span> <span class='ocrx_word' id='word_1_365' title='bbox 349 3217 431 3296; x_wconf 92' lang='lat' dir='ltr'><strong>quod</strong></span> <span class='ocrx_word' id='word_1_366' title='bbox 454 3237 558 3278; x_wconf 88' lang='lat' dir='ltr'><strong>eorum</strong></span> <span class='ocrx_word' id='word_1_367' title='bbox 582 3218 763 3279; x_wconf 89' lang='lat' dir='ltr'><strong>conscientia</strong></span> <span class='ocrx_word' id='word_1_368' title='bbox 787 3215 946 3296; x_wconf 89' lang='lat' dir='ltr'><strong>improbet.</strong></span> <span class='ocrx_word' id='word_1_369' title='bbox 985 3211 1100 3275; x_wconf 87' lang='lat' dir='ltr'><strong>Contra</strong></span> <span class='ocrx_word' id='word_1_370' title='bbox 1119 3212 1225 3272; x_wconf 89' lang='lat' dir='ltr'><strong>Phari-</strong></span> 
     </span>
     <span class='ocr_line' id='line_1_40' title="bbox 91 3290 1226 3382; baseline -0.004 -29"><span class='ocrx_word' id='word_1_371' title='bbox 91 3311 179 3353; x_wconf 83' lang='lat' dir='ltr'><strong>saeos</strong></span> <span class='ocrx_word' id='word_1_372' title='bbox 199 3290 287 3350; x_wconf 89' lang='lat' dir='ltr'><strong>ctiam</strong></span> <span class='ocrx_word' id='word_1_373' title='bbox 306 3312 390 3352; x_wconf 89' lang='lat' dir='ltr'><strong>more</strong></span> <span class='ocrx_word' id='word_1_374' title='bbox 409 3315 463 3355; x_wconf 90' lang='lat' dir='ltr'><strong>sno</strong></span> <span class='ocrx_word' id='word_1_375' title='bbox 483 3293 616 3376; x_wconf 88' lang='lat' dir='ltr'><strong>asperior</strong></span> <span class='ocrx_word' id='word_1_376' title='bbox 634 3294 691 3356; x_wconf 81' lang='lat' dir='ltr'><strong>tuit</strong></span> <span class='ocrx_word' id='word_1_377' title='bbox 711 3291 859 3366; x_wconf 87' lang='lat' dir='ltr'><strong>Christus,</strong></span> <span class='ocrx_word' id='word_1_378' title='bbox 879 3311 953 3382; x_wconf 87' lang='lat' dir='ltr'><strong>quos</strong></span> <span class='ocrx_word' id='word_1_379' title='bbox 972 3291 1012 3351; x_wconf 91' lang='lat' dir='ltr'><strong>ita</strong></span> <span class='ocrx_word' id='word_1_380' title='bbox 1032 3291 1226 3350; x_wconf 86' lang='lat' dir='ltr'><strong>fascinaverat</strong></span> 
     </span>
     <span class='ocr_line' id='line_1_41' title="bbox 10 3367 1230 3459; baseline -0.002 -29"><span class='ocrx_word' id='word_1_381' title='bbox 10 3413 11 3422; x_wconf 34' lang='grc' dir='ltr'><strong>ι</strong></span> <span class='ocrx_word' id='word_1_382' title='bbox 91 3369 183 3430; x_wconf 83' lang='lat' dir='ltr'><strong>fallax</strong></span> <span class='ocrx_word' id='word_1_383' title='bbox 200 3367 327 3429; x_wconf 85' lang='lat' dir='ltr'><strong>iustitiae</strong></span> <span class='ocrx_word' id='word_1_384' title='bbox 346 3371 512 3448; x_wconf 88' lang='lat' dir='ltr'><strong>persuasio,</strong></span> <span class='ocrx_word' id='word_1_385' title='bbox 532 3383 565 3430; x_wconf 91' lang='lat' dir='ltr'><strong>ut</strong></span> <span class='ocrx_word' id='word_1_386' title='bbox 583 3369 740 3430; x_wconf 88' lang='lat' dir='ltr'><strong>mediocris</strong></span> <span class='ocrx_word' id='word_1_387' title='bbox 759 3368 922 3429; x_wconf 80' lang='lat' dir='ltr'><strong>admonitae</strong></span> <span class='ocrx_word' id='word_1_388' title='bbox 942 3388 1046 3459; x_wconf 88' lang='lat' dir='ltr'><strong>parum</strong></span> <span class='ocrx_word' id='word_1_389' title='bbox 1064 3367 1230 3447; x_wconf 77' lang='lat' dir='ltr'><strong>prodesset.</strong></span> 
     </span>
     <span class='ocr_line' id='line_1_42' title="bbox 10 3443 1228 3579; baseline -0.005 -73"><span class='ocrx_word' id='word_1_390' title='bbox 10 3495 12 3512; x_wconf 84' lang='lat'>.</span> <span class='ocrx_word' id='word_1_391' title='bbox 92 3447 138 3506; x_wconf 86' lang='lat' dir='ltr'><strong>Et</strong></span> <span class='ocrx_word' id='word_1_392' title='bbox 148 3455 226 3504; x_wconf 88' lang='lat' dir='ltr'><strong>certe</strong></span> <span class='ocrx_word' id='word_1_393' title='bbox 240 3444 297 3505; x_wconf 88' lang='lat' dir='ltr'><strong>nisi</strong></span> <span class='ocrx_word' id='word_1_394' title='bbox 310 3447 419 3506; x_wconf 89' lang='lat' dir='ltr'><strong>acriter</strong></span> <span class='ocrx_word' id='word_1_395' title='bbox 429 3447 616 3508; x_wconf 89' lang='lat' dir='ltr'><strong>stimulentur</strong></span> <span class='ocrx_word' id='word_1_396' title='bbox 628 3447 812 3528; x_wconf 84' lang='lat' dir='ltr'><strong>hypocritae,</strong></span> <span class='ocrx_word' id='word_1_397' title='bbox 831 3444 970 3579; x_wconf 74' lang='lat' dir='ltr'><strong>quicquid</strong></span> <span class='ocrx_word' id='word_1_398' title='bbox 982 3443 1089 3504; x_wconf 86' lang='lat' dir='ltr'><strong>dicitur</strong></span> <span class='ocrx_word' id='word_1_399' title='bbox 1098 3443 1228 3503; x_wconf 86' lang='lat' dir='ltr'><strong>fastuose</strong></span> 
     </span>
     <span class='ocr_line' id='line_1_43' title="bbox 95 3518 1227 3607; baseline -0.005 -25"><span class='ocrx_word' id='word_1_400' title='bbox 95 3522 116 3582; x_wconf 89' lang='lat' dir='ltr'><strong>d</strong></span> <span class='ocrx_word' id='word_1_401' title='bbox 172 3521 279 3580; x_wconf 79' lang='lat' dir='ltr'><strong>fciunt·</strong></span> <span class='ocrx_word' id='word_1_402' title='bbox 313 3521 463 3607; x_wconf 76' lang='lat' dir='ltr'><strong>Quomodo</strong></span> <span class='ocrx_word' id='word_1_403' title='bbox 476 3521 781 3603; x_wconf 77' lang='lat' dir='ltr'><strong>potestiabonoloqui.</strong></span> <span class='ocrx_word' id='word_1_404' title='bbox 821 3520 967 3582; x_wconf 87' lang='lat' dir='ltr'><strong>Iamaibi</strong></span> <span class='ocrx_word' id='word_1_405' title='bbox 976 3520 1135 3602; x_wconf 87' lang='lat' dir='ltr'><strong>attigimus,</strong></span> <span class='ocrx_word' id='word_1_406' title='bbox 1151 3518 1227 3598; x_wconf 81' lang='lat' dir='ltr'><strong>pro-</strong></span> 
     </span>
     <span class='ocr_line' id='line_1_44' title="bbox 91 3541 1227 3682; baseline -0.005 -24"><span class='ocrx_word' id='word_1_407' title='bbox 91 3541 240 3659; x_wconf 54' lang='lat' dir='ltr'><strong>vilitates</strong></span> <span class='ocrx_word' id='word_1_408' title='bbox 260 3600 419 3660; x_wconf 86' lang='lat' dir='ltr'><strong>sententias</strong></span> <span class='ocrx_word' id='word_1_409' title='bbox 437 3621 500 3660; x_wconf 94' lang='lat' dir='ltr'><strong>non</strong></span> <span class='ocrx_word' id='word_1_410' title='bbox 521 3601 597 3682; x_wconf 81' lang='lat' dir='ltr'><strong>erigi</strong></span> <span class='ocrx_word' id='word_1_411' title='bbox 616 3600 726 3660; x_wconf 89' lang='lat' dir='ltr'><strong>debere</strong></span> <span class='ocrx_word' id='word_1_412' title='bbox 746 3601 782 3659; x_wconf 92' lang='lat' dir='ltr'><strong>ad</strong></span> <span class='ocrx_word' id='word_1_413' title='bbox 802 3608 975 3680; x_wconf 89' lang='lat' dir='ltr'><strong>perpetuam</strong></span> <span class='ocrx_word' id='word_1_414' title='bbox 995 3616 1139 3671; x_wconf 86' lang='lat' dir='ltr'><strong>normam,</strong></span> <span class='ocrx_word' id='word_1_415' title='bbox 1159 3593 1227 3672; x_wconf 90' lang='lat' dir='ltr'><strong>quia</strong></span> 
     </span>
     <span class='ocr_line' id='line_1_45' title="bbox 91 3669 1229 3756; baseline -0.007 -22"><span class='ocrx_word' id='word_1_416' title='bbox 91 3687 209 3741; x_wconf 67' lang='lat' dir='ltr'><strong>mutum</strong></span> <span class='ocrx_word' id='word_1_417' title='bbox 229 3677 356 3752; x_wconf 90' lang='lat' dir='ltr'><strong>docent,</strong></span> <span class='ocrx_word' id='word_1_418' title='bbox 375 3676 445 3756; x_wconf 91' lang='lat' dir='ltr'><strong>quid</strong></span> <span class='ocrx_word' id='word_1_419' title='bbox 465 3678 598 3739; x_wconf 91' lang='lat' dir='ltr'><strong>accidere</strong></span> <span class='ocrx_word' id='word_1_420' title='bbox 617 3689 650 3736; x_wconf 93' lang='lat' dir='ltr'><strong>ut</strong></span> <span class='ocrx_word' id='word_1_421' title='bbox 690 3676 826 3736; x_wconf 88' lang='lat' dir='ltr'><strong>lnrimum</strong></span> <span class='ocrx_word' id='word_1_422' title='bbox 845 3673 953 3735; x_wconf 78' lang='lat' dir='ltr'><strong>soleata</strong></span> <span class='ocrx_word' id='word_1_423' title='bbox 972 3673 1025 3733; x_wconf 88' lang='lat' dir='ltr'><strong>fiet</strong></span> <span class='ocrx_word' id='word_1_424' title='bbox 1044 3673 1161 3754; x_wconf 88' lang='lat' dir='ltr'><strong>quidem</strong></span> <span class='ocrx_word' id='word_1_425' title='bbox 1180 3669 1229 3726; x_wconf 81' lang='lat' dir='ltr'><strong>in-</strong></span> 
     </span>
     <span class='ocr_line' id='line_1_46' title="bbox 93 3698 1229 3836; baseline -0.008 -24"><span class='ocrx_word' id='word_1_426' title='bbox 93 3754 229 3829; x_wconf 89' lang='lat' dir='ltr'><strong>terdum,</strong></span> <span class='ocrx_word' id='word_1_427' title='bbox 258 3752 362 3832; x_wconf 89' lang='lat' dir='ltr'><strong>utqui</strong></span> <span class='ocrx_word' id='word_1_428' title='bbox 382 3752 509 3813; x_wconf 88' lang='lat' dir='ltr'><strong>crudelis</strong></span> <span class='ocrx_word' id='word_1_429' title='bbox 528 3765 587 3828; x_wconf 87' lang='lat' dir='ltr'><strong>est,</strong></span> <span class='ocrx_word' id='word_1_430' title='bbox 616 3698 734 3813; x_wconf 62' lang='lat' dir='ltr'><strong>mehitis</strong></span> <span class='ocrx_word' id='word_1_431' title='bbox 758 3751 908 3812; x_wconf 87' lang='lat' dir='ltr'><strong>blanditiis</strong></span> <span class='ocrx_word' id='word_1_432' title='bbox 925 3749 1071 3832; x_wconf 87' lang='lat' dir='ltr'><strong>simplices</strong></span> <span class='ocrx_word' id='word_1_433' title='bbox 1091 3745 1229 3836; x_wconf 78' lang='lat' dir='ltr'><strong>decipiat,</strong></span> 
     </span>
     <span class='ocr_line' id='line_1_47' title="bbox 94 3826 1230 3910; baseline -0.009 -21"><span class='ocrx_word' id='word_1_434' title='bbox 94 3839 130 3889; x_wconf 88' lang='lat' dir='ltr'><strong>ut</strong></span> <span class='ocrx_word' id='word_1_435' title='bbox 148 3839 260 3890; x_wconf 87' lang='lat' dir='ltr'><strong>astutus</strong></span> <span class='ocrx_word' id='word_1_436' title='bbox 281 3829 489 3890; x_wconf 88' lang='lat' dir='ltr'><strong>circumveniat</strong></span> <span class='ocrx_word' id='word_1_437' title='bbox 507 3829 699 3910; x_wconf 85' lang='lat' dir='ltr'><strong>simplicitatis</strong></span> <span class='ocrx_word' id='word_1_438' title='bbox 718 3838 881 3909; x_wconf 83' lang='lat' dir='ltr'><strong>praetextu,</strong></span> <span class='ocrx_word' id='word_1_439' title='bbox 904 3828 953 3908; x_wconf 91' lang='lat' dir='ltr'><strong>qui</strong></span> <span class='ocrx_word' id='word_1_440' title='bbox 972 3826 1096 3907; x_wconf 87' lang='lat' dir='ltr'><strong>pessime</strong></span> <span class='ocrx_word' id='word_1_441' title='bbox 1116 3831 1230 3902; x_wconf 77' lang='lat' dir='ltr'><strong>cogitat</strong></span> 
     </span>
     <span class='ocr_line' id='line_1_48' title="bbox 96 3902 1229 3988; baseline -0.006 -23"><span class='ocrx_word' id='word_1_442' title='bbox 96 3905 180 3986; x_wconf 88' lang='lat' dir='ltr'><strong>quasi</strong></span> <span class='ocrx_word' id='word_1_443' title='bbox 207 3904 370 3988; x_wconf 80' lang='lat' dir='ltr'><strong>angelicam</strong></span> <span class='ocrx_word' id='word_1_444' title='bbox 395 3907 554 3986; x_wconf 90' lang='lat' dir='ltr'><strong>puritatem</strong></span> <span class='ocrx_word' id='word_1_445' title='bbox 582 3906 622 3964; x_wconf 90' lang='lat' dir='ltr'><strong>lin</strong></span> <span class='ocrx_word' id='word_1_446' title='bbox 666 3927 718 3967; x_wconf 90' lang='lat' dir='ltr'><strong>as</strong></span> <span class='ocrx_word' id='word_1_447' title='bbox 742 3907 809 3966; x_wconf 89' lang='lat' dir='ltr'><strong>iret:</strong></span> <span class='ocrx_word' id='word_1_448' title='bbox 849 3902 1011 3966; x_wconf 88' lang='lat' dir='ltr'><strong>communis</strong></span> <span class='ocrx_word' id='word_1_449' title='bbox 1037 3911 1136 3960; x_wconf 91' lang='lat' dir='ltr'><strong>tamen</strong></span> <span class='ocrx_word' id='word_1_450' title='bbox 1161 3917 1229 3958; x_wconf 84' lang='lat' dir='ltr'><strong>usus</strong></span> 
     </span>
     <span class='ocr_line' id='line_1_49' title="bbox 93 3972 1229 4073; baseline -0.008 -29"><span class='ocrx_word' id='word_1_451' title='bbox 93 4003 199 4044; x_wconf 82' lang='lat' dir='ltr'><strong>verum</strong></span> <span class='ocrx_word' id='word_1_452' title='bbox 220 4002 283 4042; x_wconf 86' lang='lat' dir='ltr'><strong>esse</strong></span> <span class='ocrx_word' id='word_1_453' title='bbox 300 3982 426 4073; x_wconf 86' lang='lat' dir='ltr'><strong>prohat,</strong></span> <span class='ocrx_word' id='word_1_454' title='bbox 447 3984 527 4062; x_wconf 90' lang='lat' dir='ltr'><strong>quod</strong></span> <span class='ocrx_word' id='word_1_455' title='bbox 548 3983 595 4042; x_wconf 92' lang='lat' dir='ltr'><strong>hic</strong></span> <span class='ocrx_word' id='word_1_456' title='bbox 634 3984 686 4044; x_wconf 89' lang='lat' dir='ltr'><strong>icit</strong></span> <span class='ocrx_word' id='word_1_457' title='bbox 735 3983 854 4056; x_wconf 89' lang='lat' dir='ltr'><strong>hristus,</strong></span> <span class='ocrx_word' id='word_1_458' title='bbox 877 4003 918 4042; x_wconf 76' lang='lat' dir='ltr'><strong>ex</strong></span> <span class='ocrx_word' id='word_1_459' title='bbox 935 3975 1114 4040; x_wconf 68' lang='grc' dir='ltr'><strong>ιιόιιιιᾶιιιιιίιι</strong></span> <span class='ocrx_word' id='word_1_460' title='bbox 1131 3972 1229 4036; x_wconf 64' lang='lat' dir='ltr'><strong>corma</strong></span> 
     </span>
     <span class='ocr_line' id='line_1_50' title="bbox 93 4053 1229 4152; baseline -0.008 -32"><span class='ocrx_word' id='word_1_461' title='bbox 93 4079 129 4120; x_wconf 85' lang='lat' dir='ltr'><strong>os</strong></span> <span class='ocrx_word' id='word_1_462' title='bbox 146 4060 236 4152; x_wconf 74' lang='lat' dir='ltr'><strong>lopati.</strong></span> <span class='ocrx_word' id='word_1_463' title='bbox 275 4058 370 4124; x_wconf 72' lang='lat' dir='ltr'><strong>Sicuti</strong></span> <span class='ocrx_word' id='word_1_464' title='bbox 391 4059 476 4120; x_wconf 88' lang='lat' dir='ltr'><strong>etiam</strong></span> <span class='ocrx_word' id='word_1_465' title='bbox 497 4058 590 4121; x_wconf 87' lang='lat' dir='ltr'><strong>veteri</strong></span> <span class='ocrx_word' id='word_1_466' title='bbox 609 4060 769 4140; x_wconf 81' lang='lat' dir='ltr'><strong>proverbio</strong></span> <span class='ocrx_word' id='word_1_467' title='bbox 782 4058 884 4138; x_wconf 84' lang='lat' dir='ltr'><strong>lingua</strong></span> <span class='ocrx_word' id='word_1_468' title='bbox 899 4067 1003 4119; x_wconf 85' lang='lat' dir='ltr'><strong>vocata</strong></span> <span class='ocrx_word' id='word_1_469' title='bbox 1015 4065 1059 4113; x_wconf 91' lang='lat' dir='ltr'><strong>est</strong></span> <span class='ocrx_word' id='word_1_470' title='bbox 1077 4053 1229 4113; x_wconf 89' lang='lat' dir='ltr'><strong>character</strong></span> 
     </span>
     <span class='ocr_line' id='line_1_51' title="bbox 94 4129 1233 4215; baseline -0.006 -20"><span class='ocrx_word' id='word_1_471' title='bbox 94 4147 216 4196; x_wconf 75' lang='lat' dir='ltr'><strong>mentis.</strong></span> <span class='ocrx_word' id='word_1_472' title='bbox 254 4135 295 4195; x_wconf 88' lang='lat' dir='ltr'><strong>Et</strong></span> <span class='ocrx_word' id='word_1_473' title='bbox 314 4145 395 4196; x_wconf 89' lang='lat' dir='ltr'><strong>certe</strong></span> <span class='ocrx_word' id='word_1_474' title='bbox 415 4136 545 4215; x_wconf 89' lang='lat' dir='ltr'><strong>quamvis</strong></span> <span class='ocrx_word' id='word_1_475' title='bbox 565 4135 754 4198; x_wconf 88' lang='lat' dir='ltr'><strong>absconditos</strong></span> <span class='ocrx_word' id='word_1_476' title='bbox 774 4137 959 4195; x_wconf 84' lang='lat' dir='ltr'><strong>etflexuosos</strong></span> <span class='ocrx_word' id='word_1_477' title='bbox 974 4151 1103 4192; x_wconf 87' lang='lat' dir='ltr'><strong>recessus</strong></span> <span class='ocrx_word' id='word_1_478' title='bbox 1121 4129 1233 4190; x_wconf 90' lang='lat' dir='ltr'><strong>hah&#39;eat</strong></span> 
     </span>
     <span class='ocr_line' id='line_1_52' title="bbox 96 4207 1282 4294; baseline -0.007 -22"><span class='ocrx_word' id='word_1_479' title='bbox 96 4233 154 4272; x_wconf 89' lang='lat' dir='ltr'><strong>cor</strong></span> <span class='ocrx_word' id='word_1_480' title='bbox 173 4211 317 4288; x_wconf 88' lang='lat' dir='ltr'><strong>hominis,</strong></span> <span class='ocrx_word' id='word_1_481' title='bbox 346 4223 376 4273; x_wconf 89' lang='lat' dir='ltr'><strong>et</strong></span> <span class='ocrx_word' id='word_1_482' title='bbox 401 4213 481 4273; x_wconf 88' lang='lat' dir='ltr'><strong>miris</strong></span> <span class='ocrx_word' id='word_1_483' title='bbox 505 4211 615 4273; x_wconf 88' lang='lat' dir='ltr'><strong>artibus</strong></span> <span class='ocrx_word' id='word_1_484' title='bbox 641 4213 764 4294; x_wconf 88' lang='lat' dir='ltr'><strong>quisquc</strong></span> <span class='ocrx_word' id='word_1_485' title='bbox 788 4211 859 4272; x_wconf 82' lang='lat' dir='ltr'><strong>uitia</strong></span> <span class='ocrx_word' id='word_1_486' title='bbox 879 4209 1053 4283; x_wconf 85' lang='lat' dir='ltr'><strong>dissimulet,</strong></span> <span class='ocrx_word' id='word_1_487' title='bbox 1083 4207 1230 4268; x_wconf 89' lang='lat' dir='ltr'><strong>Dominus</strong></span> <span class='ocrx_word' id='word_1_488' title='bbox 1277 4211 1282 4216; x_wconf 84' lang='grc'><strong><em>’</em></strong></span> 
     </span>
     <span class='ocr_line' id='line_1_53' title="bbox 95 4283 1234 4371; baseline -0.007 -21"><span class='ocrx_word' id='word_1_489' title='bbox 95 4299 199 4350; x_wconf 87' lang='lat' dir='ltr'><strong>tamen</strong></span> <span class='ocrx_word' id='word_1_490' title='bbox 226 4309 242 4350; x_wconf 91' lang='lat' dir='ltr'><strong>a</strong></span> <span class='ocrx_word' id='word_1_491' title='bbox 266 4287 388 4371; x_wconf 88' lang='lat' dir='ltr'><strong>singulis</strong></span> <span class='ocrx_word' id='word_1_492' title='bbox 413 4301 570 4370; x_wconf 80' lang='lat' dir='ltr'><strong>extorquet</strong></span> <span class='ocrx_word' id='word_1_493' title='bbox 592 4288 718 4368; x_wconf 89' lang='lat' dir='ltr'><strong>aliquam</strong></span> <span class='ocrx_word' id='word_1_494' title='bbox 745 4287 977 4363; x_wconf 85' lang='lat' dir='ltr'><strong>confessionem,</strong></span> <span class='ocrx_word' id='word_1_495' title='bbox 1016 4295 1049 4346; x_wconf 90' lang='lat' dir='ltr'><strong>ut</strong></span> <span class='ocrx_word' id='word_1_496' title='bbox 1078 4283 1234 4367; x_wconf 80' lang='lat' dir='ltr'><strong>ingenium</strong></span> 
     </span>
     <span class='ocr_line' id='line_1_54' title="bbox 97 4363 1231 4450; baseline -0.006 -21"><span class='ocrx_word' id='word_1_497' title='bbox 97 4387 183 4429; x_wconf 88' lang='lat' dir='ltr'><strong>suum</strong></span> <span class='ocrx_word' id='word_1_498' title='bbox 204 4377 236 4430; x_wconf 88' lang='lat' dir='ltr'><strong>et</strong></span> <span class='ocrx_word' id='word_1_499' title='bbox 252 4365 408 4446; x_wconf 68' lang='lat' dir='ltr'><strong>intestinos</strong></span> <span class='ocrx_word' id='word_1_500' title='bbox 428 4367 551 4432; x_wconf 87' lang='lat' dir='ltr'><strong>affectus</strong></span> <span class='ocrx_word' id='word_1_501' title='bbox 570 4365 670 4450; x_wconf 82' lang='lat' dir='ltr'><strong>lingua</strong></span> <span class='ocrx_word' id='word_1_502' title='bbox 688 4366 826 4448; x_wconf 85' lang='lat' dir='ltr'><strong>prodant</strong></span> <span class='ocrx_word' id='word_1_503' title='bbox 864 4363 981 4428; x_wconf 86' lang='lat' dir='ltr'><strong>Deinde</strong></span> <span class='ocrx_word' id='word_1_504' title='bbox 996 4363 1158 4428; x_wconf 63' lang='lat' dir='ltr'><strong>nomadum</strong></span> <span class='ocrx_word' id='word_1_505' title='bbox 1177 4369 1231 4434; x_wconf 85' lang='lat' dir='ltr'><strong>cst,</strong></span> 
     </span>
    </p>
   </div>
   <div class='ocr_carea' id='block_1_3' title="bbox 0 0 1427 4846">
    <p class='ocr_par' dir='ltr' id='par_1_3' title="bbox 0 0 1427 4846">
     <span class='ocr_line' id='line_1_55' title="bbox 0 0 1427 4846; baseline 0 0"><span class='ocrx_word' id='word_1_506' title='bbox 0 0 1427 4846; x_wconf 95' lang='lat' dir='ltr'><strong> </strong></span> 
     </span>
    </p>
   </div>
  </div>
 </body>
</html>
