2766 4840
77 283 80 294 .
159 245 219 310 272
391 331 398 356 Ι
484 211 487 217 “
617 235 732 299 secr.
751 172 867 296 iou.

161 393 231 459 Deo
250 411 297 452 ma
320 391 344 452 is
364 393 426 452 es'se
446 388 645 465 intolerabile,
685 409 751 454 uam
772 389 954 469 pertinacem
974 388 1087 470 gratiae
1107 407 1177 453 suae
1191 401 1330 452 coutem-

185 482 255 530 tum.
295 411 473 546 {uunquam
493 479 589 528 autern
608 407 717 526 similes
736 465 891 548 Evangelii
912 476 1135 544 contemptores
1154 480 1260 528 manet
1281 489 1328 528 ea-
1376 497 1377 530 ι

163 494 230 608 dem
243 565 366 621 merces,
386 544 416 604 in
429 545 545 604 ludaeis
564 557 664 603 tamen
683 543 756 602 illud
775 563 846 623 prae
866 542 929 602 aliis
950 542 1144 603 memorabile
1163 546 1328 606 documen-

163 637 225 684 tum
251 634 362 682 exstare
387 620 481 682 voluit
499 620 597 694 Deus,
625 640 684 700 quo
711 619 851 679 illustrior
870 621 907 680 ad
927 630 1063 699 posteros
1084 631 1162 681 esset
1187 621 1328 682 adrentus

164 700 276 761 Christi
295 697 399 782 gloria.
438 697 533 757 Nullis
553 697 630 758 enim
650 696 749 756 verbis
769 695 890 775 exprimi
910 706 1010 776 potest
1027 695 1146 756 sceleris
1161 697 1242 756 illins
1254 698 1327 757 iodi-

163 775 382 860 gnitas,1quod
400 773 508 834 Filium
528 773 602 847 Dei,
626 772 704 832 vitae
724 783 873 833 auctorem
894 771 1018 832 coelitus
1037 772 1093 832 sibi
1114 773 1268 845 oblatum,
1291 775 1326 836 ad

162 866 289 912 mortem
308 872 340 912 ra
363 851 470 910 ueriot
501 853 605 929 ltaque
625 849 677 910 illo
719 850 763 910 lus
783 869 870 928 quam
890 848 1020 908 nefando
1039 849 1200 932 sacrilegio
1221 851 1326 910 delun-

164 931 222 1004 cti,
246 949 308 990 uon
334 873 509 988 destiterunt
531 927 655 988 subinde
681 871 745 988 aliis
769 935 799 984 at
820 946 857 986 ue
877 923 939 986 aliis
959 925 1131 986 criminibus
1153 948 1260 987 omnes
1280 949 1326 986 ex-

162 1005 251 1066 tremi
276 1005 354 1065 exitii
379 1023 477 1064 causas
501 1003 557 1064 sihi
582 1023 736 1064 arcessere.
786 947 860 1062 tleo
884 1013 981 1084 negat
1006 1001 1142 1062 Christus
1170 1025 1272 1082 parem
1297 1005 1325 1062 in

163 1082 275 1142 mundo
296 1081 486 1142 afflictionem
506 1091 610 1161 postea
630 1079 706 1152 lore,
727 1079 793 1160 quia
812 1079 898 1138 sicuti
918 1101 975 1138 una
997 1076 1110 1138 Christi
1129 1081 1262 1159 repulsa,
1282 1093 1327 1140 tot

164 1159 336 1240 praesertim
360 1155 499 1218 scelestae
520 1158 721 1220 contumaciae
742 1166 773 1216 et
791 1155 1007 1236 ingratitudinis
1026 1155 1250 1216 circumstantiis
1269 1159 1327 1215 inr-

187 1234 282 1308 licita,
306 1255 378 1314 prae
399 1234 536 1294 omnihus
555 1246 683 1294 aetatum
703 1233 833 1292 omnium
875 1232 982 1291 eceatis
1000 1232 1125 1292 maxime
1144 1233 1326 1294 detestabilis

164 1259 236 1386 luit,
261 1311 302 1402 sic
328 1311 415 1372 etiam
440 1330 566 1392 aequum
591 1311 664 1388 suit,
688 1309 765 1370 illius
791 1253 937 1370 vindictae
958 1307 1114 1370 atrocitate
1133 1309 1201 1370 alias
1220 1330 1326 1370 omnes

165 1411 199 1450 su
222 1409 327 1449 ereru-
708 1407 711 1416 ⁴
1146 1395 1150 1410 ‘
1235 1447 1239 1450 .

199 1412 218 1470 p
241 1471 289 1530 22.
327 1465 396 1526 Nisi
414 1461 554 1526 &cummi
563 1467 703 1547 fuissent.
743 1463 877 1524 Gladium
898 1464 1083 1524 atrocitatem
1098 1463 1271 1544 amplificat,
1289 1464 1325 1522 si·

164 1542 225 1602 mul
245 1555 344 1602 tamen
364 1542 488 1602 admixta
508 1541 726 1603 consolatione:
752 1541 832 1619 quod
855 1541 967 1601 scilicet
990 1541 1049 1600 illis
1070 1541 1217 1622 exstingui
1237 1543 1327 1620 possit

166 1619 316 1680 Iudaicum
334 1639 455 1692 nomen,
475 1618 530 1678 nisi
543 1619 688 1687 Dominus
708 1618 818 1678 electos
837 1639 905 1677 suos
925 1617 1096 1698 respiceret,
1116 1629 1207 1696 atque
1218 1619 1249 1676 in
1259 1616 1324 1676 illo-

164 1692 230 1756 r'um
241 1696 365 1776 gratiam
376 1695 486 1774 aliquid
499 1695 652 1754 levationis
664 1694 794 1754 alserret.
835 1694 986 1756 Convenit
997 1707 1095 1753 autem
1108 1693 1158 1754 hie
1166 1695 1252 1754 locus
1262 1715 1323 1752 cum

165 1773 219 1832 illo
232 1773 342 1832 lesaiae
362 1776 474 1850 (uu),
493 1773 548 1831 uisi
558 1771 704 1831 Dominus
724 1771 870 1830 residuum
890 1770 977 1830 nohis
998 1770 1116 1842 lecisset
1131 1774 1325 1852 exiguumse·

165 1869 250 1922 men,
292 1847 352 1906 nasi
372 1847 503 1907 Sodoma
522 1847 684 1919 fuissemus,
704 1859 734 1906 et
752 1847 859 1907 similes
880 1847 1076 1908 Gomorrhae.
1116 1846 1194 1907 Nam
1216 1859 1247 1907 et
1264 1847 1325 1904 rin-

167 1925 273 1984 dictam
315 1923 353 1996 ei,
374 1944 448 2014 quae
467 1924 499 1982 iu
518 1923 618 1984 exsilio
639 1922 818 2006 babylonico
840 1924 1014 2005 contigerat,
1033 1945 1132 1984 rursus
1145 1923 1259 1985 Christi
1276 1923 1323 1982 ad-

165 2011 256 2062 ventu
275 1999 390 2078 impleri
412 2020 430 2058 o
455 2001 555 2073 ortuit,
569 2011 648 2060 teste
668 1999 761 2060 Paulo
784 2002 885 2077 (Rom.
904 2007 934 2075 9,
952 2004 1026 2076 Ἅι).
1065 2001 1131 2059 lmo
1154 2021 1218 2080 quo
1238 1999 1323 2080 magis

165 2097 197 2136 se
217 2076 255 2136 im
280 2075 351 2135 ietas
372 2021 555 2156 prolhderat,
575 2075 694 2159 gravior
712 2089 783 2136 tune
804 2075 948 2138 exundare
963 2077 1066 2138 debuit
1077 2075 1220 2136 vindicta.
1252 2079 1321 2136 ldeo

165 2152 237 2214 dicit
257 2095 401 2228 Christus,
419 2151 475 2212 nisi
495 2153 576 2212 malis
596 2151 683 2212 linem
697 2153 779 2214 Deus
798 2155 942 2234 imponat,
961 2155 1108 2233 perituros
1129 2155 1260 2220 funditus
1274 2153 1322 2212 lu-

167 2231 267 2303 daeos,
287 2240 320 2287 ιιι
339 2249 376 2289 ne
397 2251 470 2289 unus
492 2230 609 2309 quidem
628 2229 760 2290 residuus
780 2231 983 2290 maneat:·sed
1000 2231 1099 2290 Deum
1120 2231 1243 2312 gratuiti
1264 2230 1321 2289 loe-

167 2305 244 2370 deris
263 2305 307 2365 sui
327 2307 471 2366 rationem
493 2307 670 2383 habiturum,
690 2319 722 2366 ut
742 2306 843 2367 electis
863 2307 920 2366 suis
940 2319 1050 2386 parcat,
1070 2307 1234 2368 secundum
1255 2305 1321 2366 alte·

3 2443 4 2452 ,
166 2405 231 2444 rum
252 2381 324 2443 illud
336 2383 445 2444 lesaiae
465 2385 635 2445 vaticiniunl
654 2389 716 2462 (tl),
728 2385 801 2462 22),
821 2382 844 2444 si
866 2383 957 2444 luerit
974 2405 1014 2465 po
1036 2383 1101 2442 ulus
1115 2395 1184 2444 tuus
1197 2397 1233 2444 ut
1242 2402 1323 2443 arena

11 2459 22 2478 ‘
77 2506 84 2520 ,
165 2460 263 2534 maris,
282 2459 425 2540 reliquiae
446 2462 583 2522 duntaxat
601 2461 698 2521 salvae
718 2463 800 2521 fient.
831 2463 886 2520 Est
904 2472 1000 2520 autem
1017 2405 1078 2521 hoc
1099 2461 1220 2542 insigne
1241 2457 1324 2520 diuini
1378 2465 1379 2528 J

165 2535 266 2598 iudicii
286 2536 504 2612 documentum,
524 2538 574 2598 uhi
594 2537 738 2598 visibilem
757 2537 921 2606 Ecclesiam
941 2538 981 2598 sic
1001 2537 1124 2619 aflligit,
1145 2549 1179 2596 ut
1199 2537 1324 2597 funditus

164 2613 300 2676 videatur
324 2615 455 2695 perdita:
481 2621 627 2678 ettamen
648 2614 684 2674 ad
702 2615 875 2676 servandum
896 2615 1016 2694 aliquod
1035 2635 1154 2688 semen,
1178 2635 1249 2675 suos
1269 2614 1327 2673 ele-

167 2701 248 2766 etos,
274 2702 305 2750 et
329 2691 448 2770 quidem
467 2713 576 2772 paucos
596 2713 737 2766 nuntero,
760 2691 933 2752 mirabiliter
957 2691 992 2751 ab
1017 2691 1140 2750 interitu
1166 2691 1273 2772 eripit,
1295 2697 1325 2746 ut
1378 2707 1379 2754 3

93 2807 100 2822 ,
166 2779 285 2846 praeter
303 2789 384 2846 spem
405 2789 421 2828 e
442 2768 559 2859 gurgite
578 2769 681 2828 mortis
701 2789 781 2828 emer
803 2779 861 2828 ant
892 2769 943 2850 Sic
963 2766 1040 2828 enim
1060 2779 1216 2828 terrentur
1235 2768 1326 2852 byp03

167 2843 268 2918 critas,
289 2864 326 2902 ne
336 2843 487 2904 Ecclesiae
507 2844 594 2903 titulo
616 2855 646 2903 et
665 2867 676 2903 s
700 2845 763 2905 ecie
782 2789 852 2904 ireti
870 2866 974 2905 vanam
985 2865 1067 2926 spem
1078 2845 1265 2924 impunitatis
1275 2841 1326 2902 sibr

166 2919 289 3010 fingant,
310 2919 378 2998 quia
397 2920 517 2980 modum
536 2919 668 2982 inv'euiet
712 2922 837 2996 ominus,
857 2943 917 3002 quo
927 2921 1089 2982 Ecclesiam
1107 2941 1191 2980 suam
1214 2920 1327 2989 liberet,

165 2995 235 3074 ipsus
255 2995 285 3054 in
307 2995 425 3056 exitium
444 2995 573 3057 traditis:
620 2995 655 3056 iis
674 3018 746 3058 vero
766 2999 839 3058 mira
859 2997 1024 3060 consolatio
1044 2999 1232 3089 suggeritur,
1251 2994 1326 3077 quod

167 3091 315 3150 nunquam
336 3072 377 3132 ita
396 3071 513 3132 frenum
534 3017 731 3134 laxahitDeus
751 3075 812 3135 irae
832 3093 912 3148 suae,
932 3073 1098 3155 quiosalutr
1110 3096 1247 3154 ipsorum
1259 3095 1327 3134 con·

166 3146 250 3206 sulat
288 3148 339 3207 Sic
359 3149 391 3208 in
410 3149 566 3230 puniendis
578 3151 692 3212 ludaeis
713 3152 893 3213 horrendum
911 3151 944 3214 iu
961 3151 1080 3211 modum
1101 3152 1220 3226 exarsit,
1239 3163 1272 3210 et
1285 3163 1325 3210 ta-

165 3241 234 3282 men
254 3236 373 3304 praeter
391 3247 473 3305 spem
493 3225 645 3288 hominum
663 3227 720 3288 sihi
738 3229 907 3289 moderatus
926 3239 985 3302 est,
1011 3247 1050 3288 ne
1076 3228 1140 3307 quis
1166 3247 1204 3286 ex
1230 3227 1326 3287 electis

166 3299 291 3379 periret‘
324 3303 423 3380 Atque
448 3303 520 3363 haec
540 3303 721 3365 incredibilis
741 3304 873 3366 miraculi
892 3304 949 3364 luit
969 3305 1105 3379 materia,
1174 3305 1215 3364 od
1241 3325 1327 3382 quum

167 3395 202 3436 ex
222 3378 330 3439 Iudaea
351 3379 462 3440 oritrua
482 3392 558 3440 esset
576 3379 668 3454 salus,
687 3401 721 3440 ex
740 3381 840 3462 paucis
859 3381 949 3464 guttis
969 3379 1060 3440 sontis
1080 3401 1130 3440 are
1146 3381 1206 3440 acti
1225 3380 1326 3442 fluuios

164 3452 248 3514 Deus
260 3455 378 3530 creavit,
399 3458 448 3536 qui
459 3469 554 3516 totum
567 3457 706 3518 muudum
718 3458 885 3550 irrigarent,
905 3461 971 3518 nani
992 3459 1039 3593 qut
1050 3457 1186 3538 gentium
1197 3458 1327 3516 omnium

167 3531 319 3592 odiainse
333 3535 553 3612 contraxerant)
574 3555 675 3614 parum
696 3534 801 3608 abluit,
821 3533 892 3614 quin
913 3555 973 3594 uuo
1015 3533 1041 3592 ie
1061 3533 1173 3614 ubique
1195 3534 1327 3592 locorum

165 3607 253 3688 signo
269 3607 337 3670 dato
349 3610 574 3670 trucidarentur.
603 3609 666 3671 Nee
687 3609 807 3672 dubium
828 3621 882 3685 est,
903 3631 991 3688 quum
1010 3610 1096 3669 multi
1115 3609 1204 3669 talem
1223 3629 1327 3669 eorum

165 3684 400 3746 internecionem
414 3700 566 3768 urgerent,
587 3687 724 3748 divinitus
744 3699 891 3748 retentum
912 3685 999 3746 suisse
1009 3686 1120 3760 Titum,
1142 3707 1181 3746 ne
1201 3697 1229 3745 et
1247 3685 1328 3746 mili-

76 3835 83 3847 ·
163 3772 209 3822 tes
235 3774 266 3821 et
290 3762 362 3823 alios
388 3761 466 3822 illius
490 3763 692 3854 exsequendae
720 3763 784 3844 plus
809 3763 876 3824 satis
901 3763 1001 3824 avidos
1025 3783 1078 3822 suo
1099 3774 1175 3822 nutu
1194 3775 1329 3823 armaret.

166 3835 259 3912 Quod
280 3859 353 3921 ergo
373 3838 504 3900 ultimam
525 3850 615 3900 totius
657 3841 732 3900 cotis
753 3841 865 3902 cladem
884 3851 956 3900 tune
976 3861 1041 3900 com
1066 3840 1159 3900 escnit
1178 3839 1328 3899 Romanus

163 3915 336 3994 imperator,
357 3915 429 3976 haec
448 3915 612 3976 decurtatio
633 3860 690 3976 iuis
702 3919 922 3978 aduersandum
934 3861 1177 3996 aliquodsemeu.
1211 3915 1329 3977 Interea

163 3991 222 4051 hoc
241 3991 415 4066 notandum,
436 3991 516 4072 quod
530 4007 654 4068 propter·
669 3993 772 4054 electos
789 3994 931 4074 impetum
949 3993 1010 4053 irae
1029 4013 1098 4052 suae
1119 3991 1274 4068 cohibuit,
1293 4011 1329 4052 ne

155 4085 268 4154 ¹ornnes
288 4067 438 4130 obrueret.
479 4067 542 4128 Cur
562 4071 640 4130 enim
661 4091 694 4130 ex
714 4071 831 4154 ingenti
849 4069 1035 4130 multitudine
1055 4089 1167 4149 paucos
1187 4065 1223 4128 sd
1245 4071 1329 4129 ersti·

164 4152 209 4201 tes
233 4156 345 4204 restare
369 4144 484 4207 voluit?
510 4146 631 4225 etquid
650 4146 752 4206 hahuit
771 4167 892 4222 causae,
911 4167 963 4206 cur
983 4147 1037 4205 hos
1057 4145 1121 4204 aliis
1141 4091 1328 4225 praedictet?

132 4287 135 4296 .
163 4215 278 4307 Nempe
294 4220 415 4297 quodiu
429 4221 554 4312 populo,
575 4243 660 4301 quem
680 4225 882 4302 adoptaverat,
902 4221 1050 4283 residebat
1069 4221 1131 4280 eius
1153 4223 1266 4304 gratia:
1287 4244 1329 4296 ac,

165 4311 204 4348 ue
224 4305 337 4356 irritum
356 4309 432 4357 esset
452 4318 513 4358 esus
535 4299 649 4372 soedus,
670 4300 787 4378 quidam
806 4311 929 4360 aeterno
943 4297 1004 4358 eius
1017 4297 1144 4359 consilio
1156 4299 1194 4358 ad
1208 4299 1329 4358 salutem

166 4364 253 4425 electi
273 4379 303 4429 et
322 4371 459 4436 destinati
477 4387 570 4438 eraut.
608 4375 682 4438 Ideo
703 4375 810 4442 Paulus
830 4375 1059 4460 (llum.11,5.)
1078 4395 1197 4448 causam
1217 4375 1329 4460 gratui-
