2764 4854
155 231 215 296 Μ
310 226 426 290 SECT.
447 223 511 286 XL
553 237 685 284 cunrsrr
706 235 935 284 unsuunncrro
956 235 999 280 sr
1019 235 1199 283 sscnusto.

140 409 142 418 κ
169 401 204 440 er
228 377 365 470 professo
384 379 416 439 in
436 379 531 440 lucem
555 379 679 439 notitiae
703 378 880 458 producunt.
921 375 1013 435 Certe
1045 372 1207 435 obscurior
1232 375 1327 436 suisset

169 455 281 516 Christi
298 455 487 532 resurrectio,
504 455 552 516 vel
572 456 674 516 saltem
694 455 755 515 cius
774 453 928 536 negandae
939 453 1036 512 maior
1046 451 1105 514 illis
1124 451 1328 512 luissetliber-

167 541 228 607 tas,
246 531 303 592 nisi
322 544 411 592 testes
430 543 579 594 curassent
598 532 635 592 ad
653 531 819 612 sepulcrum
839 530 991 590 locandos.
1016 526 1177 587 'Videmus
1197 549 1279 609 ergo,
1298 541 1330 588 ut

167 609 315 670 Dominus
336 607 470 670 bomincs
490 620 621 672 versutos
640 629 702 668 uon
722 607 818 668 solum
837 608 1002 680 frustretur,
1021 605 1184 665 sedetiam
1204 607 1328 684 propriis

165 685 295 746 consiliis
314 697 453 778 tanquam
473 685 584 765 laqueis
604 685 731 745 intortos
750 683 782 744 in
802 705 885 744 suum
905 681 1080 760 obsequium
1107 681 1212 742 trabat
1232 694 1266 742 et
1282 703 1327 742 co-

164 773 223 842 gat.
261 761 384 844 Indigna
402 763 520 853 quidem
540 773 624 822 erant
637 761 749 822 Christi
767 761 876 835 hostes,
896 757 1001 838 quibus
1022 757 1186 838 patefieret
1205 758 1268 818 cius
1285 779 1327 818 re-

161 837 322 897 surrectio:
342 840 394 898 sed
414 838 530 899 rllorum
549 838 761 930 impudentiam
782 837 903 918 coargui
917 834 1068 918 oportuit,
1088 847 1121 894 et
1134 835 1328 896 maledicendi

162 925 347 992 praetextum
365 915 424 974 illis
444 915 567 990 detrabi,
586 935 646 974 rmo
666 914 802 982 convinci
812 914 944 994 ipsorum
954 911 1168 986 conscientias,
1189 932 1232 971 ne
1248 912 1328 994 iguo-

161 989 257 1050 rautia
277 991 453 1052 cremabiles
475 992 584 1053 forent.
624 993 743 1051 interca
763 990 821 1052 boc
841 1001 994 1065 notemus,
1012 987 1130 1064 Deum,
1175 988 1241 1050 nasi
1257 1009 1329 1047 mer-

162 1067 235 1126 cede
256 1069 420 1128 conductos
439 1067 580 1143 baberet,
606 1088 709 1128 eorum
735 1087 827 1146 opera
847 1068 883 1126 ad
904 1065 1107 1126 illustrandam
1129 1063 1158 1124 C
1182 1064 1249 1125 risti
1268 1066 1329 1146 glo-

162 1143 236 1204 riam
256 1165 337 1204 usum
358 1165 431 1219 csse,
451 1145 519 1226 quia
537 1139 635 1205 nullus
648 1144 685 1204 ad
697 1164 760 1216 cam
780 1143 947 1224 negandam
966 1141 1134 1202 mentiendi
1156 1142 1248 1203 color
1264 1143 1328 1201 reli-

166 1231 229 1280 ctus
249 1221 305 1280 illis
325 1219 396 1294 luit,
414 1233 535 1302 reperto
555 1241 648 1281 vacuo
668 1241 699 1280 se
721 1219 820 1280 ulcro:
846 1240 910 1279 nou
935 1219 1015 1298 quod
1036 1238 1053 1276 a
1072 1237 1189 1278 vesana
1208 1239 1262 1278 sua
1280 1219 1328 1276 im-

165 1296 319 1388 probitate
344 1297 525 1370 destiterint,
549 1299 600 1358 sed
626 1298 684 1358 boc
701 1241 771 1358 locu
794 1296 836 1356 les
861 1297 939 1376 apud
959 1313 1064 1355 omnes
1089 1306 1181 1355 recto
1202 1315 1329 1376 sanoque

164 1372 275 1436 audicio
293 1375 444 1454 praeditos
463 1375 662 1434 testimonium
682 1373 749 1446 luit,
770 1319 920 1434 bbristum
940 1372 1146 1445 resurrexisse,
1167 1373 1253 1432 cuius
1269 1394 1329 1434 cor-

164 1470 219 1528 pus
238 1450 374 1530 sepulcro
394 1451 554 1527 inclusum,
578 1471 666 1531 quum
693 1450 800 1512 milites
824 1451 955 1530 undique
980 1448 1143 1527 obseptum
1170 1461 1328 1522 servarent,

167 1538 318 1606 repertum
337 1547 401 1587 non
420 1528 485 1587 init.
540 1533 543 1540 '
567 1551 570 1558 ⁴

237 1609 285 1668 63.
324 1602 487 1665 Remrdeui
514 1626 612 1666 sumas
640 1601 721 1685 quod
746 1607 895 1680 impostor.
938 1600 1051 1661 Divino
1082 1601 1234 1664 instinctu
1264 1605 1326 1664 baec

158 1676 216 1738 illis
235 1692 373 1761 suggesta
394 1681 450 1741 suit
469 1681 630 1764 cogitatio,
650 1701 712 1742 non
731 1691 847 1740 tantum·
866 1690 899 1738 ut
917 1678 1022 1739 imtam
1042 1678 1168 1740 sceleris
1187 1680 1325 1740 ultionem

158 1754 195 1814 de
216 1755 285 1835 ipsis
304 1756 597 1824 sumeretDominus
617 1757 881 1838 (quemadmodum
909 1755 1006 1816 coecis
1027 1757 1193 1816 tormentis
1218 1771 1325 1817 mentes

156 1830 213 1890 sibi
229 1833 305 1893 male
325 1834 456 1892 conscias
473 1833 598 1894 subinde
619 1835 772 1914 exagitat),
792 1833 844 1893 sed
862 1831 1023 1915 praecipue
1043 1841 1078 1891 ut
1095 1833 1232 1912 impuras
1252 1837 1323 1914 ipso-

159 1928 223 1965 rum
245 1907 359 1987 linguas
378 1909 519 1970 frenaret.
559 1910 678 1970 interea
704 1931 819 1969 rursum
838 1909 1049 1990 perspicimus,
1076 1921 1211 1988 quantus
1230 1923 1326 1990 stupor

159 1981 265 2062 impios
285 2004 358 2044 occu
381 1992 421 2059 ct,
440 1984 500 2044 uhi,
512 1984 646 2046 fascinati
665 1998 735 2046 sunt
753 2007 770 2046 a
791 1986 908 2047 Satana.
945 1984 1146 2060 impostor-esu
1166 1987 1260 2047 adbuc
1274 2009 1322 2047 ro-

157 2071 236 2134 cant,
251 2060 337 2134 cuius
378 2061 453 2122 'vina
471 2062 563 2122 virtus
584 2075 614 2122 ct
656 2061 730 2122 loria
751 2083 848 2143 nuper
867 2074 914 2122 tot
932 2061 1081 2123 miraculis
1102 2063 1230 2123 refulsit.
1257 2065 1323 2123 Hor

162 2148 242 2198 certe
263 2157 324 2196 non
346 2137 400 2196 snit
420 2137 572 2218 oppedere
597 2083 742 2215 nubibus,
765 2139 819 2200 scd
844 2139 912 2200 solis
932 2137 1180 2212 obscurationem
1199 2139 1320 2200 ridendo

74 2246 76 2262 ι
161 2223 267 2274 contra
287 2234 320 2274 os
338 2213 398 2274 Dei
422 2219 471 2293 (ut
490 2215 530 2274 ita
551 2215 672 2295 loquar)
702 2221 877 2296 conspuere.
916 2213 1039 2275 Talibus
1066 2218 1208 2298 exemplis
1232 2217 1319 2276 docc-

158 2307 242 2363 mur,
264 2301 379 2350 matnre
407 2291 495 2352 nobis
515 2292 563 2371 pia
582 2293 775 2372 modestaque
801 2293 966 2353 attentione
991 2293 1242 2354 considerandam
1259 2313 1318 2353 esse

157 2364 218 2436 net
244 2365 384 2446 gloriam,
409 2367 461 2427 ubi
486 2388 518 2428 se
537 2368 670 2448 profert,
695 2389 734 2428 ne
755 2369 891 2431 duritiem
916 2380 1046 2428 nostram
1073 2383 1221 2450 sequatur
1242 2371 1321 2431 bruta

156 2449 188 2500 et
204 2441 354 2502 horribilis
376 2444 554 2505 excoecatio.
595 2445 773 2526 Quanquam
793 2456 891 2506 autem
910 2447 1003 2525 prima
1024 2447 1127 2526 specie
1149 2447 1254 2506 durum
1271 2447 1322 2506 bos

158 2528 190 2576 ct
210 2517 368 2584 absurdum
387 2519 519 2596 ridetur,
548 2521 629 2602 quod
648 2534 708 2604 tam
726 2532 867 2601 proterve
885 2522 923 2581 im
948 2516 967 2580 ii
990 2521 1120 2606 Christo
1139 2537 1262 2584 mortuo
1282 2525 1322 2582 in-

157 2593 282 2654 sultant:
303 2615 342 2656 ne
361 2596 435 2657 baec
455 2595 573 2656 licentia
593 2617 648 2658 nos
669 2597 838 2672 conturbet,
859 2619 914 2678 pru
936 2609 1021 2659 enter
1040 2620 1165 2690 semper
1181 2601 1321 2682 dispicere

158 2672 316 2746 convenit,
336 2693 476 2764 quorsum
486 2672 641 2736 Dominus
662 2695 726 2734 eam
745 2675 889 2735 reflectat.
927 2675 1077 2736 Videntur
1096 2675 1159 2736 sabi
1177 2676 1265 2756 impii
1279 2689 1319 2737 to·
1367 2715 1368 2730 .

158 2756 218 2806 tam
240 2746 351 2808 Cbrisu
372 2750 536 2810 doctrinam
556 2768 621 2810 cum
645 2751 792 2814 miraculis
811 2771 871 2812 una
889 2751 959 2826 ista,
983 2771 1071 2830 quam
1098 2752 1235 2832 superbe
1259 2775 1321 2814 evo-
1367 2819 1368 2828 ἦ

157 2835 258 2898 munt,
278 2820 458 2906 blasphemia
478 2825 620 2886 obruere:
647 2828 728 2908 atqui
752 2828 836 2888 Dens
860 2849 922 2888 non
947 2825 1033 2888 aliter
1058 2849 1152 2908 quam
1172 2852 1231 2910 per
1250 2832 1320 2912 ipsos

159 2897 268 2960 Filium
288 2921 370 2962 suum
384 2923 399 2962 a
413 2901 528 2962 sinistra
548 2899 728 2984 imposturae
749 2915 820 2964 nota
840 2903 976 2964 vindicat.
1017 2903 1152 2978 Quoties
1173 2927 1253 2990 ergo
1271 2907 1319 2966 suis

159 2974 311 3038 calumniis
331 2979 431 3038 omnia
451 2989 622 3060 pervertere
642 2971 789 3060 parabunt
809 2981 901 3061 impii,
921 2993 952 3041 ct
970 3001 1034 3044 sese
1053 2982 1086 3041 in
1099 2982 1253 3044 effrenem
1265 3005 1318 3042 ma-

159 3050 346 3114 ledicentiam
387 3053 534 3131 roiicicnt,
554 3057 654 3136 aequis
667 3069 697 3118 et
707 3057 814 3120 sedatis
834 3057 937 3119 animis
957 3070 1173 3138 exspectemus,
1195 3061 1264 3122 dnm
1279 3061 1317 3118 lr-

159 3147 223 3186 ccm
244 3127 340 3190 eliciat
358 3076 440 3191 fieus
460 3153 494 3192 cx
513 3132 653 3194 tenebris.
732 3173 733 3176 =
850 3134 851 3145 ¹
1218 3183 1229 3194 -

232 3211 278 3270 65.
317 3205 442 3271 Habetis
466 3207 633 3270 custodiam.
674 3209 728 3270 ffis
753 3210 849 3274 verbis
879 3212 903 3271 si
947 3211 1027 3272 ilicat
1048 3205 1186 3286 Pilatus,
1214 3235 1246 3274 se
1272 3233 1318 3274 eo-

156 3299 221 3370 rum
242 3282 575 3420 arbitrio‘permittcre,
600 3299 633 3346 ut
651 3286 758 3348 milites
778 3287 809 3346 in
831 3231 957 3350 excubiis
976 3300 1117 3349 statuant.
1160 3287 1321 3371 Quo'pcr-

155 3379 244 3418 missu
263 3360 354 3440 magis
388 3375 494 3430 uerunt
513 3364 678 3438 constricti,
697 3384 736 3424 ne
756 3364 862 3442 quibus
883 3364 991 3444 catillis
1013 3366 1060 3425 est
1099 3379 1205 3428 erem:
1220 3367 1318 3447 'qaan-

157 3453 242 3514 qnam
264 3437 341 3496 enim
362 3438 425 3498 sine
446 3441 560 3520 pudore
582 3439 703 3500 Christo
745 3443 1085 3502 ostresurrectionemo
1108 3455 1249 3524 strepere
1263 3445 1319 3503 ansi

154 3523 237 3646 sunt!
252 3511 415 3594 signatorio
436 3527 535 3578 tamen
554 3516 664 3578 annulo
685 3461 772 3577 Pilio·
793 3537 826 3580 os
845 3517 901 3579 sibi
921 3520 1013 3601 magis
1033 3519 1217 3610 obturanmt
1236 3541 1319 3599 quam

154 3607 225 3667 sepo
240 3611 330 3651 rrum

391 3905 394 3930 .
439 3847 645 3976 suerro
684 3849 772 3936 xx
827 3865 1030 3943 ‹rs-sm

331 4031 501 4094 CHRISTI
524 4031 819 4097 RESURRECTIO
844 4033 907 4108 ET„
923 4033 1144 4099 ASCENSIO.

237 4232 340 4312 (215.)
387 4237 557 4303 ΜΑΤΊῊ.
590 4239 733 4304 xxvttt.
783 4241 811 4304 i.
842 4241 986 4326 Vespera
1016 4251 1124 4306 autem
1157 4243 1320 4312 Sabbatu-

152 4351 246 4412 rum,
259 4355 340 4417 quae
362 4337 497 4407 lucescit
518 4345 550 4410 iu
572 4344 708 4426 primaru·
727 4341 959 4432 sabbatorum,
986 4348 1077 4412 venit
1096 4347 1207 4414 Maria
1231 4349 1317 4432 Mag-
