2790 4838
470 263 604 325 Osarro
625 282 662 330 ns
681 281 809 342 uorsus.
1032 347 1041 382 x
1147 283 1206 349 tut

65 435 129 482 non
151 413 236 481 iacit
257 435 325 494 eos,
345 417 575 487 assimilabitur
593 425 667 490 viro
687 425 789 503 fatuo,
812 429 867 516 qui
882 427 1204 502 aedificaritdomum

64 539 148 582 suasu
179 539 283 604 super
311 539 452 584 arenam.
493 523 544 590 27.
577 525 618 590 Et
646 525 815 596 descendit
842 527 960 610 imber,
992 544 1025 598 et
1045 548 1203 607 venerunt
1232 610 1234 618 ,

62 619 216 696 flumina,
245 627 279 683 et
301 617 462 686 flaverunt
479 611 586 704 iesu,
617 637 648 690 et
669 629 869 714 impegerunt
891 633 924 698 in
948 632 1077 699 domum
1099 635 1203 703 iilam:

62 729 90 781 et
115 719 258 796 cecidit,
293 729 326 784 et
357 719 536 790 tuisruina
571 728 641 791 eius
668 749 791 816 magna.
840 731 892 796 28.
924 732 967 799 Et
998 733 1116 800 iactum
1145 749 1201 816 est,

62 841 156 904 quum
179 819 313 886 finisset
334 819 504 910 Iesusbos
521 847 701 908 sermones,
729 841 766 895 ut
792 829 1059 919 obstupescerent
1085 836 1209 904 turbae

60 943 156 1006 snper
186 921 342 986 doctrina
365 925 444 991 eius.
485 926 536 991 29.
563 926 716 995 Docebat
736 935 820 999 enirn
843 955 902 1000 eos
922 936 1011 1002 velut
1032 943 1202 1006 auctorita-

60 1031 116 1085 tem
139 1021 291 1101 habens,
314 1032 348 1086 et
367 1044 435 1088 non
457 1027 550 1091 sicuti
570 1027 713 1096 Scribas.
819 1067 822 1079 ·

137 1153 251 1221 LUC.
272 1157 328 1220 Vi.
369 1157 421 1222 tt.
444 1157 601 1247 Quisquis
613 1167 703 1229 venit
723 1164 764 1231 ad
786 1188 848 1245 me,
871 1179 903 1233 et
924 1169 1013 1236 audit
1034 1137 1199 1256 semones

58 1275 161 1336 meos,
197 1269 235 1324 et
256 1257 334 1324 iacit
352 1281 425 1338 eos,
455 1261 623 1326 ostendam
644 1263 755 1343 vobis,
784 1255 838 1332 cui
857 1269 968 1336 similis
988 1275 1037 1338 sit.
1078 1275 1128 1339 48.
1151 1275 1200 1340 Si-

58 1356 137 1423 milis
165 1369 220 1424 est
248 1359 372 1425 homini
394 1360 578 1428 aedificanti
606 1363 750 1444 domum,
787 1370 842 1453 qui
864 1368 947 1435 fodit
968 1373 1002 1436 in
1024 1371 1135 1454 altum,
1167 1387 1199 1442 et

59 1463 164 1542 posuit
188 1459 437 1527 fundamentum
459 1484 558 1548 super
578 1475 717 1550 petram:
743 1468 956 1538 inundatione
978 1483 1083 1538 autem
1107 1476 1199 1556 iacta,

59 1557 174 1626 blisum
204 1573 256 1626 est
283 1561 404 1628 flumen
432 1561 542 1629 domui
570 1563 633 1642 iili,
666 1576 699 1631 et
726 1587 793 1634 non
821 1573 927 1654 potuit
955 1573 1025 1637 eartr
1054 1595 1199 1644 morare:

59 1657 191 1727 iundata
217 1665 306 1728 enirn
328 1673 398 1728 erat
418 1683 518 1749 super
538 1677 670 1751 petram.
711 1667 769 1732 49:
785 1669 854 1754 Qui
876 1682 981 1737 autern
1004 1661 1140 1756 audivit,
1167 1688 1199 1743 et

60 1779 120 1826 non
142 1762 240 1843 iecit,
275 1761 388 1829 similis
419 1775 467 1829 est
494 1765 631 1844 bomini,
663 1771 719 1855 qui
746 1769 929 1836 aedificavit
958 1773 1087 1840 domum
1109 1797 1199 1844 suam

60 1883 153 1949 super
175 1877 298 1930 terram
321 1862 445 1951 absque
466 1864 685 1949 fundamento,
706 1872 741 1935 in
763 1892 859 1958 quarn
880 1871 983 1940 iiiisns
1004 1883 1052 1940 est
1070 1875 1198 1958 burins,

63 1973 92 2028 et
110 1968 274 2032 continuo
298 1964 429 2044 cecidit,
451 1976 483 2032 et
503 1965 585 2032 iacta
607 1980 655 2035 est
675 1973 769 2036 ruina
791 1971 906 2040 domus
927 1971 1015 2044 iilius
1035 1999 1156 2066 magna.

130 2163 240 2225 Matth.
259 2169 310 2228 24.
352 2161 454 2224 Omnis
471 2167 562 2240 &brer
578 2167 630 2244 pai
646 2167 729 2228 curiit
746 2183 798 2235 otc.
839 2171 919 2246 Quia
942 2171 1116 2254 plerumque
1137 2175 1195 2237 dii-

63 2239 132 2300 iciie
152 2253 210 2314 est,
229 2259 320 2301 veros
331 2237 412 2298 Evan
437 2240 486 2300 elii
506 2243 690 2321 professores
709 2267 726 2305 a
746 2245 821 2306 fictis
842 2247 1019 2324 discernere,
1056 2253 1135 2312 uicra
1154 2254 1194 2312 si-

61 2319 223 2378 militudine
246 2314 378 2378 ostendit
445 2317 547 2393 ristus,
576 2318 607 2377 in
628 2341 686 2410 quo
707 2321 829 2383 maxime
850 2323 1004 2384 disserant:
1025 2271 1095 2387 duas
1116 2329 1194 2388 enirn

62 2396 202 2475 proponit
223 2395 341 2468 domos,
382 2416 483 2456 uarum
504 2393 596 2456 altera
615 2417 679 2456 srne
700 2397 893 2458 fundamento
914 2411 1058 2461 exstructa
1077 2404 1131 2480 sit,
1150 2405 1195 2464 ai·
1263 2453 1267 2458 .

62 2483 117 2532 tera
137 2483 240 2532 autem
262 2469 341 2530 bene
360 2414 489 2532 dandam.
528 2472 603 2531 Nam
630 2493 720 2562 quum
739 2474 841 2534 eadem
861 2475 892 2533 in
911 2486 1035 2554 utraque
1056 2492 1197 2567 apparent

64 2549 238 2630 superficies,
279 2547 343 2607 rior
362 2561 453 2608 vento
471 2569 505 2608 ac
525 2548 664 2627 proceiirs
684 2548 808 2629 impulsa
828 2549 874 2610 vei
886 2548 1024 2612 fluctibus
1038 2552 1195 2634 iiiuapro-

63 2627 132 2686 tinus
152 2624 243 2686 conci
266 2635 313 2696 et,
346 2626 495 2704 posterior
520 2635 618 2684 autern
646 2625 783 2685 firmitate
802 2645 853 2686 sua
873 2636 976 2686 contra
997 2627 1055 2690 vim
1075 2649 1194 2691 ornnem

63 2702 204 2764 subsistet.
245 2699 380 2760 Christus
401 2719 475 2784 ergo
494 2701 611 2761 inanem
637 2713 669 2760 et
686 2715 837 2762 ventosam
858 2701 1074 2792 professionem
1093 2707 1193 2768 Evan-

63 2780 124 2858 getii
143 2776 287 2871 specioso
308 2777 442 2869 quidem,
473 2780 612 2839 sednon
637 2778 734 2870 solido
760 2779 893 2869 aedificio
914 2793 1080 2914 comparat,
1112 2786 1194 2862 quod

64 2875 188 2934 quamvis
209 2867 339 2922 emineat
358 2875 460 2914 ruruae
480 2867 579 2914 umen
600 2867 761 2934 expositum
788 2866 833 2915 est
850 2876 880 2914 ru
899 2875 1014 2938 srugua
1033 2872 1195 2935 momenta,

82 2933 122 2992 uia
142 2932 341 2992 fundamento
361 2943 450 2995 caret.
489 2933 563 2992 Ideo
583 2931 691 2992 Paulus
712 2931 808 3007 iubet,
840 2953 896 2993 nos
922 2931 999 2992 bene
1025 2947 1056 2996 et
1074 2937 1192 3018 penitus

64 2952 194 3072 densatos
216 3027 279 3068 esse
299 3007 330 3066 in
349 3007 481 3082 Christo,
501 3019 532 3068 et
551 3008 622 3068 altas
643 3009 753 3069 habere
771 3010 896 3084 radices,
915 3030 956 3068 ne
975 3010 1011 3071 ad
1032 3013 1194 3092 quemlibet

63 3086 213 3167 impulsum
239 3083 381 3144 labamur.
419 3085 516 3144 Porro
542 3087 653 3146 summit
679 3085 735 3145 huc
751 3083 845 3158 redit,
878 3105 975 3148 veram
995 3089 1134 3168 pietatem
1155 3091 1192 3152 ab

65 3163 117 3223 eius
136 3161 329 3227 simnietione
347 3179 409 3222 non
431 3161 508 3221 bene
522 3162 672 3243 distingui,
692 3165 789 3223 donec
809 3163 844 3222 ad
866 3183 985 3222 examen
1006 3178 1126 3226 ventum
1139 3181 1192 3228 est.

64 3238 255 3300 Tentationes
275 3238 365 3312 enim,
385 3237 490 3318 quibus
499 3236 685 3376 dprobamur,
714 3239 850 3298 fluctibns
877 3253 908 3300 et
926 3243 1063 3318 procellis
1084 3244 1192 3306 similes

64 3329 137 3394 sunt,
191 3337 245 3374 nae
270 3314 355 3374 i'aciie
381 3335 495 3394 pessum

65 3335 217 3474 tranquidio
243 3403 380 3472 tempore
408 3410 469 3449 non
495 3391 679 3474 perspicitur.
724 3391 822 3452 Audit
843 3413 986 3454 sermones
1004 3393 1065 3456 Iros.
1104 3396 1192 3459 Rela-

64 3467 146 3530 tisum
165 3467 219 3528 tos
238 3489 301 3528 non
320 3467 449 3548 speciem
469 3489 558 3530 unam
578 3489 757 3542 sermonum,
776 3471 827 3530 sed
846 3483 939 3529 totam
951 3474 1101 3534 doctrinae
1113 3495 1191 3533 sum-

64 3565 130 3606 mam
151 3557 248 3606 notat.
286 3543 482 3626 Evangeiium
504 3547 593 3620 enim,
612 3545 668 3604 nisi
688 3546 806 3626 penitus
826 3547 990 3609 inanimus
1010 3549 1126 3608 instrum
1145 3549 1192 3622 sit,

64 3621 150 3684 simile
171 3643 234 3683 esse
254 3622 399 3682 maceriae
419 3621 580 3712 significat,
611 3641 686 3701 quae
711 3622 742 3680 in
768 3621 858 3684 altum
879 3624 1001 3706 erigitur
1021 3625 1102 3684 nniio
1123 3625 1191 3682 sun-

65 3697 195 3760 damento
215 3697 346 3759 suffulta.
385 3697 514 3759 Perinde
536 3711 580 3760 est
599 3697 689 3780 igitur
708 3699 766 3758 acsi
787 3699 920 3773 dixisset,
950 3718 1048 3761 veram
1074 3700 1190 3758 demum

65 3793 117 3836 esse
137 3778 243 3850 iidem,
283 3797 339 3836 uae
359 3775 520 3858 profundas
539 3775 629 3834 habet
648 3775 760 3836 radices
780 3776 811 3834 in
831 3775 938 3852 corde,
970 3787 1000 3837 et
1018 3776 1095 3835 serio
1117 3794 1190 3833 eon-

63 3854 203 3934 stantique
233 3797 345 3912 aidectu
370 3852 451 3931 quasi
477 3852 669 3912 fundamento
690 3852 808 3927 nititur,
838 3865 871 3912 ut
895 3850 1108 3914 tentationibus
1128 3871 1191 3910 non
1279 3901 1287 3920 ,

65 3929 147 3990 cedat.
186 3931 273 4005 Nam,
294 3949 370 4010 quae
386 3928 498 3988 vanitas
519 3940 562 3988 est
582 3928 700 3988 humani
721 3929 844 4010 ingenii,
863 3949 952 4008 super
971 3940 1088 3988 arenam
1108 3925 1190 3987 aedi·

63 4001 157 4082 beant,
178 4006 348 4086 quicunque
369 4005 446 4064 intus
467 4025 528 4064 uon
549 4001 666 4064 fodiunt
685 4026 777 4084 usque
798 4007 834 4066 ad
855 4005 900 4064 sui
919 4003 1157 4082 abnegationem.

127 4089 175 4149 28.
218 4083 314 4164 (ium
331 4083 450 4162 finisset
473 4081 557 4141 Iesus
580 4078 632 4140 dos
658 4103 811 4142 semones.
850 4083 924 4140 Tam
946 4079 1121 4140 concionem
1142 4079 1189 4137 in-

63 4157 157 4242 telligo
178 4160 319 4234 habitam,
339 4159 391 4218 ubi
412 4179 429 4218 e
448 4169 550 4218 monte
571 4159 733 4235 descendit,
752 4180 840 4238 quam
860 4158 1001 4235 reliquam
1013 4155 1188 4230 doctrinam,

81 4253 128 4295 uae
153 4238 210 4297 iam
234 4235 349 4317 pdpqu
378 4235 556 4296 innotuerat.
609 4233 717 4295 Sensus
750 4236 842 4316 igitur
871 4245 927 4292 est:
983 4253 1051 4291 uum
1082 4233 1188 4312 passim
1224 4266 1227 4281 ·

63 4249 206 4374 doctrinae
225 4335 295 4374 suae
307 4323 422 4394 gustum
444 4309 570 4370 dedisset
587 4311 711 4389 populo,
730 4324 880 4392 stuporem
894 4255 1029 4368 omnibus
1041 4308 1192 4380 iniectum,

64 4390 134 4463 qnod
162 4411 241 4454 nova
266 4389 409 4470 quaedam
436 4387 571 4448 maiestas
599 4397 629 4448 et
652 4387 764 4450 insueta
792 4387 942 4448 bominum
966 4395 1078 4446 mentes
1104 4385 1140 4446 ad
1159 4405 1191 4444 se

784 4496 793 4509 ι
911 4464 990 4530 13*

518 3326 570 3376 ant
599 3315 749 3376 instabiies
776 3315 907 3392 animos,
938 3337 1062 3394 quornm
1090 3319 1191 3385 levitas
1277 3335 1294 3362 ⁴
