2790 4838
169 249 228 310 m
494 233 645 300 SECTIO
666 234 735 295 vn.
765 234 984 304 ,Mreacnnas

170 413 257 492 quam
280 390 407 475 vulgaris
431 381 520 450 luerit
543 389 621 470 apud
647 386 828 462 orientales,
857 387 925 447 satis
951 395 1053 446 notum
1078 380 1140 443 est.¹
1173 380 1259 442 Verri
1279 395 1311 440 et

169 491 284 548 impons
301 488 426 528 manum
469 467 527 527 Hic
546 464 659 546 insigne
679 463 818 550 babemus
839 461 954 524 divinae
975 451 1045 542 eiga
1064 479 1119 518 nos
1139 458 1308 542 indulgen-

170 549 229 608 tiae
253 545 417 637 speculum:
450 543 473 602 si
499 540 662 632 principem
687 562 755 622 syna
779 561 855 622 ogas
880 561 946 600 curn
973 535 1158 598 Centurione
1177 535 1308 594 bomine

171 623 276 706 gentili
294 621 428 682 conferas
458 617 576 698 plenum
597 639 627 677 m
648 619 704 677 boc
725 562 881 698 lufgorem,
901 617 939 688 in¹
952 615 1006 676 itto·
1023 613 1069 672 rix
1082 611 1216 704 exiguam
1232 610 1307 669 fidei

171 711 283 782 guttam
309 697 396 756 luisse
442 695 508 755 'cas
567 695 687 756 Christo
710 693 847 753 virtutem
871 711 933 752 non
958 689 1062 751 tribuit
1086 689 1142 748 nisr
1166 686 1307 749 adhibito

171 787 263 836 tactu:
295 793 363 832 acce
385 784 418 831 to
437 770 540 830 mortis
561 771 682 843 nuntio,
716 769 837 852 perinde
857 769 985 849 trepidat
1004 766 1061 826 acsi
1082 765 1155 826 nibil
1175 785 1223 823 am
1247 762 1307 822 lius

172 861 248 912 esset
276 793 405 909 remedii.
460 847 599 907 Videmus
632 867 704 939 ergo
731 846 856 906 debilem
882 867 916 906 ac
941 863 1036 981 prope
1060 842 1189 902 ieiunam
1212 783 1306 909 sitisse

165 915 232 988 letus
257 925 354 985 fidem.
398 923 490 999 Quod
516 923 576 982 eius
601 924 736 1006 precibus
760 943 873 983 morem
893 933 971 1005 gent
1020 919 1143 992 hristus,
1174 937 1242 978 eum

66 1037 69 1044 =
170 1003 208 1064 ad
227 1002 305 1062 bene
324 1001 498 1080 sperandum
517 999 642 1074 animat,
662 1000 840 1059 documento
862 1010 920 1073 est,
939 999 1027 1058 fidem
1048 995 1124 1069 eius,
1145 937 1306 1073 quantilli

170 1097 286 1158 cunque
312 1087 389 1151 erat,
420 1093 482 1135 non
507 1075 594 1138 fuisse
620 1097 739 1156 prorsus
764 1075 910 1136 reiectam.
963 1075 1046 1156 Ergo
1073 1071 1144 1132 licet
1168 1070 1306 1129 nondum

169 1153 259 1236 plena
278 1153 347 1229 lide,
365 1164 398 1214 ut
417 1153 579 1232 optandum
599 1151 689 1226 foret,
707 1153 793 1212 simus
813 1150 955 1223 instructi,
975 1171 1037 1210 non
1058 1159 1232 1220 esttamen,
1252 1167 1306 1206 cnr

169 1251 225 1292 nos
245 1227 379 1290 debilitas
396 1240 495 1288 nostra
514 1227 550 1288 ab
571 1227 735 1290 invocando
757 1239 855 1287 arceat
872 1227 919 1288 vel
939 1224 1086 1306 impediat
1117 1299 1124 1306 ι

245 1311 293 1372 20·
328 1303 443 1366 Multo
459 1325 533 1384 quoe
544 1305 694 1386 proflrevio
710 1303 899 1364 laborm.
935 1301 1117 1364 Nominatim
1137 1297 1307 1378 exprimunt

169 1382 402 1465 Evangetisue,
429 1379 545 1444 durasse
575 1383 682 1464 fluxum
707 1380 856 1472 sanguinis
872 1400 937 1518 dper
963 1379 1120 1440 continuos
1145 1374 1306 1437 duodecim

170 1479 279 1534 annos,
298 1479 354 1519 nec
373 1455 525 1517 mulierem
545 1458 576 1519 in
598 1459 771 1538 quaerendis
789 1477 870 1518 reme
902 1457 926 1516 is
945 1456 1059 1538 pigram
1079 1453 1177 1527 luisse,
1197 1461 1306 1532 utpote

191 1555 246 1596 uae
271 1545 365 1596 totam
383 1533 574 1594 substantiam
594 1534 625 1593 in
644 1534 774 1594 medicos
794 1544 1030 1613 consumpserat,
1061 1551 1121 1610 quo
1141 1528 1234 1610 magis
1255 1547 1304 1586 re-

169 1555 285 1695 iulgeat
312 1609 445 1671 miraculi
472 1607 577 1692 gloria.
635 1610 710 1670 Nam
738 1609 876 1670 morbum
907 1606 1101 1670 incurabilem
1125 1624 1188 1665 non
1214 1604 1306 1663 luisse

169 1687 336 1751 humanitus
354 1683 515 1758 sublatum,
538 1687 627 1765 idque
647 1699 706 1746 tam
725 1697 849 1766 repente
870 1697 900 1746 et
917 1686 982 1746 solo
1003 1695 1083 1744 tactu
1101 1683 1204 1756 vestis,
1224 1679 1305 1740 clare

170 1774 303 1845 apparet.
342 1762 499 1823 Caeterum
520 1763 600 1840 quod
618 1762 725 1822 inulicr
745 1762 867 1854 cogitat,
886 1764 910 1823 si
930 1763 1020 1822 modo
1042 1759 1093 1820 teti
1116 1759 1172 1820 erit
1192 1756 1304 1818 Christi

170 1850 296 1913 vestem,
326 1859 357 1898 se
384 1836 517 1918 protinus
541 1838 608 1898 fore
632 1859 748 1912 sanam,
777 1839 932 1921 singularis
957 1838 1072 1918 quidam
1094 1779 1155 1897 init
1175 1832 1304 1914 Spiritus

127 1955 128 1962 κ
171 1915 265 1976 sancti
291 1913 445 1993 impulsus,
473 1933 570 1997 neque
590 1916 628 1975 ad
647 1935 831 1976 communem
852 1915 984 1999 regulam
1004 1913 1080 1973 trabi
1099 1911 1197 1973 debet.
1237 1908 1304 1968 Sci-

94 2008 97 2019 ’
170 2011 250 2064 mus,
290 2011 376 2070 quarn
402 2000 540 2070 proterve
566 1990 646 2050 ludat
672 1992 839 2071 superstitio
865 1992 905 2052 in¹
919 1991 1006 2052 stulta
1031 2001 1061 2050 et
1086 1985 1304 2048 inconsiderata

92 2083 96 2090 '
170 2078 339 2144 sanctorum
363 2065 573 2126 aemulatione:
613 2067 694 2147 atqui
717 2067 816 2128 simiae
843 2079 925 2141 sunt,
955 2087 1017 2126 non
1042 2065 1220 2137 imitatores,
1252 2060 1305 2141 qui

170 2143 317 2234 singulare
336 2141 457 2221 aliquod
476 2143 639 2234 exemplum
659 2142 768 2224 absque
786 2143 845 2210 Dei
864 2143 1020 2217 mandato,
1046 2153 1076 2202 et
1094 2139 1218 2232 proprio
1239 2159 1304 2196 ma-

67 2249 70 2256 *
170 2240 215 2302 gis
239 2239 327 2279 sensu
351 2239 437 2298 quam
464 2217 588 2300 Spiritus
614 2220 778 2282 directione
798 2232 948 2302 usurpant.
986 2219 1066 2280 Fieri
1087 2229 1173 2278 etiam
1193 2225 1305 2294 potest,
1385 2253 1386 2256 =

170 2307 205 2356 nt
235 2294 364 2364 mulieris
396 2294 463 2354 fidei
488 2295 599 2376 aliquid
624 2295 687 2358 vitii
713 2307 744 2356 et
768 2297 876 2358 erroris
901 2297 989 2356 luerit
1014 2295 1186 2366 admixtum,
1222 2291 1305 2370 quod

112 2400 121 2451 3
172 2369 305 2432 Christus
322 2391 378 2452 per
396 2371 476 2431 indul
499 2373 607 2434 entiam
627 2372 737 2433 tolerat
756 2384 786 2432 et
804 2373 940 2455 ignoscit.
986 2370 1077 2432 Certe
1097 2370 1178 2451 quod
1196 2379 1304 2460 postca

170 2447 227 2510 sibi
245 2447 321 2508 male
339 2448 458 2510 conscia
478 2391 617 2510 iormidat
636 2461 666 2510 et
685 2449 793 2524 tremit,
812 2450 877 2510 talis
897 2448 1053 2520 dubitatio,
1073 2467 1161 2528 quum
1180 2455 1218 2504 srt
1234 2443 1305 2503 fidei

172 2525 336 2602 contraria,
365 2526 549 2586 excusatione
575 2536 663 2586 caret
709 2523 772 2586 Cur
796 2545 858 2585 non
877 2537 958 2602 recta
977 2527 1014 2588 ad
1036 2523 1184 2586 Christum
1204 2520 1304 2611 potius
1340 2591 1344 2597 Ι

163 2601 309 2664 accessit?
349 2599 573 2664 Si-reverentia
592 2601 745 2676 obstabat,
777 2598 855 2662 unde
874 2614 972 2662 tamen
994 2621 1081 2682 opem
1100 2607 1228 2680 speravit
1247 2596 1304 2656 nisi

172 2699 206 2738 ex
226 2677 287 2738 eius
306 2675 527 2741 misericordia?
567 2678 628 2752 Qui
648 2678 683 2737 fit
701 2699 793 2760 ergo,
823 2689 856 2738 ut
875 2679 1019 2740 offensam
1038 2686 1164 2750 metuat,
1187 2674 1211 2733 si
1233 2693 1304 2754 per-

170 2775 253 2816 suasa
272 2765 336 2814 erat
355 2754 391 2814 de
411 2753 533 2815 lavore?
551 2754 654 2814 Fidem
675 2755 735 2814 eius
750 2754 905 2844 praeclaro
927 2753 1026 2837 elogio
1044 2751 1176 2814 Christus
1196 2749 1304 2832 digna-

170 2842 231 2906 tur,
250 2849 357 2910 nempe
377 2830 407 2889 id
428 2841 473 2890 est
492 2830 572 2909 qnod
591 2850 687 2910 nuper
706 2829 805 2911 attigi,
824 2830 921 2890 Deum
942 2831 1072 2913 benigne
1092 2842 1123 2889 et
1142 2821 1305 2908 clementer

171 2927 237 2967 eum
256 2905 314 2964 suis
335 2925 433 2987 agere,
452 2917 489 2966 ut
504 2905 634 2964 mutilam
654 2916 685 2965 et
705 2905 879 2966 imbecillam
899 2909 1030 2987 ipsorum
1051 2905 1137 2966 fidem
1150 2902 1303 2964 nihilomi-

170 3003 225 3042 nus
244 2993 355 3062 gratam
376 2980 498 3054 habeat,
527 2983 597 3042 vitia
617 2993 647 3042 et
666 2981 797 3042 delectus
816 2983 920 3062 quihus
940 2983 1081 3064 implicite
1101 2992 1145 3042 est
1164 3000 1227 3038 non
1246 2978 1303 3039 inr-

169 3067 285 3138 putans.
322 3057 396 3116 Fide
415 3057 506 3138 igitur
524 3059 598 3118 duce
619 3058 655 3118 ad
675 3057 826 3119 Christum
845 3059 966 3122 accessit
985 3058 1097 3119 mulier.
1137 3055 1230 3132 Quod
1249 3073 1304 3124 an-

170 3145 230 3193 tcnr
250 3133 280 3215 in
301 3144 382 3192 veste
402 3132 495 3193 haesit
513 3133 626 3214 potius,
651 3155 744 3214 qnam·
756 3147 789 3196 ut
808 3155 838 3198 se
858 3135 901 3196 illi
920 3137 1078 3196 sanandam
1092 3131 1234 3214 ¹precibus
1254 3130 1303 3190 ol-

64 3243 76 3264 t
170 3209 272 3286 ferret,
292 3208 370 3270 forte
389 3209 456 3272 selu
474 3208 692 3271 inconsiderato
735 3211 861 3272 aululum
881 3233 898 3273 a
917 3213 962 3274 via
983 3211 1110 3285 deflexit,
1130 3207 1304 3290 praesertim

171 3307 260 3365 qunm
286 3284 374 3420 paulo
400 3297 469 3366 post
488 3287 640 3362 ostendat,
672 3231 839 3350 dubitanter
858 3301 888 3350 et
907 3309 944 3369 pe
983 3289 1047 3349 lero
1067 3287 1166 3348 animo
1186 3285 1216 3345 id
1235 3297 1305 3344 ten-

169 3373 254 3422 tasse.
308 3383 354 3420 am
373 3383 444 3424 vero
464 3374 496 3422 ut
516 3365 634 3439 demus,
654 3365 711 3425 boc
731 3363 773 3424 illi
794 3385 810 3423 a
829 3364 942 3456 Spiritu
974 3365 1049 3434 uisse
1070 3365 1220 3434 dictatum,
1239 3382 1303 3419 ma-

170 3449 222 3528 net
240 3450 339 3517 tamen
358 3438 410 3500 fixa
429 3459 462 3500 re
505 3439 542 3516 la,
561 3440 648 3501 fidem
668 3451 797 3502 nostram
816 3441 936 3522 privatis
956 3435 1094 3522 exemplis
1114 3440 1169 3500 huc
1188 3450 1218 3498 ct
1232 3437 1302 3497 illuc

171 3515 328 3606 cucumagi
346 3535 408 3576 non
428 3515 464 3576 de
489 3537 548 3592 ere,
569 3515 636 3597 quia
648 3517 707 3577 Dei
724 3518 818 3579 uerbo
838 3512 955 3598 penitus
970 3518 1085 3578 alliram
1097 3535 1158 3577 esse
1170 3525 1303 3594 oportet,

169 3602 246 3651 riute
265 3590 338 3651 illud
357 3591 452 3668 Pauli,
470 3593 557 3654 Fides
577 3614 612 3653 ex
631 3594 746 3668 auditu,
766 3594 879 3654 auditus
899 3594 1094 3674 perverbum
1113 3591 1174 3652 Dei
1194 3591 1302 3669 (Rem.

170 3675 223 3742 10,
242 3671 320 3744 12).
345 3669 440 3730 -Haee
489 3690 607 3749 erquam
627 3670 705 3731 utilis
725 3670 887 3731 admonitio
908 3684 967 3746 est,
993 3691 1033 3732 ne
1053 3668 1170 3750 quaevis
1189 3680 1303 3726 temere

169 3756 302 3824 smcepta
322 3765 340 3804 o
363 3746 424 3806 inin
445 3691 513 3806 filei
534 3747 648 3805 titulum
667 3747 745 3827 apud
756 3767 820 3806 ·nos
841 3747 999 3811 obtineat„
1025 3747 1100 3831 (tna
1118 3759 1169 3821 est,
1189 3745 1241 3822 qui
1257 3765 1304 3802 m

169 3824 278 3896 tetigit?
311 3766 424 3883 Cldrius
441 3822 578 3912 exprimit
589 3823 715 3898 Marcus,
735 3822 884 3884 Christum
897 3824 1143 3914 circumspexisstg
1163 3820 1303 3894 utsciret,

54 3961 58 3980 Ι
167 3917 314 3976 quaenam
339 3910 415 3960 esset
440 3897 498 3960 ellat
542 3899 608 3959 lloc
632 3917 704 3959 vero
729 3898 886 3960 absurdum
909 3901 1025 3962 videtur
1073 3900 1154 3978 quod
1178 3898 1303 3978 gratiam

168 3994 250 4063 suam
277 3973 417 4035 effuderit
443 3973 576 4034 Christus
595 3975 728 4036 nesciens
749 3975 796 4034 cui
814 3975 1012 4037 benefaceret
1032 3944 1121 4038 ιἪοιι
1142 3975 1238 4033 minus
1258 3985 1303 4034 est

170 4047 363 4126 dalheultatis,
401 4047 453 4111 ubi
483 4051 554 4112 dicit
605 4053 671 4111 aulo
697 4063 780 4132 post,
812 4055 893 4132 qnod
918 4053 1054 4117 virtutem
1079 4051 1205 4115 senserit
1229 4071 1245 4110 a
1270 4071 1302 4110 se

90 4175 96 4187 ,
170 4144 325 4206 egressam,
345 4125 425 4216 quasi
445 4147 515 4186 vero
537 4071 680 4187 delineret
699 4127 754 4188 uisi
772 4149 828 4264 gro
849 4131 938 4190 modo
959 4129 1103 4213 gratuitae
1123 4126 1303 4200 donationis,

170 4199 289 4289 qpando
316 4212 346 4262 et
369 4200 473 4282 qurbus
496 4204 589 4262 viseum
614 4216 659 4264 est
682 4225 746 4283 car-n
792 4204 954 4266 istribucre.
996 4207 1086 4267 Certe
1105 4205 1225 4264 minime
1246 4204 1301 4262 ‹lu-

169 4275 251 4337 brum
277 4288 335 4350 est,
363 4277 433 4368 quin
453 4278 547 4340 sciens
567 4301 599 4340 ac
618 4281 720 4342 volens
739 4281 890 4343 mulierem
909 4282 1068 4353 sanaverit,
1098 4281 1159 4341 imo
1179 4279 1299 4340 dubium

72 4388 75 4396 ·
162 4367 232 4422 uton
253 4363 307 4430 cst,
327 4375 397 4434 qurn
415 4375 470 4418 suo
490 4376 554 4418 eam
565 4355 678 4438 Spiritu
697 4358 734 4420 ad
753 4379 783 4420 sc
803 4358 932 4436 uexerit,
952 4371 985 4420 ut
999 4360 1152 4420 sanitatem
1163 4356 1300 4428 referret,
