2756 4838
300 39 305 72 1

198 257 201 262 -
226 219 308 297 (163.
340 217 429 320 ,lesus
457 218 562 280 iterum
586 229 712 279 mortem
731 218 878 299 praedicit
895 203 1001 299 ruamt)
1042 167 1047 178 ι
1138 229 1214 314 17ῑὶΧ

51 370 98 428 Dei
115 367 213 431 Filius:
233 371 285 432 sed
306 370 391 432 laude
411 371 500 453 digna
519 381 564 431 est
581 372 759 447 reverentia,
780 371 860 454 quod
875 371 934 432 rim
952 370 1008 432 sibi
1021 371 1119 434 facere
1131 394 1194 452 ma·
1244 371 1249 379 ’

50 448 104 506 lunt
158 468 202 507 am
223 469 289 508 eum
310 450 457 512 deserere.

112 525 211 584 batth.
237 532 284 590 17.
323 527 486 600 desumpsit
509 523 666 585 Meum.
713 523 820 584 Mirum
845 524 938 585 videri
960 535 1079 604 posset,
1105 546 1194 606 quum

50 619 136 658 omnes
162 601 367 663 consolatione
383 601 536 684 indigeant
556 601 640 694 (qnia
659 619 710 661 eos
727 601 839 681 pariter
856 601 1003 662 invaserat
1016 602 1132 681 timor),
1143 623 1196 664 cur

50 675 115 736 solos
134 677 287 738 duodecim
308 679 407 740 arcani
427 679 470 740 sui
491 697 626 740 conscios
648 678 746 738 faciat.
779 679 847 760 Ego
863 699 937 739 vero
959 679 1092 738 existimo
1112 700 1194 740 ruor-

49 762 97 812 tem
111 775 187 813 suam
210 755 279 815 ideo
298 777 359 816 non
381 753 525 838 vulgasse,
545 776 583 816 ne
602 766 672 815 ante
691 765 808 835 tempus
827 755 912 819 latius
936 768 1126 837 spargeretur
1144 778 1196 818 ru-

48 849 108 888 mor.
141 829 258 891 Deinde
272 854 361 912 quum
372 844 558 912 praesentem
579 832 787 892 admonitionis
807 851 876 892 suae
901 831 1028 892 fructum
1045 853 1106 892 non
1125 854 1194 913 spe·
1216 851 1225 867 *

48 915 122 980 raret,
141 927 203 966 eam
225 910 302 987 apud
325 929 435 989 paucos
458 909 611 989 deponere
631 909 699 968 satis
716 906 829 982 babuit,
846 909 896 986 qni
916 919 1018 987 postea
1041 909 1130 968 futuri
1147 931 1193 970 es-

46 993 100 1040 sent
122 982 181 1044 eius
205 993 304 1046 testes.
354 987 428 1046 Nam
453 985 539 1046 sicuti
564 1005 664 1046 semen
694 985 724 1044 in
748 997 856 1045 terram
881 984 988 1045 iactum
1014 1006 1076 1048 non
1095 987 1194 1046 statim

46 1058 190 1138 germinat,
215 1063 256 1122 ita
276 1061 398 1137 scimus,
426 1061 576 1124 Christum
600 1060 753 1153 Apostolis
776 1061 866 1122 multa
888 1061 1005 1136 dixisse,
1034 1083 1109 1142 quae
1130 1083 1194 1124 non

46 1135 125 1195 statim
145 1136 271 1198 fructum
286 1137 493 1220 protulerunt„
515 1139 630 1214 Quodsi
650 1158 751 1198 omnes
768 1138 935 1219 promiscue
957 1138 1137 1199 adhibuisset
1156 1141 1193 1200 a'd

46 1209 109 1271 hunc
127 1234 305 1289 sermonem,
330 1215 394 1274 fieri
413 1225 533 1296 poterat
556 1226 590 1274 ut
607 1213 692 1272 multi
716 1225 831 1274 terrore
853 1213 983 1304 correpti
1005 1215 1194 1297 aufugerent,

44 1287 166 1370 vulgique
193 1311 279 1352 aures
310 1290 470 1372 implerent
497 1291 556 1353 boc
582 1311 711 1350 rumore.
761 1291 806 1349 lta
837 1291 867 1350 in
891 1291 965 1350 lona
1004 1290 1094 1351 uisset
1112 1313 1193 1352 mors

44 1360 150 1441 Christi,
171 1389 258 1447 quam
274 1367 333 1428 sibi
348 1381 460 1428 temere
478 1387 626 1428 arcessere
641 1366 718 1426 visus
742 1379 825 1427 esset.
881 1377 982 1448 ecreto
993 1366 1092 1447 itaque
1108 1368 1194 1449 Apo-

42 1441 120 1501 stolos
137 1443 308 1524 alloquitur,
325 1465 358 1506 ac
375 1465 412 1504 ne
432 1465 483 1504 eos
500 1437 619 1524 quidem
636 1443 740 1534 deligit
751 1455 891 1522 tanquam
902 1442 939 1503 ad
949 1443 1115 1523 profectum
1126 1445 1193 1504 ido-

42 1536 112 1592 neos,
136 1521 185 1580 sed
210 1519 475 1600 (quemadmodum
499 1541 595 1602 nuper
620 1520 719 1602 attigi)
743 1533 775 1580 ut
794 1519 826 1578 in
846 1531 997 1600 posterum
1017 1520 1075 1580 sint
1093 1531 1192 1584 testes.

41 1590 184 1656 Caeterum
205 1597 236 1658 in
259 1597 312 1658 bac
329 1608 412 1676 parte
429 1597 531 1658 Lamos
547 1595 666 1677 plenior
685 1607 738 1674 est,
756 1603 900 1676 quianon
922 1595 1017 1655 solum
1033 1617 1048 1656 a
1069 1596 1190 1659 Christo

40 1671 174 1757 praedicta
191 1673 280 1734 fuisse
303 1686 411 1749 narrat,
429 1695 505 1753 quae
523 1672 681 1747 instabant,
699 1673 751 1734 sed
767 1673 894 1733 additam
915 1672 1000 1733 simul
1017 1673 1193 1751 doctrinam,

39 1746 172 1832 implenda
200 1772 264 1812 esse
289 1751 321 1810 in
346 1750 424 1812 Filio
451 1750 577 1811 hominis
610 1769 687 1842 quae
710 1749 820 1842 scripta
840 1761 925 1810 erant
944 1769 999 1829 per
1017 1745 1193 1830 Prophetas.

39 1821 101 1910 bam
119 1825 177 1888 hoc
199 1827 364 1888 vincendae
386 1827 545 1888 tentationi
567 1847 586 1888 ο
609 1838 712 1886 trmnm
731 1826 792 1885 furt
808 1827 980 1900 remedium,
999 1826 1030 1886 in
1049 1826 1113 1906 ipsa
1126 1847 1192 1894 αυ-

40 1919 71 1956 us
79 1899 238 1982 ignominia
250 1916 334 1964 notas
346 1925 521 1986 agnoscere,
537 1847 642 1983 quibus
674 1903 828 1964 romissum
840 1902 939 1964 salutis
951 1915 1102 1973 auctorem
1114 1903 1192 1966 Pro-

40 1973 132 2063 phetae
148 1979 352 2073 insignieraut.
383 1983 445 2041 Iam
465 1981 585 2040 minime
608 1924 729 2042 dubium
746 1991 800 2056 est,
813 1979 884 2059 quin
899 1979 984 2040 simul
1003 2001 1037 2040 ex
1053 1980 1192 2061 Prophe·

38 2061 67 2108 trs
82 2059 242 2122 ostendent
258 2057 415 2131 Dominus,
433 2057 548 2138 qualem
568 2056 714 2117 deberent
730 2056 833 2116 mortis
845 2076 913 2116 suae
925 2056 1051 2117 fructum
1064 2077 1192 2137 sperare.

38 2125 128 2210 Neque
152 2133 232 2194 enirn
249 2135 419 2213 Prophetae
442 2146 555 2193 tantum
574 2132 685 2192 docent
701 2129 851 2192 Christum
869 2153 1031 2213 passurum,
1051 2135 1103 2192 sed
1121 2153 1190 2192 cau-

38 2223 86 2265 sam
105 2207 227 2284 addunt,
246 2220 280 2269 ut
297 2209 438 2270 mundum
457 2207 632 2270 reconciliet
650 2207 729 2271 Deo.

100 2291 146 2351 18.
191 2287 270 2347 Eece
296 2285 515 2348 commolimus
542 2284 692 2347 nemost.
740 2283 819 2343 Hinc
850 2283 1063 2362 perspicimus,
1093 2282 1192 2344 divina

38 2355 200 2423 fortitudine
220 2362 394 2422 instructum
417 2360 504 2422 fuisse
524 2359 673 2422 Christum
694 2360 732 2420 ad
749 2359 911 2419 vincendos
928 2359 1031 2419 mortis
1051 2370 1192 2436 terrores,

38 2437 77 2512 qui
94 2439 190 2498 sciens
219 2450 249 2498 et
272 2437 376 2498 volens
399 2437 436 2496 ad
462 2457 526 2498 eam
545 2434 728 2496 subeundam
747 2437 898 2514 properat.
929 2433 993 2494 Cur
1009 2435 1088 2494 enim
1108 2435 1191 2497 nullo

36 2527 151 2604 cogente
177 2515 215 2574 ad
237 2513 328 2574 diram
346 2513 545 2574 carnificinam
568 2512 626 2573 iter
646 2511 812 2588 contendit,
831 2510 887 2570 nisi
907 2511 974 2590 quia
995 2531 1062 2571 eurn
1083 2511 1192 2574 invicta

37 2587 150 2667 Spiritus
171 2591 276 2665 virtus,
299 2588 423 2650 subacto
439 2601 531 2663 metu,
550 2609 637 2670 supra
656 2607 758 2650 omnes
776 2588 920 2646 humanos
939 2587 1063 2648 affectus
1078 2587 1192 2648 eubule-¹

35 2667 89 2728 rat?
128 2667 224 2743 Quod
243 2679 341 2728 autem
363 2665 593 2727 circumstantias
612 2665 735 2746 propius
759 2663 821 2724 desi
865 2674 905 2738 at,
923 2664 954 2724 in
979 2684 1016 2724 co
1036 2663 1129 2746 magis
1145 2663 1191 2724 lu·
1247 2709 1264 2720 .

35 2741 173 2824 cnlentnm
199 2744 328 2804 Deitatis
352 2763 421 2804 suae
448 2743 657 2803 documentum
676 2739 802 2822 profert
823 2681 937 2831 ffilleque
956 2740 1035 2800 enirn
1055 2741 1191 2800 humani-

34 2828 72 2880 tus
88 2823 238 2883 coniicere
255 2821 363 2902 potuit,
405 2818 452 2882 ost
473 2841 538 2880 uam
556 2840 572 2879 a
587 2818 690 2888 scribis
706 2828 738 2878 et
752 2816 954 2878 sacerdotibus
973 2816 1124 2878 damnatus
1141 2811 1223 2878 sn·

34 2907 82 2972 ret,
100 2919 130 2958 se
154 2899 295 2959 traditum
313 2897 350 2958 iri
400 2897 460 2957 enti
484 2919 527 2972 us,
546 2906 580 2956 ut
596 2895 689 2977 sputis
712 2907 742 2955 et
760 2893 823 2956 aliis
844 2893 1029 2954 contumeliis
1047 2915 1192 2975 aspersus,

33 2971 146 3056 flagellis
173 2995 285 3048 caesus,
308 2973 428 3035 tandem
449 2983 603 3055 raperetur
626 2973 662 3032 ad
686 2970 861 3053 supplicium
886 2971 988 3032 crucis.
1019 2972 1192 3033 Notandum

33 3067 96 3110 sero
110 3063 163 3127 est,
183 3051 313 3132 quamvis
327 3051 490 3187 ffuminum
509 3050 628 3110 minime
646 3048 752 3108 lateret
765 3069 883 3110 suorum
896 3047 1059 3123 infirmitas,
1112 3049 1189 3110 avis·

33 3123 124 3188 simum
143 3141 244 3189 tamen
263 3149 330 3188 scau
354 3129 432 3188 alum
453 3148 516 3187 non
537 3139 650 3209 tegere.
680 3127 765 3199 Nam,
788 3124 1033 3204 quemadmodum
1054 3125 1126 3186 arbi
1144 3125 1190 3186 di-

33 3201 123 3278 ximus,
148 3206 223 3266 nihil
239 3215 310 3264 tunc
325 3205 362 3265 ad
379 3202 583 3286 percellendos
598 3203 716 3283 piorum
731 3213 845 3268 mentes
860 3201 975 3284 gravius
987 3201 1121 3263 accidere
1132 3223 1190 3284 po-

32 3279 89 3354 tuit,
109 3303 194 3362 quam
212 3281 314 3343 videre
334 3292 428 3342 toturn
443 3303 557 3342 sacrum
573 3278 724 3340 Ecclesiae
741 3277 876 3338 ordinem
894 3278 1016 3340 Christo
1026 3279 1190 3340 adversum.

32 3354 92 3414 h'on
114 3372 213 3420 tamen
230 3357 363 3420 fallendo
387 3377 490 3418 eorum
507 3356 668 3416 infirmitati
686 3346 792 3436 parcit,
805 3355 856 3416 sed
873 3375 935 3415 rem
951 3356 1042 3436 ipsam
1058 3356 1190 3437 ingenue

33 3431 185 3510 declarans,
211 3435 333 3494 modum
355 3434 485 3495 ostendit
495 3433 667 3494 uincendus
688 3430 873 3507 tentationis,
893 3453 999 3512 nempe
1016 3443 1190 3491 utresurre-

32 3507 151 3572 ctionem
167 3523 252 3572 certo
271 3521 449 3591 exspectent.
484 3509 546 3570 Sed
562 3509 628 3589 quia
646 3527 765 3569 necesse
784 3520 847 3568 erat
861 3521 986 3570 mortem
1000 3508 1191 3588 praecedere,

31 3582 133 3648 interea
153 3590 286 3670 ipsorum
307 3587 484 3668 triumphum
506 3587 536 3646 in
556 3607 568 3646 s
592 3607 608 3645 e
628 3584 790 3646 constituit

97 3665 168 3725 Luc.
188 3673 237 3734 34.
276 3658 362 3724 NJdii
378 3661 481 3724 borum
504 3666 562 3722 inte
599 3675 717 3722 xersem.
755 3660 899 3736 Quisnam
926 3659 972 3720 hic
998 3659 1055 3720 fuit
1073 3670 1192 3737 stupor,
1221 3687 1227 3694 ·

29 3755 85 3797 non
105 3741 284 3825 intelligere,
310 3761 383 3821 quae
411 3740 489 3800 clare
511 3751 542 3800 et
554 3737 739 3800 familiariter
758 3739 794 3797 de
812 3758 844 3797 re
861 3757 921 3796 non
935 3735 1051 3796 sublimi
1071 3753 1126 3794 nec
1140 3753 1189 3793 re-

30 3817 156 3896 condita,
189 3819 241 3880 sed
267 3817 347 3878 cuius
373 3816 569 3898 suspicionem
595 3816 723 3896 aliquam
754 3813 810 3895 ipsi
840 3823 947 3893 sponte
979 3815 1197 3892 conceperant,¹

31 3885 156 3956 Christus
176 3895 234 3956 illis
261 3893 399 3956 dicebat?
438 3894 550 3955 Verum
568 3892 616 3954 bic
630 3913 748 3973 quoque
768 3890 909 3950 memoria
926 3899 1061 3968 repetere
1077 3906 1189 3947 conve·

28 3965 76 4043 nit,
103 3974 183 4050 quod
204 3971 275 4032 alibi
292 3969 444 4044 admonui,
463 3969 532 4030 ideo
550 3971 636 4030 fuisse
654 3979 786 4029 retentos
803 3968 833 4026 in
849 3979 909 4028 tam
930 3985 1022 4026 crassa
1044 3965 1188 4046 ignoran-

28 4041 74 4118 tia,
113 4049 159 4107 uia
196 4070 264 4111 uum
283 4046 340 4109 sibi
356 4046 464 4107 laetum
487 4057 516 4106 et
532 4046 650 4107 felicem
666 4066 854 4128 progressum
870 4043 1029 4116 finxissent,
1040 4061 1096 4120 pro
1108 4061 1188 4100 sum-

27 4137 71 4180 mo
88 4069 217 4185 ibsurdo
241 4124 386 4199 duxerint,
403 4123 551 4192 Christum
571 4122 717 4204 probrose
735 4120 874 4202 cruciligi
904 4119 993 4180 Unde
1012 4117 1189 4200 colligimus,

27 4213 207 4280 quantopere
223 4211 336 4262 mentes
355 4199 508 4261 hominum
528 4200 678 4272 dementet
698 4199 787 4258 fallax
805 4195 992 4276 imaginatio:
1019 4215 1078 4286 quo
1095 4193 1187 4280 magis

27 4279 181 4338 carendum
203 4289 261 4354 est,
286 4299 323 4338 ne
341 4277 455 4358 'quibus
480 4276 630 4368 figmentis
654 4274 789 4360 impliciti
809 4273 1005 4337 coecutiamus
1030 4272 1155 4334 mluce.

1155 4594 1161 4626 l
