2756 4838
75 151 83 171 .
157 201 216 276 tta
316 201 431 266 SEGT.
450 199 548 267 XVII.
577 203 850 268 'rmamaaoanat
866 211 1160 264 naamnarrorsas.

159 353 301 438 designat.
338 343 403 424 Neo
421 354 593 436 simpliciter
611 355 692 430 dicit,
710 354 935 446 Hierosolymae
954 351 1137 434 incognitam
1156 369 1223 412 ease
1238 370 1325 413 suam

183 453 274 508 arem,
292 432 345 494 sed
356 453 430 516 quae
441 433 478 493 ad
489 453 591 513 pacem
602 429 787 514 spectabant:
828 453 935 492 urasae
960 431 1029 508 elit,
1049 434 1083 489 rit
1096 425 1326 519 minime-lateat

82 559 86 569 ι
158 455 294 570 homines
314 521 370 570 sua*
384 509 523 586 felicitas,
542 509 595 574 sed
614 509 689 570 viam
708 519 739 568 et
756 453 854 568 media
873 511 920 589 (ut
938 453 1119 598 loquuntur)
1138 501 1255 564 malrtra
1274 526 1325 565 sua

117 589 128 663 ς’
159 585 308 647 excaecati
326 585 475 668 ignorent
526 583 685 647 Caeterum
704 605 793 665 quum
813 583 1032 646 misericordiae
1050 582 1139 642 mista
1156 581 1198 641 ait
1217 601 1327 662 eapro-

159 661 269 736 hratio,
288 671 435 738 notemus,
452 674 536 724 tauto
557 663 693 745 graviore
711 681 810 742 poena
830 663 936 744 dignos
954 681 1017 722 esse
1037 659 1192 734 homines,
1212 670 1325 739 quanto

154 738 418 802 excellentioribus
438 740 524 801 donis
544 737 669 820 praediti
694 738 821 812 suerint,
846 738 913 818 quia
934 738 970 799 ad
991 736 1045 797 alia
1066 747 1191 818 peccata
1212 735 1327 796 accedit

160 815 300 896 sacrilega
318 815 451 876 coelestis
505 815 578 876 atiae
594 814 774 897 profanatio.
803 815 942 875 Secundo
961 826 1109 886 notemus,
1129 830 1191 891 quo
1204 813 1325 892 propius

161 892 197 952 ad
219 911 272 951 nos
291 891 373 950 Deus
393 912 461 952 acce
485 893 507 952 it
525 893 679 973 lucemque
698 912 786 952 sanae
806 892 958 953 doctrinae
979 892 1128 965 admovet,
1147 889 1172 948 si
1185 889 1262 948 hanc
1275 909 1327 946 oc-

161 966 309 1027 casionem
328 988 366 1028 ne
389 968 522 1060 ligimus,
545 970 641 1028 minus
668 989 722 1028 nos
747 989 808 1030 esse
834 967 1019 1028 excusabiles.
1059 965 1188 1046 Semper
1208 963 1327 1044 quidem

162 1054 264 1123 aperta
285 987 445 1105 estraines
464 1043 564 1106 ianuas
584 1045 636 1106 sed
656 1044 724 1125 quia
744 1045 892 1108 interdum
909 1045 986 1120 silet,
1006 1064 1069 1104 non
1078 1043 1202 1124 vulgare
1215 1041 1326 1102 estbe-

160 1119 317 1195 aeficium,
344 1141 432 1200 quum
453 1121 510 1180 alta
529 1143 604 1182 voce
625 1133 656 1182 et
674 1121 857 1183 familiariter
874 1142 930 1182 nos
950 1121 986 1184 ad
1005 1140 1036 1181 se
1056 1117 1174 1192 invitat,
1192 1117 1328 1197 ideoque

161 1207 484 1277 contemptummanet
501 1199 633 1259 severior
651 1197 787 1259 vindicta.
831 1199 920 1259 Nunc
941 1213 1034 1259 autcm
1059 1193 1224 1258 mmmm
1245 1210 1327 1254 aaut

160 1271 230 1332 Hoc
257 1293 319 1333 non
345 1273 451 1335 dicitur
475 1275 513 1334 ad
537 1274 689 1335 levandam
708 1273 934 1357 Hierosolymae
959 1274 1089 1356 cuipam:
1141 1271 1215 1332 otius
1241 1271 1327 1330 enim

92 1395 97 1404 .
160 1347 342 1430 ignominiae
363 1371 447 1436 pausa
466 1362 587 1410 notatur
604 1351 791 1445 prodigiosus
812 1353 872 1413 eius
892 1363 1006 1432 stupor,
1027 1349 1108 1430 quod
1120 1293 1217 1408 benna
1235 1368 1326 1428 prae·
1371 1401 1372 1418 ,

161 1437 274 1486 sentem
295 1447 357 1486 non
376 1438 486 1488 cernat.
524 1428 634 1489 Fateor
654 1429 787 1506 quadem,
812 1428 896 1488 unius
916 1429 975 1490 Dei
994 1449 1057 1488 esse
1084 1425 1184 1488 coecis
1209 1423 1326 1506 aperire
1371 1427 1372 1474 l

161 1503 267 1563 mentis
288 1502 400 1578 oculos,
419 1524 476 1564 nec
495 1505 531 1564 ad
552 1503 740 1585 percipienda
756 1505 843 1587 regni
861 1505 1034 1574 coelestiam
1056 1503 1145 1562 steria
1158 1522 1326 1582 quenquam

162 1598 225 1638 esse
245 1579 402 1654 idoneum,
420 1579 476 1640 nisi
497 1601 583 1672 quem
604 1581 682 1641 intus
701 1579 816 1660 Spiritu
834 1601 888 1641 suo
908 1577 990 1642 D'eus
1009 1526 1171 1640 ilhrminat:
1190 1577 1244 1638 sed
1263 1599 1326 1638 uon

161 1653 231 1713 ideo
253 1656 335 1738 digni
354 1667 537 1731 sumamma,
578 1658 607 1715 ui
626 1655 712 1717 bruta
727 1677 778 1718 sua
790 1657 934 1720 coecitate
967 1667 1080 1718 ereunt.
1119 1654 1228 1716 Voluit
1238 1653 1324 1714 etiam

157 1729 298 1790 shristns
322 1732 490 1792 scandalum
514 1731 638 1808 tolete,
665 1735 745 1812 quod
771 1733 881 1814 alioqui
907 1679 1044 1794 roderet
1061 1731 1198 1792 infirmos
1218 1730 1325 1790 morari

162 1816 297 1885 poterats
321 1827 388 1866 nam
415 1829 505 1897 quum
528 1809 560 1866 in
585 1809 688 1868 urbem
713 1809 793 1870 illam
816 1811 946 1872 coniecti
966 1822 1063 1872 essent
1082 1809 1218 1868 omniurn
1238 1807 1325 1878 oculi.

164 1881 225 1942 eius
245 1881 409 1963 exemplum
427 1906 460 1942 ιιι
478 1896 632 1963 utramque
673 1897 764 1946 artem
782 1885 1091 1968 plurimummomenti
1102 1885 1219 1958 habuit,
1236 1883 1323 1944 velut

162 1969 302 2032 noceret,
321 1956 368 2018 vel
388 1969 421 2017 ut
461 1962 601 2020 rodesset.
640 1905 723 2044 drgo
743 1985 781 2023 ne
803 1985 890 2044 quem
910 1964 1050 2045 impediat
1068 1961 1146 2022 illius
1166 1959 1323 2021 increduli·

162 2041 207 2093 tas
227 2033 428 2114 superbosque
460 2036 602 2123 'vangelii
622 2051 738 2098 contem
762 2052 818 2115 tus,
836 2041 990 2102 damnatur
1009 2039 1116 2100 laedae
1135 2037 1294 2100 coecitatis.

238 2117 286 2176 43.
329 2109 367 2170 V
362 2114 455 2170 soient
473 2111 534 2186 dias
551 2134 639 2190 super·
656 2129 692 2174 te.
758 2139 816 2177 unc
837 2117 919 2208 quasi
939 2139 971 2178 su
1023 2128 1053 2176 ta
1073 2115 1179 2176 iudicis
1199 2133 1322 2195 persona

81 2225 86 2242 .
163 2185 262 2248 durius
283 2185 518 2269 Hierosolymam
539 2190 706 2270 compellat.
746 2192 796 2254 Sic
817 2205 904 2256 eham
924 2195 1005 2273 Prop
1028 2203 1111 2266 etae,
1131 2191 1263 2271 quamvis
1283 2191 1323 2248 la·

148 2261 260 2324 .crimis
281 2277 500 2345 prosequantur
518 2284 621 2327 eorum
641 2267 777 2343 exitium,
805 2291 861 2351 pro
907 2271 993 2332 uibus
1018 2269 1096 2329 anxii
1121 2289 1186 2330 esse
1206 2267 1323 2339 debent,

165 2339 284 2432 annuos·
298 2351 395 2402 tamen
415 2342 452 2402 ad
470 2364 586 2404 severas
605 2343 845 2408 denuntiationes
864 2291 1022 2429 adfigunt,
1043 2346 1112 2426 quia
1131 2345 1246 2418 sciunt,
1262 2364 1323 2402 non

158 2416 263 2508 t¹¹⁰t¹t
275 2419 441 2498 rmpositam
461 2418 517 2480 sibi
531 2440 599 2482 esse
619 2442 718 2482 curam
735 2422 834 2484 salutis
854 2423 1021 2497 hominurn,
1044 2422 1097 2484 sed
1122 2421 1213 2482 etiam
1236 2419 1323 2480 dirini

161 2493 264 2554 radrcn
282 2515 315 2554 se
334 2507 447 2556 creatos
468 2495 534 2558 esse
551 2517 721 2577 praecones.
754 2500 857 2565 ,Porro
879 2501 936 2562 hoc
953 2499 1075 2560 nomine
1087 2498 1323 2580 Hierosolymam

111 2623 126 2652 s
163 2571 339 2648 pronuntiat
358 2573 514 2634 horribiles
533 2594 654 2655 poenas¹
665 2576 807 2651 daturam,
827 2578 908 2657 quod
927 2589 1040 2657 tempus
1059 2597 1130 2636 suae
1150 2573 1321 2634 visitah‘onis

163 2666 227 2704 non
245 2650 432 2730 cognoverit,
451 2650 509 2709 hoc
529 2663 583 2726 est,
602 2663 720 2712 contem
744 2654 814 2714 serit
832 2653 991 2714 exhibitum
1009 2652 1067 2714 sibi
1081 2653 1324 2732 Redemptorem,

163 2742 220 2783 saec
245 2724 455 2813 eimngratiam
481 2727 612 2808 amplexa
635 2729 681 2788 sit.
723 2675 813 2790 llunc
838 2751 999 2810 poenarum
1025 2751 1096 2810 quas
1116 2729 1170 2788 illa
1190 2750 1323 2810 perpessa

163 2809 208 2858 est
232 2811 369 2859 atrocrtas
395 2821 451 2862 nos
476 2813 601 2880 terreat,
634 2824 674 2865 ne
698 2806 834 2866 socordia
857 2819 968 2871 nostrai
985 2807 1204 2897 exstinguamus
1228 2806 1324 2866 salutis

99 2952 103 2960 1
163 2871 276 2964 lucem,
302 2877 352 2936 sed
372 2878 477 2939 attenti
492 2879 584 2964 timus
603 2882 640 2942 ad
659 2881 861 2963 recipiendam
879 2883 940 2945 Dei
960 2883 1107 2968 gratiam,'
1124 2904 1189 2944 amo
1208 2897 1322 2947 strenm

164 2949 282 3030 obuiam
301 2973 458 3016 curramus.

1170 3289 1183 3322 h

437 3307 643 3444 seculo
673 3357 801 3448 xvia.
857 3375 1063 3454 (ιιι-ιιι.)

364 3519 715 3627 saanrsasouou
736 3541 1127 3624 nacnmaraonnsfi·

242 3803 347 3885 (171.)
400 3803 572 3872 ΜΑΤΤΗ.
598 3809 680 3877 ΧΧΙ.
735 3809 786 3874 10.
819 3810 861 3875 Et
892 3831 989 3896 quum
1024 3811 1324 3878 intraneattiaro-

161 3901 329 3992 solymam,
350 3919 508 3973 commota
531 3921 579 3976 est
601 3913 750 3976 universa
772 3913 903 3991 civitas,
926 3911 1053 3992 dicens,
1075 3913 1162 4000 Quia
1184 3927 1234 3982 est
1255 3915 1326 3981 hic?

161 4007 211 4072 11.
243 4007 375 4076 Turbae
404 4022 508 4078 nutem
538 4011 705 4093 dicebant,
741 4017 805 4086 llio
838 4017 1001 4082 satietur
1028 4018 1194 4102 Propheta
1223 4017 1281 4084 ille
1308 4043 1326 4084 a

161 4107 325 4176 Nazareth
348 4111 525 4199 Galilaeae.
567 4118 616 4182 12.
637 4117 679 4182 Et
699 4121 829 4186 intravit
851 4121 939 4186 lesus
959 4122 993 4184 in
1015 4107 1170 4208 (emplum
1192 4121 1277 4200 Dei,
1296 4135 1324 4188 et

115 4295 119 4307 Ι
162 4212 312 4281 eiiciebat
339 4239 451 4309 omnlea
477 4219 656 4288 rendentes
683 4233 717 4287 et
742 4225 944 4290 ementea.in
965 4220 1103 4312 templo,
1134 4247 1325 4313 assensusque

160 4314 465 4438 nummulariorpm
480 4334 513 4392 et
543 4323 713 4394 catenas
752 4325 960 4396 vendentium
1002 4326 1172 4402 columbas
1206 4335 1325 4398 tverfit.
