2766 4834
394 261 458 339 eu.
478 257 610 340 rigna
630 219 825 344 leffium)
977 291 981 298 -
1135 269 1241 332 :9-

65 411 197 472 totores
221 413 445 506 Aegyptiarum
468 412 671 478 intermediam
696 413 797 475 tonsu
828 424 859 482 et
877 413 959 500 qupd
982 413 1053 481 diuit
1070 413 1174 493 Luras,

64 487 254 550 cohabitasse
276 512 310 552 rn
331 487 407 550 urbe
426 511 476 550 sua
495 491 665 568 Nazareth,
678 490 784 550 ordine
803 511 866 552 esse
887 491 1033 570 posterius
1053 490 1123 572 suga
1142 491 1173 558 in

60 567 218 646 legyptunr,
252 588 342 646 quam
363 566 516 628 Matbaeus
542 565 644 630 refert.
683 567 780 628 Porro
804 568 829 628 si
854 567 1010 632 absurdum
1036 589 1099 627 non
1120 582 1174 646 est,

61 643 157 702 abnuo
175 643 372 724 Euangelista
398 643 494 704 omitti
518 645 602 725 quod
627 643 663 715 ab
690 643 784 706 altero
810 657 960 718 narratur,
990 644 1065 707 nihil
1085 645 1173 708 etiarn

60 717 134 778 obstat
150 720 222 798 quin
242 720 376 795 Lucam,
405 732 519 780 resecto
538 734 674 800 tenrpore
694 721 775 782 euius
795 721 904 782 nrrllarn
925 722 1023 784 facore
1042 721 1173 784 ruentiu-
1274 737 1280 780 t

60 817 109 854 uem
117 796 294 870 instituerat,
314 796 469 858 tramitum
489 797 547 858 sibi
566 799 669 859 secisse
690 798 817 858 dicamus
830 800 866 860 ad
878 798 1030 862 historiam
1043 820 1172 880 sequen-

59 883 106 930 tem
139 873 198 934 Sed
218 874 352 937 interim
365 895 469 936 eorrun
489 887 659 936 commento
679 875 798 936 minime
819 875 979 949 assentior„
993 875 1045 956 qui
1059 875 1169 958 loseph

56 961 79 1007 rt
91 948 218 1026 llariarn,
250 963 379 1030 peraeto
399 951 585 1031 purgationis
604 952 764 1026 sacrificio,
795 953 910 1036 lingunt
928 973 1061 1014 reversos
1082 952 1171 1014 fuisse

58 1026 273 1100 irBetblehem,
305 1039 342 1090 ut
359 1027 420 1092 illie
440 1027 477 1088 de
500 1039 593 1104 erent.
641 1027 740 1090 Stulte
766 1029 843 1089 enim
864 1030 919 1090 ima
945 1029 1064 1092 inautus
1083 1030 1171 1104 luisse

59 1101 98 1160 ilic
114 1103 297 1164 domicilium
318 1105 444 1184 Ioseph,
471 1127 489 1164 u
513 1105 522 1164 i
541 1106 624 1168 adeo.
637 1105 757 1187 ignotus
778 1118 850 1180 erat,
869 1119 902 1166 ut
921 1050 1082 1186 hospitium
1102 1105 1170 1169 nul-

58 1177 98 1237 hu
112 1181 240 1242 invenire
286 1181 408 1242 otuerit
445 1181 509 1241 Nec
525 1194 645 1244 ‹temere
665 1183 759 1242 Lucas
784 1194 844 1242 tam
863 1183 924 1246 eius
950 1205 1037 1262 quam
1057 1180 1169 1246 Mariae

58 1253 133 1316 uben
150 1271 240 1318 vocat
283 1257 415 1318 azaretlr.
441 1259 530 1320 Unde
543 1258 720 1340 colligimus,
739 1279 889 1338 nunquam
908 1260 1004 1340 ipsum
1024 1259 1170 1324 habitasse
1261 1323 1263 1328 .

59 1329 257 1409 irllethlebern,
280 1334 355 1394 lieet
373 1333 445 1396 inde
462 1335 605 1396 oriundus
625 1346 711 1398 esset.
734 1334 795 1408 ¹De
814 1335 891 1398 serie
910 1357 982 1398 vero
1001 1347 1169 1417 temporum

58 1427 105 1468 trux
119 1409 230 1490 plenius
252 1412 407 1474 disseram.
666 1445 668 1452 v

90 1640 161 1720 (23.)
187 1632 370 1708 M'ATTH.
390 1643 427 1708 ll.
470 1643 521 1711 13.
546 1643 710 1729 Digressis
729 1653 835 1708 autem
861 1640 941 1722 illis,
967 1663 1045 1708 enee
1065 1642 1173 1737 Auge-

60 1733 94 1802 lus
109 1739 234 1808 Domini
259 1746 414 1830 apparuit
433 1742 610 1813 in'somnis
630 1743 763 1830 loseph,
790 1743 916 1823 dicens,
944 1741 1047 1832 Surge
1058 1755 1102 1811 *et
1124 1765 1172 1812 as-
1202 1821 1208 1839 Ι

58 1860 122 1906 une
141 1843 316 1928 puerulum
340 1855 373 1909 ut
393 1856 523 1912 matrem
541 1849 619 1922 eius,
642 1855 674 1910 et
696 1844 771 1930 fuge
792 1847 826 1910 in
838 1847 1033 1933 Aegyptum,
1053 1857 1086 1913 et
1098 1857 1169 1912 esto

61 1937 116 2017 illie,
132 1943 235 2010 donec
258 1944 377 2010 dixero
390 1943 465 2011 tibi:
487 1947 629 2012 loturum
649 1955 696 2012 est
708 1948 801 2025 enim,
823 1945 1022 2015 htHerodes
1032 1957 1170 2034 quaerat

60 2042 195 2123 poenitum
225 2047 269 2112 ad
301 2045 504 2133 perdendum
535 2067 617 2112 euuu
660 2048 710 2114 14.
736 2045 797 2113 Ille
824 2067 904 2112 veno
934 2050 1090 2114 excitatus
1118 2049 1188 2114 au·v

60 2149 160 2229 sumpsit
188 2145 367 2235 puerulum
403 2158 434 2212 et
468 2157 598 2212 matrem
637 2150 706 2214 eius
742 2158 858 2226 noctu,
900 2143 932 2212 et
968 2153 1101 2216 secessit
1132 2153 1167 2216 in

60 2245 219 2330 temptum.
263 2250 319 2314 15.
350 2249 393 2314 Et
419 2247 479 2314 luit
504 2247 573 2314 illio
599 2271 701 2337 usque
730 2249 771 2313 ad
797 2247 920 2316 obitum
942 2250 1100 2330 Herodis,
1131 2262 1168 2318 ut

60 2345 253 2429 perficeretur,
294 2349 384 2436 quud
413 2349 531 2414 dietum
560 2349 664 2414 luerat
686 2371 704 2412 a
726 2349 870 2415 Domino
891 2369 951 2434 per
972 2350 1167 2436 Prophetam

61 2441 201 2528 dicentem,
233 2449 287 2522 Ex
310 2452 461 2536 Aegypto
484 2452 598 2536 vocari
628 2447 731 2516 filium
752 2470 865 2514 meum.
908 2447 959 2512 16.
986 2449 1082 2515 Tune
1101 2451 1188 2518 Ile-¹

62 2545 132 2612 tuder
151 2549 203 2617 ubi
224 2549 327 2628 vidit,
358 2549 422 2616 sibi
446 2549 576 2618 illusum
604 2549 702 2615 luisse
724 2571 742 2614 a
763 2549 880 2633 Magis,
911 2545 1099 2633 indignatus
1119 2562 1169 2619 est
1194 2547 1197 2552 ⁶

60 2634 260 2731 rehenreuter,⁸
285 2662 319 2715 et
345 2653 472 2716 mittens
497 2651 660 2716 interiecit
688 2670 803 2714 omnes
827 2669 959 2734 pueros,
992 2651 1048 2736 qui
1076 2663 1168 2717 erant

62 2743 278 2817 iubethlehenr
305 2762 336 2816 et
357 2739 506 2823 omuibus
528 2755 597 2816 eius
614 2749 744 2830 finibus,
766 2772 784 2816 a
805 2747 929 2814 bimatu
951 2752 983 2814 et
1003 2750 1096 2831 infra,
1117 2773 1168 2817 se-

60 2847 168 2916 eundum
194 2865 324 2939 tempus
353 2853 441 2939 quod
473 2855 712 2940 exquisieritis
736 2840 851 2938 Magis.
896 2849 945 2921 17.
973 2851 1067 2918 Tunc
1092 2874 1167 2940 per·
1283 2877 1295 2899 ⁸

62 2939 149 3014 festum
169 2967 228 3034 est,
254 2953 349 3041 quod
372 2953 490 3019 dietum
512 2953 618 3019 tuerat
637 2952 680 3019 ab
700 2955 835 3018 leremia
857 2951 1037 3038 Propheta,
1066 2975 1165 3040 quum

62 3045 98 3120 air,
112 3049 154 3113 ld
172 3055 250 3121 Vox
272 3060 308 3121 in
331 3057 430 3119 Rama
453 3053 561 3120 audita
584 3067 639 3134 est,
660 3054 857 3132 lamentati0,
879 3051 1032 3142 ploratus,
1054 3065 1085 3118 et
1107 3053 1165 3119 lle·
1254 3099 1257 3106 ,

63 3151 96 3206 lus
112 3149 231 3220 multus:
261 3155 387 3222 Rachel
408 3155 540 3241 plorans
561 3152 649 3222 lilios
670 3179 761 3234 suos,
789 3167 822 3224 et
842 3154 947 3222 uoluit
969 3151 1165 3222 consulatio-

62 3261 115 3310 nem
133 3251 311 3334 admittere,
333 3269 505 3344 propterea
528 3257 617 3342 quod
638 3279 705 3322 nou
727 3261 798 3322 sint.

116 3405 156 3463 lh
192 3403 344 3481 Dr'gressr's
362 3419 456 3464 mrtem
473 3405 542 3466 illis.
582 3405 669 3480 Quot
687 3402 749 3463 dies
762 3401 1015 3465 intercesserinta
1037 3405 1164 3470 discessu

64 3484 194 3554 magorum,
212 3481 377 3560 usquedum
394 3483 506 3562 Ioseph
525 3483 556 3540 in
566 3484 737 3572 Aegyptum
756 3481 861 3572 sugere
880 3480 971 3540 iussus
992 3494 1046 3556 est,
1065 3483 1162 3546 naci-

64 3549 107 3618 111»
123 3571 218 3638 'neque
245 3556 336 3617 etiarn
360 3579 542 3640 magnopere
589 3569 712 3620 ernust:
743 3555 799 3618 nisr
824 3558 905 3636 quod
931 3557 1087 3638 probabile
1109 3571 1185 3639 test„

63 3613 193 3702 Domuum
212 3634 327 3694 hlariae
351 3655 388 3714 pe
412 3635 533 3710 eruisse,
564 3581 660 3696 douae
687 3655 721 3694 ex
744 3653 820 3770 puer
843 3633 906 3694 erio
936 3637 1099 3710 convaluit,
1129 3647 1163 3695 ut

65 3705 105 3786 lif.
119 3701 204 3770 tacere
221 3721 334 3790 posset.
372 3655 442 3776 llos
460 3735 531 3774 uero
551 3709 723 3776 admirabile
758 3711 801 3770 uit
817 3656 877 3775 liei
896 3709 1061 3784 consilium,
1081 3712 1162 3790 quod

64 3765 144 3856 litum
160 3805 242 3848 suum
261 3787 331 3878 luga
350 3797 466 3850 servare
486 3789 589 3854 voluit
628 3789 692 3848 Nec
711 3809 782 3850 vero
801 3786 921 3848 dubium
941 3799 995 3861 est,
1015 3788 1087 3866 quin
1108 3809 1160 3880 pe-

65 3851 167 3938 ntulesir
194 3864 407 3926 renuuoribus
439 3865 548 3948 agitata
579 3865 669 3926 suerit
696 3885 781 3926 mens
805 3865 932 3946 Ioseph,
994 3885 1061 3948 uum
1085 3865 1160 3926 nihil

65 3939 111 4015 ‘pqr
127 3933 175 3994 uisi
192 3939 222 4000 in
243 3941 274 4001 lu
297 3961 313 4000 a
334 3929 554 4002 ostenderetur:
574 3941 653 4003 nulla
676 3942 753 4002 enirn
773 3941 885 4022 iusuga
898 3884 1160 4022 eratdiviniprae-

65 4001 111 4060 1111
119 4015 236 4098 'speeies
253 4056 258 4070 ·
274 3961 534 4080 dieiudeminirne
555 4031 783 4078 cousentaneum
804 4030 885 4091 erat,
916 4037 978 4077 non
999 4036 1084 4095 posse
1104 4019 1160 4080 nisi

68 4068 163 4146 boninus
179 4095 308 4156 mortalis
329 4115 419 4174 opera
439 4095 559 4168 servari,
580 4095 631 4184 qui
652 4096 763 4156 iuturus
784 4106 847 4154 erat
867 4092 998 4156 omnium
1018 4109 1160 4156 servator.

67 4145 148 4220 lerum
165 4164 236 4230 hane
253 4172 488 4233 moderationem
508 4182 606 4230 tenuit
623 4171 704 4232 Deus
724 4171 755 4231 in
774 4170 853 4230 Filio
872 4191 926 4230 suo
946 4171 1107 4247 remando,
1128 4186 1162 4233 ut

68 4231 173 4300 tueleta,
193 4267 260 4330 puae
284 4249 438 4340 potentiae
465 4247 489 4310 si
513 4269 552 4308 na
570 4248 665 4326 aliqua
686 4248 786 4320 daret,
814 4268 869 4306 nee
891 4260 987 4322 tanuen
1008 4249 1099 4329 ipsam
1119 4250 1160 4310 ita

67 4305 174 4392 '‘dderet
191 4343 386 4405 conspicuam,
408 4325 479 4404 quin
491 4269 606 4384 lateret
624 4321 678 4383 suh
697 4323 797 4404 specie
817 4322 1006 4386 infirmitatis:
1027 4327 1159 4386 nondum
1179 4345 1183 4368 ·

67 4395 122 4445 ‘⁰²¹¹
133 4390 231 4463 Christi
250 4401 345 4482 palam
364 4400 551 4486 glorificandi
571 4414 716 4464 maturum
737 4413 800 4464 erat
819 4412 943 4482 ternpus.
983 4399 1075 4501 Quod
1093 4403 1158 4462 hn-
