2790 4838
400 243 654 349 Arosronorup
674 261 879 314 rssmrurro.

216 415 222 425 '
322 449 584 584 ‘securo
623 451 735 544 vm.
773 401 965 560 ‹sa-m

211 621 1094 731 aaosrococumrrr‘srrrurro.v

21 815 28 836 κ
109 787 197 868 (83.)
238 787 412 853 ΜΑΤΤΗ.
439 789 476 855 X.
504 828 505 836 κ
539 789 569 855 1.
600 789 643 857 Et
675 793 833 857 arcessitis
865 791 1038 857 duodecim
1070 791 1210 879 discipu-

71 887 108 953 lis
147 887 242 981 dedit
272 887 337 953 illis
372 900 562 976 potestatem
595 891 748 958 adversus
779 896 909 979 spiritus
942 893 1139 971 immundos,
1174 904 1210 959 ut
1242 951 1254 964 .

71 993 234 1064 elicerent
253 1013 327 1068 eos,
362 1001 394 1054 et
414 1001 564 1057 sanarent
585 997 729 1079 quemvis
749 993 896 1061 morbum
920 1005 951 1060 et
974 999 1118 1082 quemvis
1141 994 1211 1060 lan·

70 1111 216 1177 goarem.
256 1093 286 1156 2
310 1092 411 1158 Porro
426 1092 599 1158 duodecim
615 1093 844 1180 Apostolorum
867 1100 997 1162 nomina
1019 1107 1092 1162 suut
1114 1097 1212 1162 haece

69 1197 191 1280 primus
213 1191 342 1274 Simon,
376 1196 431 1280 qui
451 1206 587 1260 vocatur
608 1195 736 1272 Petrus,
770 1207 803 1282 et
822 1197 971 1262 Andreas
999 1198 1099 1262 irater
1127 1199 1211 1264 eins:

69 1293 211 1362 lacobus
233 1285 327 1360 tilius‘
344 1293 524 1374 Zebedaei,
546 1307 579 1360 et
600 1295 738 1362 loannes
759 1293 859 1360 irater
881 1302 963 1364 eius:
989 1300 1020 1363 3.
1041 1297 1211 1383 Philippus
1267 1302 1271 1310 “

70 1419 107 1462 ac
127 1395 419 1483 Bartholomaeus:
446 1397 604 1473 Thomas,
629 1407 662 1462 et
681 1397 880 1498 Matthaeus,
902 1402 958 1484 qui
979 1398 1084 1462 inerat
1105 1397 1212 1482 publi·

70 1521 185 1565 eanus:
228 1495 368 1565 lacobus
398 1491 488 1562 filius
520 1497 673 1586 Alphaei,
708 1509 740 1564 et
774 1497 960 1576 laebbaeus,
983 1495 1211 1583 'cognomento

69 1599 287 1688 Thaddaeuss
327 1599 357 1666 4.
384 1599 495 1666 Simon
518 1597 730 1677 Cananaeus,
763 1611 795 1666 et
823 1599 919 1664 ludas
932 1599 1124 1677 iscariotes,
1155 1605 1213 1688 qui

70 1716 100 1768 et
126 1699 280 1791 prodidit
305 1697 406 1764 illum.
457 1701 487 1766 5.
515 1698 585 1765 Hos
613 1723 749 1767 numero
778 1701 952 1766 duodecim
982 1704 1086 1768 emisit
1113 1703 1213 1782 lenas,

71 1805 191 1892 quibus
215 1799 427 1889 praeceperat
449 1801 574 1884 dicens,
601 1805 635 1867 in
656 1805 739 1866 viam
762 1795 916 1866 Geritinui
935 1825 978 1867 ne
1000 1801 1159 1884 abieritis,
1181 1816 1213 1872 et

70 1911 102 1972 in
125 1909 292 1970 civitatem
306 1903 577 1970 Samaritanorum
598 1925 641 1969 ne
664 1903 904 1987 ingrediamini:
946 1907 976 1970 c.
999 1905 1065 1972 Sed
1080 1887 1132 1975 ‘ite
1154 1929 1214 1991 po·

70 2011 130 2075 tius
153 2005 199 2071 ad
222 2006 466 2092 oves'perditas
489 2005 603 2071 domus
624 2005 732 2071 lsrael.
776 2005 803 2070 7.
827 2005 971 2072 Profecti
992 2018 1098 2074 autem
1119 2029 1214 2094 prae-

71 2111 195 2186 dicate,
216 2106 370 2185 dieentes,
392 2097 674 2194 Approplnquavit
695 2129 829 2192 regnum
852 2105 1028 2172 coelorum.
1069 2107 1099 2171 S
1122 2109 1214 2186 lnlir-

69 2237 139 2281 mos
162 2221 295 2289 sanate,
322 2209 472 2294 leprosos
492 2207 659 2286 mundate,
685 2219 830 2273 mortuos
850 2210 1013 2288 suscitate,
1041 2207 1216 2288 daemonia

72 2321 197 2384 eiicite:
218 2314 357 2400 gratuito
379 2310 562 2412 accepistis,
582 2312 720 2396 gratuito
744 2309 832 2374 date.

153 2443 302 2517 MARC.
328 2445 384 2510 vt.
429 2445 458 2510 7.
491 2443 533 2508 Et
561 2445 693 2510 arcessit
725 2441 914 2521 duodecim,
948 2441 1122 2528 coepitsa·
1156 2465 1214 2508 eos

73 2557 227 2619 emittere·
250 2547 362 2626 binos,
396 2567 434 2610 ac
460 2542 560 2609 dabat
573 2521 652 2610 'illis
673 2553 872 2642 ‘potestatem
900 2542 1055 2608 adversus
1082 2547 1215 2630 spiritus

72 2651 268 2720 immundos.

159 2784 265 2852 noc.
287 2783 339 2848 lli.
401 2780 430 2848 1.
453 2779 652 2849 Convocatis
674 2791 781 2846 autem
803 2779 893 2844 lesus
915 2775 1103 2856 duodecim,
1124 2766 1217 2843 dedit

12 2893 14 2912 '
73 2885 138 2954 illis
160 2895 354 2974 potestatem
378 2894 410 2948 et
432 2886 653 2947 auctoritatem
675 2884 901 2968 superomnia
925 2878 1103 2958 daemonia,
1127 2889 1218 2944 etot
1283 2891 1286 2898 ’

74 2989 211 3056 morbos
231 2995 391 3054 sanarent.
432 2985 462 3048 2
483 2985 525 3048 Et
545 2986 631 3052 misit
650 2983 738 3064 illos,
766 2993 810 3048 ut·
828 2982 1055 3070 praedicarent
1083 3001 1217 3066 regnum

75 3091 162 3172 Dei,
178 3102 213 3156 et
231 3098 385 3154 sanarent
403 3086 559 3152 infirmos.

155 3237 215 3300 Hic
235 3235 451 3319 Apostolorum
467 3235 586 3296 vocatio
607 3233 695 3294 nobis
716 3231 906 3307 describitur,
924 3251 988 3290 non
1009 3229 1101 3308 qualis
1121 3239 1219 3304 antea,

79 3339 169 3397 quum
205 3336 257 3376 eos
281 3315 429 3376 Dominus
444 3313 490 3374 ad
513 3333 618 3387 murus
642 3333 725 3370 snum
751 3306 1055 3392 praeparareyolens
1080 3307 1110 3365 in
1134 3327 1218 3366 suum

80 3391 313 3454 contubernium
333 3391 434 3472 elegit.
471 3391 558 3450 Nunc
580 3387 657 3449 euim
675 3399 820 3451 vocantur
839 3387 875 3446 ad
892 3393 1076 3466 praesentem
1088 3383 1219 3442 iunctio·
1264 3397 1266 3403 ’

79 3492 159 3548 nem,
178 3469 322 3530 iubentur
333 3489 364 3528 se
381 3469 417 3527 ad
430 3487 504 3546 opus
518 3466 684 3548 accingere,
703 3466 809 3526 dantur
820 3463 875 3522 illis
887 3463 1032 3534 mandata,
1053 3473 1083 3521 et
1094 3481 1131 3520 ne
1144 3459 1219 3520 desit

79 3548 256 3620 auctoritas,
286 3545 414 3626 Spiritus
438 3543 573 3623 potentia
601 3554 753 3602 ornantur.
792 3541 877 3600 Prius
902 3559 975 3620 ergo
996 3535 1219 3625 destinabantur

79 3623 110 3684 in
136 3645 221 3705 spem
247 3623 338 3682 luturi
363 3621 487 3681 laboris:
521 3641 600 3680 nune
625 3620 729 3680 horam
752 3619 868 3678 venisse
895 3615 1030 3678 Christus
1056 3615 1221 3685 denuntiat,

101 3723 139 3760 ua
159 3722 264 3759 manus
285 3697 372 3780 operi
393 3699 576 3758 admoveant.
615 3697 786 3756 Notandum
806 3705 904 3754 tamen
926 3703 985 3767 est,
1015 3691 1052 3750 de
1072 3697 1219 3776 perpetuo

80 3721 263 3858 Apostolum
290 3773 422 3836 nondum
447 3773 550 3836 haberi
576 3793 758 3848 sermonem,
790 3773 841 3831 sed
861 3779 975 3830 tantum
1000 3767 1037 3826 de
1058 3783 1219 3844 praeconio

82 3854 254 3934 temporali,
275 3874 335 3932 qno
357 3853 431 3936 erigi
452 3863 483 3912 et
503 3851 693 3933 expergefieri
714 3848 849 3929 oportuit
868 3847 1019 3907 homiuum
1040 3852 1167 3930 utentes,
1187 3850 1221 3897 ut

83 3933 119 3990 ad
139 3931 292 3993 Christum
313 3930 489 3992 audiendum
509 3949 554 3986 ma
579 3927 601 3987 is
621 3925 724 3986 attenti
745 3926 853 3987 forent.
892 3925 979 3983 Nune
1004 3937 1077 3998 ergo
1097 3928 1220 4004 mittun-

83 4019 142 4081 tur,
161 4020 195 4068 ut
215 4007 247 4066 iu
268 4007 376 4066 Iudaea
397 4005 510 4086 tempus
531 3949 630 4064 adesse
651 4003 811 4097 promissae
832 3995 1051 4084 instaurationis
1072 4005 1102 4052 et
1121 3993 1220 4052 salutas

85 4087 237 4144 nurrtie'nt:
269 4095 372 4165 postea
394 4081 544 4144 ordinabit
564 4103 614 4156 eos
636 4079 787 4153 (Aristus,
816 4089 850 4136 ut
870 4073 1062 4161 livaugelrum
1082 4081 1222 4160 spargant

85 4183 140 4240 per
160 4173 256 4222 totum
278 4159 391 4220 orbem.
431 4161 489 4219 llic
510 4158 782 4218 tantumadiutores
802 4153 859 4214 sibi
880 4173 930 4212 eos
950 4160 1078 4221 assuunt,
1099 4171 1150 4228 qur
1170 4167 1222 4205 au-

86 4239 229 4298 dientiam
259 4237 302 4296 illi
332 4247 521 4318 compareat,
541 4254 612 4314 ‚quo
644 4255 700 4293 vox
732 4231 792 4292 eius
822 4229 978 4310 pervenire
1002 4247 1063 4284 uon
1090 4235 1222 4305 poterat:

87 4326 191 4396 postea
213 4314 342 4376 docendi
362 4327 476 4396 partes,
507 4333 578 4394 quas
599 4310 731 4383 obierat,
760 4307 818 4370 illis
838 4304 1009 4388 resignabit
1048 4303 1146 4380 Atque
1166 4301 1223 4359 hoc

86 4402 193 4456 notare
215 4412 327 4476 operae
351 4393 478 4476 pretium
504 4401 563 4466 est,
592 4407 630 4452 ne
656 4398 790 4467 putemus
809 4383 942 4445 stabilem
963 4382 1105 4461 fixamque
1126 4377 1223 4458 legem
