2766 4834
198 399 287 470 titur,
315 415 354 456 ne
378 397 415 458 ad
435 415 490 456 nos
509 415 601 475 usque
621 397 805 476 perveniant.
833 398 878 468 ¹Si
897 417 954 478 qua
975 397 1076 460 luisset
1094 397 1206 474 Mariae
1225 397 1355 458 incre-

199 473 315 548 dulitas,
333 473 453 533 obstare
471 483 569 532 tamen
584 472 651 532 Deo
673 493 736 532 non
755 485 885 554 poterat,
906 475 975 554 quin
994 495 1071 554 opus
1090 497 1174 535 suum
1194 475 1359 554 comple-

198 563 245 611 ret
264 550 322 609 alio
364 569 403 608 uo
423 547 515 608 visum
535 559 611 606 essct
630 550 730 608 modu.
770 551 833 622 Sed
851 549 936 610 beata
958 551 1079 624 dicitur,
1105 571 1179 630 quac
1199 549 1361 616 oblatam

197 627 254 688 sibi
274 571 516 714 benedictionem
534 623 591 714 lide
610 625 756 704 recipiens
776 627 843 687 Deo
862 627 937 686 viam
957 627 1098 706 patefecit
1117 629 1153 686 ad
1174 627 1357 706 complen-

198 707 267 766 dum
288 723 361 782 opus
380 721 474 773 suum,
493 711 579 760 srcutr
598 722 710 760 rursum
730 701 918 762 incredulitas
938 704 1052 763 ianuam
1074 704 1116 764 illi
1136 703 1247 764 claudit
1268 725 1356 762 maa

197 799 328 857 numque
354 777 415 836 eius
440 776 477 836 ab
504 797 596 856 opere
622 789 718 854 arcet,
748 800 785 839 ne
803 779 968 840 salvificam
988 781 1134 853 sentiant,
1164 779 1214 870 qui
1234 779 1353 860 ipsam

196 857 336 916 fraudant
353 852 467 913 virtutis
486 873 555 912 suae
575 853 670 914 laude.
712 856 849 916 Notanda
871 868 916 916 est
934 855 1021 916 etiam
1036 855 1145 916 relatio
1166 868 1245 916 inter
1267 879 1351 916 uer·-

195 932 262 994 bum
281 921 434 1068 etnfide'rn,
454 929 533 988 unde
553 928 733 1010 colligimus,
753 932 822 1010 quid
841 931 878 992 sit
898 933 1033 992 credere:
1054 953 1121 992 nem
1144 953 1171 1007 c,
1191 933 1262 992 dum
1284 933 1352 992 lo-

219 1007 299 1067 uenti
340 1028 377 1068 eo
397 1004 616 1079 subscribimus,
635 1017 777 1087 certoque
796 1009 958 1086 statuimus,
978 1009 1058 1087 quod
1077 953 1164 1070 nolis
1202 1009 1351 1068 remittit

196 1031 342 1146 iacturum
361 1103 433 1144 esse.
462 1081 609 1141 Particula
629 1083 788 1144 oDomino
807 1085 979 1144 tantundem
997 1085 1074 1145 valet
1087 1029 1230 1165 atquelix
1243 1098 1349 1165 parte

195 1160 271 1236 Dei,
303 1173 336 1220 ut
360 1159 449 1240 vulgo
476 1157 595 1218 barbari
619 1157 788 1238 loquuntur.
827 1159 987 1221 Promissio
1013 1161 1091 1220 enim
1117 1183 1172 1241 per
1189 1161 1349 1243 angelum

196 1238 283 1298 allata
303 1237 408 1310 suerat,
427 1236 478 1295 sed
499 1234 650 1314 prodierat
669 1256 685 1293 a
705 1236 770 1295 solo
790 1237 868 1297 Deo.
898 1237 987 1297 Unde
1007 1238 1076 1298 colli
1100 1238 1183 1311 imus,
1201 1237 1263 1299 sive
1275 1259 1346 1298 an-

196 1315 332 1397 gelorum
356 1312 416 1373 sive
441 1311 594 1374 hominum
618 1310 781 1372 ministerio
807 1325 905 1373 utatur
924 1313 1022 1388 Deus,
1051 1259 1126 1374 velle
1146 1326 1245 1374 nmen
1266 1335 1349 1374 non

194 1391 291 1530 aduinus
305 1389 442 1528 dbonoris
470 1386 562 1451 verbo
588 1407 641 1448 suo
670 1387 794 1466 delerri,
826 1409 913 1470 quam
937 1391 963 1452 si
988 1390 1084 1472 palam
1108 1391 1170 1472 ipse
1197 1410 1214 1452 e
1240 1391 1344 1451 coelo

216 1487 302 1529 escen
324 1476 396 1526 eret.
444 1481 447 1492 ·
630 1479 639 1490 ‘

5 2 9 130 t

534 141 543 174 t

196 249 237 312 28
365 241 519 306 sectio
540 242 580 304 11.
619 241 759 308 Ioannis
780 243 971 343 Barrrsraa
991 259 1156 308 nardaus.

5 509 7 540 t

1056 1649 1065 1684 ,
1245 1651 1250 1663 .

234 1701 298 1779 (9.)
321 1697 432 1766 wc.
452 1699 476 1767 Ι.
506 1699 557 1764 46.
578 1698 620 1764 Et
641 1701 685 1765 ait
699 1699 813 1778 Maria,
835 1699 1024 1786 Magnificat
1045 1703 1148 1766 anima
1170 1719 1242 1764 mea
1256 1699 1319 1766 Do

193 1803 329 1880 minum,
369 1801 423 1868 47.
447 1799 490 1865 Et
518 1798 685 1866 exsultavit
712 1803 840 1887 spiritus
868 1822 958 1865 meus
979 1803 1013 1866 iu
1036 1801 1128 1879 Deo,
1160 1812 1338 1868 servatore

192 1923 282 1980 meo,
322 1901 373 1965 te.
401 1902 488 1988 Quin
511 1901 651 1986 respexit
672 1899 713 1966 ad
735 1898 941 1964 bumilitatem
965 1901 1102 1967 ancillae
1124 1923 1218 1966 suae:
1250 1923 1345 1968 ecce

194 2006 278 2072 enim
302 2023 339 2068 ex
360 2004 424 2097 boc
443 2014 590 2086 tempore
611 1999 737 2066 beatam
759 2023 810 2067 me
832 1999 942 2067 diceut
963 2024 1075 2068 omues
1088 2006 1336 2089 generationes,

192 2105 245 2170 49.
271 2103 359 2190 Quia
383 2103 462 2169 fecit
487 2102 564 2167 mibi
591 2102 776 2188 magnifica,
809 2105 865 2188 qui
892 2113 1009 2190 potens
1030 2112 1091 2170 estt
1129 2113 1161 2166 et
1181 2113 1336 2168 sanctum

192 2227 314 2274 nomen
336 2209 414 2270 eius.
455 2205 507 2270 50.
533 2203 583 2288 Et,
596 2204 818 2272 misericordia
840 2205 909 2269 eius
931 2205 966 2268 iu
987 2205 1175 2290 progeniem
1197 2213 1230 2268 et
1251 2225 1334 2290 pro-

111 2301 121 2326 '
193 2309 320 2392 geniem
337 2303 527 2372 timentibus
549 2325 630 2370 cum.

269 2465 357 2526 Nunc
381 2461 511 2524 refertur
534 2461 649 2543 insigne
676 2473 708 2522 et
730 2460 923 2523 memorabile
948 2467 1065 2522 sanctae
1090 2459 1211 2544 virginis
1231 2460 1332 2522 canti-
1376 2511 1377 2526 ,

195 2561 273 2616 etms,
293 2561 327 2602 ex
347 2561 407 2622 quo
427 2539 505 2600 clare
525 2549 658 2618 apparet,
678 2550 787 2618 quanta
798 2539 924 2618 Spiritus
936 2539 1029 2619 gratia
1040 2537 1219 2598 excelluerit
1253 2537 1331 2598 Tria

194 2631 293 2680 autem
316 2629 385 2678 sunt
408 2615 492 2676 buius
517 2614 624 2676 cantici
647 2615 788 2676 membra.
838 2615 969 2674 Primum
994 2615 1071 2675 enirn
1098 2613 1206 2688 Maria,
1237 2635 1330 2694 quam

194 2698 225 2758 iu
251 2714 282 2757 se
308 2705 426 2774 experta
446 2703 511 2752 erat
527 2691 587 2751 Dei
606 2689 850 2764 miscricordiam,
880 2692 1008 2752 sollenni
1027 2690 1186 2773 gratiarum
1207 2691 1330 2751 actione

194 2769 334 2836 celebrat
391 2768 509 2829 Deinde
537 2767 725 2849 generalibus
757 2767 860 2850 elogiis
889 2767 956 2830 Dei,
974 2767 1138 2848 potentiam
1162 2777 1193 2826 et
1216 2765 1329 2828 iudicia

194 2846 391 2910 commendat.
440 2845 575 2905 Tandem
601 2864 635 2904 ea
660 2845 863 2904 accommodat
888 2843 1036 2934 praesenti
1061 2864 1181 2917 causae,
1209 2843 1261 2903 ubi
1287 2844 1329 2904 de

194 2921 401 3000 redemptione
420 2919 491 2980 olim
510 2918 659 2981 Ecclesiae
679 2919 821 2999 promissa
841 2932 872 2980 et
889 2941 946 2980 ram
967 2919 1104 3000 praestita
1125 2919 1248 2980 disserit.

270 3003 318 3063 46.
355 2995 537 3076 Mergmflcat
558 3000 658 3056 mama
681 3018 755 3058 ntea.
793 2996 850 3056 Hic
869 2996 1079 3078 gratitudinem
1098 3017 1179 3056 suam
1198 3007 1327 3056 testatur

169 3075 304 3149 tiliana,
329 3074 574 3153 quemadmodum
594 3091 691 3152 nuper
710 3073 820 3133 dictum
840 3085 892 3134 est
933 3072 1011 3147 Quia
1032 3085 1129 3133 autem
1149 3071 1328 3152 plerumque

165 3182 169 3196 ·
192 3150 365 3244 hypocritae
384 3149 480 3230 plenis
499 3149 614 3224 buccis,
631 3148 714 3209 nullo
733 3149 830 3210 cordis
849 3149 977 3222 affectu,
995 3150 1054 3210 Dei
1073 3149 1172 3212 laudes
1193 3161 1328 3224 cantant,

195 3229 267 3292 dreit
285 3225 394 3301 Maria,
419 3245 451 3288 se
470 3246 505 3286 ex
523 3225 664 3286 interiore
684 3225 774 3285 animi
792 3245 879 3286 seusu
898 3225 1018 3286 laudare
1037 3221 1144 3286 Deum.
1182 3225 1223 3287 Et
1242 3237 1327 3286 certe

193 3303 267 3366 nibil
287 3303 365 3369 aliud
385 3324 472 3383 quam
491 3309 604 3364 sacrum
613 3303 672 3362 Dei
691 3321 802 3364 nomeu
821 3302 991 3382 profanant,
1011 3301 1061 3382 qui
1081 3322 1143 3361 non
1163 3301 1329 3377 exanimo,

193 3383 246 3444 aed
270 3379 371 3467 lingua
394 3391 507 3442 tautum
531 3379 702 3458 praedicant
727 3379 788 3440 eius
812 3378 959 3459 gloriam·
997 3377 1093 3439 Porro
1121 3400 1210 3458 quum
1234 3397 1325 3438 voees

113 3502 116 3510 ι
193 3463 310 3520 mnam
334 3469 364 3518 et
386 3460 505 3534 spiritus
522 3455 601 3518 varie
620 3459 772 3518 sumantur
790 3454 820 3513 in
842 3455 907 3516 Scri
930 3467 1005 3531 tura,
1024 3454 1108 3516 simul
1128 3465 1227 3516 tamen
1248 3475 1326 3515 con,

192 3537 310 3597 iunctae
330 3532 400 3596 duas
419 3533 533 3594 animae
553 3531 650 3611 praeci
674 3553 711 3591 ue
730 3529 884 3595 facultates
904 3477 1056 3592 denotant
1096 3531 1222 3611 Spiritus
1242 3531 1325 3592 enim

194 3635 250 3694 pro
274 3609 470 3692 intelligentia
490 3607 617 3698 capitur,
646 3551 768 3672 tlnirnus
788 3620 885 3668 autem
906 3628 960 3688 pro
981 3611 1051 3670 sede
1070 3607 1239 3671 affectuum.
1279 3609 1324 3668 Ut

193 3701 344 3750 teneamus
363 3697 483 3746 sanctae
500 3707 544 3744 vu
566 3684 620 3744 iuis
640 3695 785 3757 mentem,
816 3685 980 3760 eumdum
1000 3696 1058 3759 est,
1111 3685 1171 3746 uod
1189 3685 1324 3745 'secundo

193 3767 262 3828 loco
283 3764 330 3823 bic
349 3761 480 3843 ponitur,
501 3704 605 3820 cubuc
624 3759 705 3840 prius
725 3779 797 3822 esse.
831 3761 907 3821 Nam
927 3772 960 3820 ut
978 3761 1015 3824 ad
1035 3705 1211 3824 laudandum
1223 3760 1324 3820 Deum

193 3840 334 3902 incitetur
364 3837 491 3899 bominis
516 3836 668 3911 voluntas,
701 3837 861 3915 praecedat
883 3861 895 3898 s
918 3837 1000 3898 iritus
1025 3837 1179 3902 exsultatio
1202 3855 1323 3898 necesse

194 3932 253 3977 est:
275 3914 519 3996 quemadmodum
539 3913 665 3975 Iacobus
685 3913 772 3975 docet
791 3917 835 3992 (5,
854 3859 929 3992 133,
947 3915 1086 3973 Laetatur
1107 3913 1188 3992 quis?
1203 3914 1321 4003 psallat.

193 3993 327 4053 Tristitia
346 3990 424 4050 euim
444 4001 474 4050 ot
492 3989 618 4053 anricus
638 4001 700 4050 tum
719 3988 848 4050 animum
867 3990 1090 4070 constringunt,
1108 4001 1171 4048 tum
1191 3989 1321 4071 linguam

193 4068 359 4150 impediunt
382 4088 399 4126 a
423 4065 598 4132 celebranda
621 4064 680 4125 Dei
706 4063 855 4126 bonitate:
891 4069 974 4126 Ero
1001 4066 1052 4127 ubi
1070 4065 1178 4145 gaudio
1200 4067 1322 4126 exsultat

193 4142 408 4216 mansbiariae,
428 4143 530 4205 corin
549 4140 665 4204 laudem
676 4140 736 4201 Dei
755 4142 890 4222 erumpit.
954 4162 987 4202 ec
1007 4142 1058 4202 abs
1077 4162 1110 4201 re
1129 4143 1196 4202 Deo
1217 4142 1322 4202 tribuit

194 4221 347 4301 epitheton
368 4219 548 4292 servatoris,
579 4240 668 4298 quum
688 4218 724 4278 de
745 4218 840 4279 cordis
860 4219 904 4278 sui
923 4217 1033 4278 laetitia
1053 4217 1200 4298 loquitur,
1225 4220 1321 4278 donec

194 4298 271 4358 enim
292 4294 407 4378 agnitus
426 4295 517 4355 fuerit
535 4295 616 4355 Deus
635 4294 786 4368 Servatur,
806 4316 955 4434 nunpuam
975 4295 1004 4354 in
1024 4315 1126 4354 verum
1146 4307 1177 4354 et
1195 4295 1320 4359 liberum

192 4374 332 4460 gaudium
349 4371 500 4444 solventur
519 4371 672 4440 bominum
690 4383 817 4450 mentes,
832 4392 864 4436 se
904 4370 1044 4452 perplexe
1062 4382 1093 4436 et
1111 4371 1320 4468 colticitebae.
