2768 4856
504 267 617 351 hNN.
644 281 808 350 noxus
847 359 859 369 ,
1126 337 1130 350 ,
1164 309 1221 354 xrx
1274 239 1279 244 Δ

88 455 133 512 ca,
162 437 358 531 hispanica,
388 439 551 502 sedetiam
569 441 707 504 hebraice
728 444 765 504 ab
785 443 966 506 Immannele
986 443 1149 508 Tremellio
1169 445 1221 506 In-

60 457 127 575 lleo
146 514 366 592 Christiano,
399 529 430 578 et
450 538 558 598 graece
578 519 614 578 ab
635 520 768 581 ilenrico
790 521 943 600 Stephano
963 521 1081 604 legatur
1100 521 1221 606 elegan-

61 593 161 652 usim
188 614 384 657 conversus.
431 593 496 670 Qui
520 594 657 674 deinceps
685 595 795 664 suerint
818 597 908 677 ipsius
930 598 1072 659 ordinarii
1092 597 1249 678 labores„

63 689 91 728 es
109 690 139 728 rc
158 667 241 750 ipsa'
255 670 427 731 diiudicari
447 683 556 751 potest
588 671 716 752 Alternis
732 672 831 736 hebdo
864 673 965 735 adibus
978 675 1224 736 tofis‘conciona-

65 746 156 820 batur,
197 747 316 807 triduo
351 767 437 808 verox
456 748 596 808 docebat:
635 749 758 842 singulis
784 751 851 810 dieb
911 751 991 812 Iovis
1016 751 1223 833 coguitionem
1258 805 1263 814 .

63 821 243 903 Presbyterii
273 823 428 906 regebat,
461 823 563 885 diebus
588 826 714 888 Veneris
740 826 769 886 in
791 828 939 888 communi
958 829 1120 890 collatione
1140 828 1223 888 Scri-

66 911 175 1032 pturas,
210 915 312 981 qnam
340 899 620 988 Congregatiopem
639 924 794 979 vocamus,
817 904 922 964 iustam
942 925 1037 986 paene
1058 903 1222 966 lectionem
1256 938 1259 944 ·

84 977 200 1038 abebat:
234 978 351 1038 varios
376 999 478 1050 saeros
504 977 596 1039 libros
617 979 790 1056 doctissimis
810 983 1028 1042 commentariis
1048 980 1223 1058 illustrabat,

67 1053 144 1112 uodo
169 1053 349 1136 religionis
372 1053 508 1116 hostibus
528 1057 742 1136 respondebat,
772 1059 864 1119 modo
884 1059 1054 1119 necessariis
1075 1057 1222 1119 derebus

68 1129 255 1212 undiquaque
279 1129 455 1191 scribebat:
483 1152 559 1210 quae
579 1133 708 1214 quisquis
730 1145 842 1196 attente
856 1135 985 1219 legerit,
1004 1135 1168 1196 mirabitur·
1191 1145 1224 1194 ot

69 1208 206 1288 undeque
237 1207 409 1268 laboribus
427 1207 553 1270 unicum
579 1210 787 1269 homunculum
812 1211 948 1272 sulficere
968 1199 1107 1294 potuissei
1178 1222 1224 1271 te-

69 1281 145 1342 batur
162 1297 272 1344 antem
320 1283 463 1344 lurimum
483 1283 508 1342 F
510 1284 602 1346 arello
624 1286 782 1360 etVireto,
802 1287 907 1366 quibus
926 1299 1025 1350 nmen
1044 1289 1108 1370 ipse
1128 1287 1222 1350 multo

70 1360 124 1448 plur
148 1361 285 1422 confere
313 1373 357 1420 at
404 1359 467 1422 Sed
493 1381 596 1422 eorum
617 1362 744 1424 amicitia
765 1373 796 1423 et
815 1364 1026 1426 coniunctione
1045 1385 1109 1424 non
1128 1364 1225 1424 minus

70 1437 202 1515 mprobis
224 1439 334 1498 inrisa
355 1437 522 1518 quampiis
543 1438 678 1499 omnibus
689 1439 812 1509 iucunda
826 1439 1002 1512 mirabiliter
1011 1441 1224 1502 delectabatur.

71 1513 102 1572 tr
118 1534 187 1574 sane
208 1514 469 1576 iucundissimum
491 1527 555 1574 erat
572 1515 781 1595 spectaculum,
800 1527 861 1578 tres
881 1516 952 1581 istos
966 1517 1107 1576 tantosin
1119 1515 1227 1577 Eccle·
1261 1517 1266 1531 ⁸

71 1589 104 1648 ria
125 1591 185 1652 Dei
211 1593 301 1652 uiros
332 1611 433 1671 usque
459 1589 534 1655 adeo
558 1591 589 1651 in
610 1612 703 1672 opere
717 1591 825 1654 divino
846 1593 1083 1668 consentientes,
1115 1612 1226 1672 eosque

72 1667 178 1729 dirersis
199 1669 297 1730 donis
321 1670 471 1731 florentes
492 1680 664 1730 cernereet
682 1669 793 1732 audire.
823 1669 1001 1730 Excellebat
1015 1669 1139 1749 quadam
1159 1667 1225 1730 ani-

12 1773 13 1776 *
74 1744 105 1802 ni
125 1745 348 1827 magnitudine
374 1741 524 1820 Farellus,
554 1746 634 1806 cuius
660 1745 710 1807 sel
736 1746 837 1806 andire
861 1747 973 1832 absque
992 1758 1124 1808 trunore
1143 1745 1225 1806 toni·
1252 1817 1255 1829 s

12 1819 13 1876 ἶ
74 1822 230 1895 ιιιι,,νε1
265 1820 493 1882 ardentisstnas
512 1837 626 1902 {preces
651 1822 732 1902 perci
756 1843 806 1884 ere
831 1841 919 1886 nemo
968 1835 1061 1897 osset,
1095 1823 1167 1902 quin
1193 1821 1256 1905 in·

72 1896 155 1975 ipsum
171 1918 284 2035 paene
300 1897 430 1958 coelum
447 1895 673 1964 subveheretur.
709 1844 829 1960 Viretns
848 1845 1002 1960 facundiae
1022 1899 1163 1960 suavitate
1182 1897 1227 1959 sic
1251 1964 1254 1972 ¹

12 1993 13 2058 }
73 1975 170 2036 excelle
192 1987 244 2050 at,
270 1987 320 2034 nu
329 1973 486 2034 auditores
506 1973 542 2034 ab
560 1975 655 2055 ipsius
671 1994 726 2036 ore
746 1976 913 2038 necessario
932 1977 1108 2068 penderent.
1148 1972 1222 2036 Cal-

12 2077 13 2108 ;
71 2050 146 2110 rium
164 2063 249 2132 quot
270 2049 405 2111 sonabat
423 2049 531 2124 verba,
546 2062 593 2111 tot
611 2052 786 2134 gra'rissImis
804 2053 959 2113 sententias
979 2051 1120 2114 auditoris
1139 2073 1225 2112 men-
1260 2109 1265 2122 „
1347 2057 1351 2069 “

73 2137 125 2188 tem
143 2127 306 2210 explebat,
328 2137 471 2206 ut-saepe
491 2127 561 2187 milri
574 2127 881 2204 inmentemvencrit,
922 2129 1225 2210 ersectnmquodam-

72 2205 152 2264 modo
177 2205 288 2266 videri
317 2224 406 2284 posse
433 2214 597 2282 pastorem,
628 2205 678 2285 qui
702 2227 737 2266 ex
765 2205 859 2267 tribus
884 2151 942 2268 illis
969 2218 1047 2267 esset
1070 2205 1224 2266 conflatum.

74 2280 111 2337 Ut
127 2281 350 2342 adCalvinum
369 2281 500 2355 redeam,
519 2301 580 2342 non
602 2282 646 2342 bis
665 2284 756 2344 modo
777 2283 865 2358 curis,
884 2284 937 2344 sed
956 2281 1125 2343 domesticis
1136 2281 1225 2340 etiam

74 2361 263 2438 externisque
282 2355 470 2416 aliis'mnltis
490 2357 688 2420 exercebatur.
727 2359 778 2420 Sic
799 2361 877 2420 enirn
895 2360 1043 2421 Dominus
1062 2356 1225 2420 benedice—
1248 2433 1251 2438 1

75 2432 116 2494 bat
134 2435 201 2496 eins
224 2433 419 2508 ministerio,
438 2443 473 2492 ut
492 2454 525 2494 ex
544 2434 682 2496 omuibus
702 2435 784 2496 orbis
805 2436 966 2496 Christiani
986 2434 1134 2516 partibus,
1152 2453 1224 2514 par-

74 2511 118 2570 tim
142 2514 210 2572 eius
242 2509 407 2584 consilium
431 2509 463 2568 in
488 2531 571 2572 causa
597 2509 652 2571 rel'
675 2511 752 2571 ionis
783 2511 1011 2593 efflagitaretur,
1049 2509 1155 2590 partim
1187 2508 1226 2569 ad
1266 2559 1269 2575 .

76 2607 131 2647 eum
150 2587 346 2654 audiendum
369 2599 614 2661 concurreretur,
634 2531 709 2648 alico
729 2586 925 2660 asiaticam,
944 2585 1107 2668 anglicam,
1126 2584 1226 2673 hispa-

77 2665 162 2725 nicam
188 2662 326 2742 denique
347 2662 503 2723 ecclesiam
525 2663 665 2725 Genavae
685 2661 859 2738 uiderimus,
890 2683 928 2722 ne
951 2683 988 2722 ue
1007 2671 1055 2722 tot
1075 2660 1225 2739 capiendis

78 2739 244 2822 hospitibus
263 2739 404 2800 sufficere
425 2759 589 2819 possenna
611 2740 712 2802 civitas
732 2738 889 2814 videretur.
959 2737 1021 2799 omi
1039 2755 1112 2816 raro
1134 2734 1188 2796 etsi
1208 2756 1226 2796 a

76 2815 157 2878 bouis
186 2816 379 2888 colebatur,
397 2813 437 2874 ab
464 2815 607 2895 improbis
632 2815 834 2890 metuebatur,
871 2827 901 2877 et
927 2815 1111 2896 optimates
1139 2822 1226 2874 crant

76 2897 267 2968 constitutae,
287 2913 352 2952 non
373 2892 498 2952 deerant
515 2904 614 2954 mmeu
634 2893 684 2973 qui
703 2905 822 2956 strenue
842 2892 924 2953 illum
938 2902 1126 2960 exercerent:
1168 2908 1224 2948 uae
1263 2944 1269 2953 ,
1322 2929 1326 2937 1

77 2973 240 3031 munina
269 2967 423 3051 sigillatim
455 2965 678 3048 explicabimus,
716 2981 749 3030 ut
780 2970 908 3030 babeant
926 2968 1044 3050 lposteri
1071 2911 1223 3050 impiare

78 3047 261 3106 tortitudinis
287 3044 471 3124 exemplum,
502 3045 581 3124 quod
608 3067 663 3126 pro
689 3046 799 3108 viribus
818 3047 979 3107 imitentur.
1019 3045 1115 3126 Igitur
1134 3056 1169 3103 ut
1186 3041 1224 3102 ad
1311 3091 1323 3098 .

78 3123 233 3182 historiam
252 3123 420 3195 redeamus,
439 3121 611 3202 simulatque
627 3124 662 3192 in
682 3123 786 3184 urbem
806 3123 904 3196 rediit,
920 3141 1039 3183 memor
1057 3120 1135 3181 illius
1155 3139 1226 3188 senff

78 3199 206 3272 tentiae,
238 3199 442 3277 quaerendum
467 3218 529 3260 esse
554 3199 681 3278 primum
699 3212 824 3281 regnum
844 3199 918 3274 Dei,
952 3209 1116 3260 massera
1136 3193 1225 3256 nobis

79 3276 272 3349 adiicianurr,
302 3259 376 3334 nihil
398 3273 683 3354 babuitlantiquius,
708 3296 794 3355 qnam
814 3288 847 3336 nt
866 3272 1224 3364 ecclesiasticae·politiae

78 3351 161 3432 leges
183 3351 281 3414 verbo
306 3349 366 3410 Ilei
392 3362 610 3414 consentaneae
635 3373 669 3414 es
693 3351 818 3413 Senatus
837 3371 985 3414 consensu
1003 3348 1225 3431 perscriberen-

82 3439 142 3485 tnr:
167 3427 315 3506 aquibus
359 3437 442 3487 ostea
463 3426 628 3504 discedere,
655 3443 753 3507 neque
772 3429 910 3498 ministris
929 3427 1017 3510 ipsis,
1033 3447 1133 3508 neque
1152 3424 1225 3487 eivi-

83 3503 135 3563 bns
153 3503 269 3564 liceret.
308 3447 439 3564 Iri-vero
460 3503 609 3564 nonnullis
629 3505 735 3566 sen‘sim
755 3525 789 3564 ex
809 3505 898 3587 vulgo
918 3515 1006 3584 atque
1027 3525 1061 3566 et
1080 3499 1226 3584 primariis

83 3579 202 3656 debu,
224 3579 276 3660 qni
295 3579 407 3660 Papam
430 3578 547 3658 quidem
568 3593 717 3655 exuerant,
738 3579 887 3642 Christum
905 3601 978 3642 vero
997 3578 1225 3666 nominetenus

83 3657 254 3732 induerant,
285 3655 423 3716 odiosum
450 3655 516 3714 fuit.
558 3656 703 3717 Nonnulli
728 3679 846 3736 quoque
873 3679 907 3718 ex
932 3655 967 3717 iis
987 3656 1143 3728 ministris,
1173 3671 1226 3730 qul

84 3731 167 3792 bonis
193 3731 253 3794 illis
284 3730 389 3794 eiectis
417 3731 449 3790 in
480 3729 553 3794 urbe
581 3721 750 3796 maniersnt
777 3737 923 3814 (quorum
948 3747 1047 3794 tamen
1071 3725 1227 3821 praecipui

87 3821 184 3887 postea
205 3810 392 3903 flagitiorum
413 3807 457 3868 rei
478 3808 603 3888 turpiter
622 3797 778 3870 sta'tionem
790 3811 1005 3884 deseruerant),
1025 3805 1225 3868 etsrtestimo·
1261 3853 1265 3864 ,

86 3885 133 3944 nio
156 3885 361 3948 conscientiae
383 3883 513 3944 convicti
531 3905 699 3974 repugnare
719 3908 781 3946 nou
801 3887 965 3958 audebant,
996 3882 1160 3946 clanculum
1180 3893 1225 3942 ta·

88 3981 147 4022 men
173 3961 380 4036 obsistebant,
411 3979 503 4038 seque
528 3983 559 4020 m
586 3963 720 4022 ordinem
749 3964 817 4044 cogi
838 3986 899 4024 non
922 3961 1007 4023 facile
1028 3959 1226 4042 patiebantur.
1275 4029 1285 4036 ἱ
1370 3989 1372 3998 1

87 4035 183 4116 licque
204 4059 277 4099 vcro
299 4039 419 4110 deerat,
448 4035 528 4115 quod
549 4038 616 4098 hnic
636 4059 704 4099 suae
721 4039 908 4130 improbitati
930 4049 1134 4118 praetexerent
1153 4036 1225 4095 alia-

86 4133 145 4172 rum
167 4115 309 4176 videlicet
335 4112 525 4176 ecclesiarum
552 4115 731 4194 esenrplom‚
768 4139 798 4175 ιιι
824 4117 928 4196 qttibus
953 4113 1049 4174 nullus
1075 4125 1152 4174 esset
1179 4131 1227 4170 ex-

85 4191 344 4253 commturicatioui
366 4189 461 4250 locus.
505 4191 575 4250 Non
595 4191 718 4252 deerant
738 4193 883 4272 denique,
913 4191 963 4270 qui
983 4190 1158 4270 Papisticam
1178 4200 1226 4268 ty.

85 4269 233 4328 renuidem
253 4268 296 4330 sic
316 4265 456 4331 revbtari
473 4265 667 4330 clamitarent
707 4270 767 4328 Sed
788 4269 837 4328 has
859 4265 1047 4347 difficultates
1065 4266 1135 4327 vicit
1155 4263 1227 4326 Cal-

84 4343 140 4402 riui
166 4345 331 4406 constantia
358 4363 428 4408 cunt
456 4342 563 4426 insigni
582 4345 787 4404 moderatione
806 4343 979 4404 coniuncta:
1012 4341 1063 4420 qui
1083 4362 1172 4420 quum
1192 4359 1228 4402 ex

86 4419 172 4483 tactis
193 4420 285 4484 literis
313 4443 379 4486 non
409 4419 562 4482 docrinae
586 4421 692 4495 modo,
727 4440 829 4482 rerum
854 4418 941 4478 etiam
968 4415 1227 4548 p‘dtprinistrationis
