2790 4838
1057 155 1061 164 Ι
1161 107 1166 145 i

202 218 261 282 2⁰8
413 253 419 270 .
537 196 691 272 sac'Tto
711 209 781 270 vlt
820 156 1026 272 litescunt.-

204 371 387 458 congregati
407 379 482 434 sunt
502 365 607 445 multi,
641 365 725 432 adeo
748 377 783 432 ut
803 369 865 432 iam
887 389 954 432 non
977 373 1130 452 caperent
1151 385 1225 442 cos,
1256 385 1354 452 quae

203 477 289 540 circa
308 475 435 538 ianuam
458 481 550 536 arant
570 467 653 546 loca,
674 479 706 534 et
727 467 922 554 loquebatur
944 469 990 532 eis
1011 487 1202 532 sermonem.
1247 465 1279 530 3.
1305 467 1354 530 Et

119 637 123 650 ,
158 579 160 586 ’
202 578 338 648 veniunt
364 571 407 636 ad
433 583 506 636 eunt
532 569 673 636 ferentes
695 568 922 654 paralyticum,
952 571 1007 656 qui
1029 589 1048 632 a
1069 577 1209 652 quatuor
1232 578 1353 652 porta-

203 677 305 744 batur.
368 674 398 738 4.
431 671 473 736 Et
505 691 601 758 quum
634 691 703 735 non
731 681 864 755 possent
891 671 1154 756 appropinquare
1183 666 1230 732 illi
1260 689 1351 751 prae

203 777 310 860 turba,
327 773 532 849 nudaverunt
553 781 669 836 tectum
692 771 828 848 aedium,
849 774 880 836 in
896 769 1012 858 quibus
1025 779 1101 847 erat,
1123 765 1349 855 perfossaque

176 878 289 948 'tecto
314 877 484 944 demittunt
509 871 715 959 grabbatum,
746 873 780 938 in
809 895 874 959 quo
903 871 1101 957 paralyticus
1128 863 1268 934 iacebat.
1313 871 1348 934 5.
1382 909 1383 932 r

203 981 314 1068 Quum
349 987 452 1042 autem
486 973 620 1040 vidisset
651 975 739 1037 lesus
766 973 865 1038 fidem
893 974 1037 1063 illorum,
1080 975 1123 1036 ait
1150 969 1349 1054 paralytico,

203 1078 284 1158 Fili,
311 1081 515 1144 remittuntur
541 1073 600 1140 tihi
622 1085 754 1160 peccata
776 1085 838 1139 tua.
880 1077 909 1141 6.
931 1075 1031 1138 Erant
1053 1083 1157 1136 autem
1179 1069 1247 1136 illic
1270 1074 1348 1157 qui·

204 1183 276 1250 darn
304 1203 323 1247 e
350 1175 473 1246 Scribis
497 1175 662 1250 sedentes,
703 1185 734 1240 et
757 1180 934 1260 cogitantes
954 1177 987 1240 in
1011 1171 1164 1239 cordibus
1185 1174 1267 1246 suis,
1313 1173 1346 1236 ·7.

73 1297 78 1309 '
125 1330 128 1342 .
204 1282 296 1370 Quid
327 1281 380 1346 hic
411 1283 459 1343 sic
489 1277 633 1364 loquitur
666 1274 902 1364 blasphemias?
943 1279 1150 1362 quieporest
1175 1273 1350 1338 remittere

200 1391 348 1472 peccata,
379 1382 443 1446 nisi
462 1377 551 1444 solus
572 1379 686 1445 Deus?
724 1380 757 1446 8.
782 1379 824 1444 Et
845 1379 991 1465 protinus
1013 1397 1109 1462 quum
1132 1377 1344 1461 cognovisset

202 1487 293 1552 lesus
321 1483 443 1571 Spiritu
468 1501 543 1560 suo,
577 1480 668 1566 quod
694 1483 741 1546 sic
767 1483 945 1566 cogitarent
971 1480 1054 1543 iutra
1082 1497 1132 1552 se,
1162 1475 1241 1542 dixit
1265 1473 1344 1553 illis,

204 1584 295 1673 Quid
322 1588 382 1650 ista
409 1585 557 1666 cogitatis
582 1584 616 1644 in
638 1580 793 1646 cordibus
813 1579 950 1647 restris?
991 1581 1021 1645 9.
1050 1579 1164 1642 Utrum
1189 1588 1238 1641 est
1261 1575 1343 1640 laci-

153 1729 159 1741 =
202 1687 279 1766 lius,
310 1684 419 1751 dicere
440 1679 639 1769 paralytico,
659 1681 876 1747 Remittuntur
896 1680 956 1748 tihi
977 1689 1123 1766 peccata:
1150 1699 1192 1742 an
1216 1675 1340 1756 dicere,

203 1787 320 1872 Surge,
344 1782 483 1850 attolle
504 1779 694 1868 grabbatum
716 1794 819 1860 tuum,
848 1794 880 1848 et
902 1779 1050 1847 ambula?
1092 1780 1141 1845 lli.
1163 1779 1209 1844 Ut
1231 1789 1341 1844 autem

202 1891 325 1964 sciatis,
360 1883 449 1972 quod
481 1881 585 1948 Filius
611 1883 749 1948 hominis
776 1881 873 1947 habet
899 1893 1088 1970 potestatem
1115 1884 1261 1946 interra
1288 1902 1342 1944 re-

201 1985 350 2054 mittendi
369 1993 518 2071 peccata,
538 1987 597 2064 (ait
616 1983 814 2072 paralytico)
855 1985 905 2050 11.
926 1983 1002 2049 Tibi
1025 1983 1109 2060 dico,
1129 1999 1234 2067 surge,
1256 1979 1341 2045 tolle

202 2086 392 2178 grabbatum
414 2097 512 2164 tuum,
533 2095 565 2150 et
584 2082 668 2150 abi
659 2107 693 2174 ιιι
716 2084 844 2150 domum
869 2097 963 2151 tuam.
1008 2085 1056 2150 12.
1083 2083 1123 2148 Et
1143 2085 1249 2147 statim
1271 2103 1343 2146 sur

202 2193 293 2269 rexit,
314 2187 508 2288 sublatoque
530 2184 688 2270 grabbato
712 2208 857 2273 egressus
879 2197 926 2254 est
948 2189 981 2250 in
995 2193 1171 2268 conspectu
1187 2186 1342 2270 omnium,

202 2291 287 2358 adeo
310 2301 345 2354 ut
365 2280 588 2407 stupescerent
609 2309 734 2370 omnes,
756 2298 789 2353 et
810 2287 1029 2374 glorificarent
1050 2275 1164 2364 Deum,
1185 2284 1342 2364 dicentes,

202 2393 421 2480 Nunquam
395 2412 442 2456 src
462 2389 609 2455 vidimus.

286 2505 387 2578 LUC.
408 2511 450 2576 V.
493 2511 542 2574 17.
568 2510 610 2575 Et
632 2501 746 2574 lactura
768 2519 816 2574 est
838 2509 976 2596 quodam
999 2508 1068 2584 die,
1091 2517 1124 2572 ct
1144 2509 1214 2592 ipsc
1238 2504 1338 2572 dece-

201 2611 274 2680 batt
302 2622 456 2698 erantque
478 2609 641 2675 Pharisaei
662 2611 814 2676 sedentes
836 2633 874 2675 ac
895 2609 990 2694 Legis
1011 2609 1178 2688 doctores,
1203 2611 1261 2696 qui
1281 2629 1340 2673 ve-

200 2723 318 2782 nerant
340 2735 378 2780 ex
400 2713 489 2777 omni
511 2709 645 2778 castello
669 2711 853 2789 Galilaeae,
875 2722 907 2776 et
930 2711 1077 2786 iudaeae,
1099 2720 1131 2775 et
1151 2707 1339 2788 Ierusalem,

203 2817 357 2881 errimus
375 2813 509 2877 Domini
531 2811 643 2877 aderat
664 2807 711 2876 ad'
728 2811 904 2877 sanandum
926 2833 1013 2878 eoa·
1038 2813 1086 2876 18.
1112 2811 1153 2876 Et
1175 2833 1253 2875 ecce
1274 2815 1337 2877 riri

202 2923 369 3002 portantes
390 2914 423 2976 in
445 2911 530 2978 lecto
553 2912 733 2991 bominem,
750 2915 805 2998 qui
828 2924 897 2979 erat
916 2913 1127 3000 paralyticus,
1148 2919 1181 2977 et
1202 2933 1338 2997 quaere-

159 3045 169 3062 ι
199 3015 281 3082 hant
307 3034 380 3080 enm
407 3011 529 3078 inferre
558 3024 590 3078 et
616 3033 740 3098 ponere
768 3023 841 3079 ante
869 3035 951 3079 eum.
1000 3015 1047 3080 19.
1084 3013 1125 3078 Et
1148 3003 1216 3080 non
1246 3015 1337 3082 inre-

201 3118 343 3192 cientes,
376 3134 440 3199 qua
467 3125 559 3200 parte
585 3113 675 3180 illum
703 3113 861 3180 inferrent
881 3136 960 3200 prae
981 3113 1091 3194 turba,
1120 3112 1338 3182 ascenderunt

201 3238 298 3304 supra
320 3225 447 3293 tectum,
470 3233 592 3302 ac¹per
607 3211 732 3299 tegulas
753 3213 950 3281 demiserunt
971 3237 1043 3281 enm
1066 3237 1137 3282 eum
1158 3215 1280 3283 lectulo
1301 3221 1337 3284 in
1382 3237 1383 3278 t

70 3367 84 3378 ,
200 3316 342 3382 medium
371 3323 445 3380 ante
469 3316 583 3380 lesum.
630 3318 681 3380 20
709 3315 857 3401 Quorum
879 3315 977 3382 fidem
999 3329 1034 3383 ut
1054 3317 1149 3398 vidit,
1181 3317 1258 3384 dixit
1278 3317 1336 3396 illi,

201 3419 324 3496 Homo,
344 3418 549 3481 remittuntur
567 3415 627 3482 tibi
650 3428 782 3503 peccata
804 3428 868 3482 tua.
908 3419 959 3482 21.
987 3419 1028 3484 Et
1049 3431 1229 3506 coeperunt
1250 3425 1336 3504 cogi

200 3531 269 3584 tare
291 3515 424 3582 Scribas
447 3529 479 3583 et
502 3519 676 3597 Pharisaei,
705 3519 862 3597 dicentes,
891 3517 974 3604 Quis
997 3531 1045 3584 est
1064 3519 1132 3599 hic,
1153 3525 1209 3606 qui
1230 3517 1337 3608 loqui·
1382 3539 1383 3548 ¹

200 3629 254 3684 tur
283 3616 519 3706 blasphemias?
561 3622 632 3707 quis
665 3629 772 3707 potest
806 3623 968 3686 remittere
996 3631 1128 3706 peccata
1154 3623 1218 3686 nisi
1243 3619 1333 3688 solus

200 3721 312 3787 Deus?
366 3721 415 3786 22.
447 3721 493 3786 Ut
519 3735 624 3786 autem
652 3722 804 3804 cognovit
829 3721 918 3786 lesus
944 3725 1154 3806 cogitationes
1181 3725 1333 3808 ipsorum,

199 3820 402 3907 respondens
428 3821 506 3887 dixit
527 3821 568 3886 ad
592 3843 664 3898 eos,
695 3819 785 3906 Quid
806 3825 951 3908 cogitatis
971 3826 1004 3887 in
1027 3821 1180 3888 cordibus
1201 3826 1333 3888 vestris?

199 3923 254 3986 23.
276 3923 390 3987 Utrum
414 3932 461 3987 est
482 3921 622 4001 facilius,
649 3919 772 4002 dicere,
799 3925 1013 3988 Remittuntur
1034 3922 1094 3988 tihi
1114 3934 1261 4008 peccata:
1290 3945 1331 3988 an

201 4020 310 4087 dicere
318 4021 448 4108 ,Surge
472 4035 504 4088 et
525 4021 672 4088 ambula?
713 4024 763 4088 24.
784 4025 830 4090 Ut
851 4036 955 4090 autem
977 4027 1096 4101 sciatis,
1117 4021 1207 4110 quod
1230 4023 1331 4088 Filius

200 4121 338 4188 hominis
361 4122 460 4188 hahet
479 4134 669 4209 potestatem
692 4127 724 4188 in
746 4135 840 4200 tetra,
861 4128 921 4204 (ait
940 4125 1138 4211 paralytico)
1160 4123 1333 4202 rtbidico,

124 4307 128 4316 ¹
198 4243 302 4308 surge,
324 4220 404 4287 tolle
425 4223 542 4290 lectum
564 4234 660 4303 tuum,
684 4235 716 4290 et
735 4221 851 4290 vade
842 4246 876 4290 ιιι
898 4223 1027 4292 domum
1048 4237 1142 4293 tuarn
1176 4227 1360 4314 lesque

77 4395 84 4418 Ι
176 4318 368 4448 Nconfestim
388 4346 522 4412 surgens
543 4335 652 4394 eoram
673 4325 747 4405 11113,
766 4325 893 4392 sustulit
914 4327 1068 4410 lectum,
1060 4349 1093 4394 ιιι
1105 4349 1170 4416 quo
1182 4329 1331 4408 iacuerat,
