<?xml version="1.0" encoding="UTF-8"?>
<!DOCTYPE html PUBLIC "-//W3C//DTD XHTML 1.0 Transitional//EN"
    "http://www.w3.org/TR/xhtml1/DTD/xhtml1-transitional.dtd">
<html xmlns="http://www.w3.org/1999/xhtml" xml:lang="en" lang="en">
 <head>
  <title>
</title>
<meta http-equiv="Content-Type" content="text/html;charset=utf-8" />
  <meta name='ocr-system' content='tesseract 3.04.00' />
  <meta name='ocr-capabilities' content='ocr_page ocr_carea ocr_par ocr_line ocrx_word'/>
</head>
<body>
  <div class='ocr_page' id='page_1' title='image "./innovumtestamen00calvgoog_0099.png"; bbox 0 0 2764 4846; ppageno 0'>
   <div class='ocr_carea' id='block_1_1' title="bbox 209 189 1174 271">
    <p class='ocr_par' dir='ltr' id='par_1_1' title="bbox 209 189 1174 271">
     <span class='ocr_line' id='line_1_1' title="bbox 209 189 1174 271; baseline 0.003 -20"><span class='ocrx_word' id='word_1_1' title='bbox 209 197 250 271; x_wconf 65' lang='grc' dir='ltr'><strong>ω</strong></span> <span class='ocrx_word' id='word_1_2' title='bbox 382 189 535 255; x_wconf 82' lang='lat' dir='ltr'><strong>sttcTIO</strong></span> <span class='ocrx_word' id='word_1_3' title='bbox 556 189 598 254; x_wconf 83' lang='lat'><strong>11.</strong></span> <span class='ocrx_word' id='word_1_4' title='bbox 636 191 776 256; x_wconf 79' lang='lat' dir='ltr'><strong>Ioannis</strong></span> <span class='ocrx_word' id='word_1_5' title='bbox 796 191 1174 262; x_wconf 67' lang='lat' dir='ltr'><strong>uarrrsrnruarmas.</strong></span> 
     </span>
    </p>
   </div>
   <div class='ocr_carea' id='block_1_2' title="bbox 212 321 1341 503">
    <p class='ocr_par' dir='ltr' id='par_1_2' title="bbox 212 321 1341 503">
     <span class='ocr_line' id='line_1_2' title="bbox 212 321 1340 427; baseline 0.001 -21"><span class='ocrx_word' id='word_1_6' title='bbox 212 347 303 406; x_wconf 73' lang='lat' dir='ltr'><strong>¹situm</strong></span> <span class='ocrx_word' id='word_1_7' title='bbox 322 343 365 406; x_wconf 90' lang='lat' dir='ltr'><strong>illi</strong></span> <span class='ocrx_word' id='word_1_8' title='bbox 385 344 473 406; x_wconf 85' lang='lat' dir='ltr'><strong>inisse</strong></span> <span class='ocrx_word' id='word_1_9' title='bbox 492 342 529 404; x_wconf 89' lang='lat' dir='ltr'><strong>ah</strong></span> <span class='ocrx_word' id='word_1_10' title='bbox 548 343 679 427; x_wconf 77' lang='lat' dir='ltr'><strong>Angelo,</strong></span> <span class='ocrx_word' id='word_1_11' title='bbox 698 357 732 406; x_wconf 93' lang='lat' dir='ltr'><strong>ut</strong></span> <span class='ocrx_word' id='word_1_12' title='bbox 751 345 823 407; x_wconf 85' lang='lat' dir='ltr'><strong>fides</strong></span> <span class='ocrx_word' id='word_1_13' title='bbox 843 358 944 407; x_wconf 87' lang='lat' dir='ltr'><strong>nostra</strong></span> <span class='ocrx_word' id='word_1_14' title='bbox 963 347 994 406; x_wconf 93' lang='lat' dir='ltr'><strong>in</strong></span> <span class='ocrx_word' id='word_1_15' title='bbox 1015 345 1113 421; x_wconf 87' lang='lat' dir='ltr'><strong>coelo,</strong></span> <span class='ocrx_word' id='word_1_16' title='bbox 1133 321 1244 405; x_wconf 85' lang='lat' dir='ltr'><strong>nonin</strong></span> <span class='ocrx_word' id='word_1_17' title='bbox 1263 357 1340 407; x_wconf 89' lang='lat' dir='ltr'><strong>terra</strong></span> 
     </span>
     <span class='ocr_line' id='line_1_3' title="bbox 215 420 1341 503; baseline 0 -20"><span class='ocrx_word' id='word_1_18' title='bbox 215 422 338 484; x_wconf 81' lang='lat' dir='ltr'><strong>fundata</strong></span> <span class='ocrx_word' id='word_1_19' title='bbox 357 423 403 482; x_wconf 92' lang='lat' dir='ltr'><strong>sit.</strong></span> <span class='ocrx_word' id='word_1_20' title='bbox 441 421 605 482; x_wconf 87' lang='lat' dir='ltr'><strong>Deducitur</strong></span> <span class='ocrx_word' id='word_1_21' title='bbox 625 443 641 496; x_wconf 79' lang='lat' dir='ltr'><strong>a</strong></span> <span class='ocrx_word' id='word_1_22' title='bbox 660 423 740 499; x_wconf 62' lang='lat' dir='ltr'><strong>utut,</strong></span> <span class='ocrx_word' id='word_1_23' title='bbox 772 423 854 503; x_wconf 93' lang='lat' dir='ltr'><strong>quod</strong></span> <span class='ocrx_word' id='word_1_24' title='bbox 873 423 1017 483; x_wconf 78' lang='lat' dir='ltr'>Hebraeis</span> <span class='ocrx_word' id='word_1_25' title='bbox 1038 434 1082 484; x_wconf 89' lang='lat' dir='ltr'><strong>est</strong></span> <span class='ocrx_word' id='word_1_26' title='bbox 1100 420 1192 495; x_wconf 88' lang='lat' dir='ltr'><strong>salus,</strong></span> <span class='ocrx_word' id='word_1_27' title='bbox 1216 423 1293 482; x_wconf 88' lang='lat' dir='ltr'><strong>unde</strong></span> <span class='ocrx_word' id='word_1_28' title='bbox 1314 435 1341 483; x_wconf 91' lang='lat' dir='ltr'><strong>et</strong></span> 
     </span>
    </p>
   </div>
   <div class='ocr_carea' id='block_1_3' title="bbox 43 499 1352 2814">
    <p class='ocr_par' dir='ltr' id='par_1_3' title="bbox 43 499 1352 2814">
     <span class='ocr_line' id='line_1_4' title="bbox 214 499 1340 586; baseline -0.003 -20"><span class='ocrx_word' id='word_1_29' title='bbox 214 503 337 566; x_wconf 86' lang='lat' dir='ltr'><strong>verbum</strong></span> <span class='ocrx_word' id='word_1_30' title='bbox 367 502 484 578; x_wconf 59' lang='lat' dir='ltr'><strong>munh,</strong></span> <span class='ocrx_word' id='word_1_31' title='bbox 517 502 596 582; x_wconf 92' lang='lat' dir='ltr'><strong>quod</strong></span> <span class='ocrx_word' id='word_1_32' title='bbox 622 524 737 566; x_wconf 82' lang='lat' dir='ltr'><strong>servare</strong></span> <span class='ocrx_word' id='word_1_33' title='bbox 761 505 916 584; x_wconf 78' lang='lat' dir='ltr'><strong>signifieat.</strong></span> <span class='ocrx_word' id='word_1_34' title='bbox 973 504 1071 564; x_wconf 86' lang='lat' dir='ltr'><strong>Porro</strong></span> <span class='ocrx_word' id='word_1_35' title='bbox 1096 499 1222 562; x_wconf 79' lang='lat' dir='ltr'>futiliter</span> <span class='ocrx_word' id='word_1_36' title='bbox 1246 505 1340 586; x_wconf 87' lang='lat' dir='ltr'><strong>arguti</strong></span> 
     </span>
     <span class='ocr_line' id='line_1_5' title="bbox 214 582 1341 665; baseline 0.001 -18"><span class='ocrx_word' id='word_1_37' title='bbox 214 599 293 660; x_wconf 91' lang='lat' dir='ltr'><strong>suut,</strong></span> <span class='ocrx_word' id='word_1_38' title='bbox 313 582 363 665; x_wconf 86' lang='lat' dir='ltr'><strong>qui</strong></span> <span class='ocrx_word' id='word_1_39' title='bbox 383 583 503 645; x_wconf 88' lang='lat' dir='ltr'><strong>diiserre</strong></span> <span class='ocrx_word' id='word_1_40' title='bbox 523 584 708 647; x_wconf 90' lang='lat' dir='ltr'><strong>contendunt</strong></span> <span class='ocrx_word' id='word_1_41' title='bbox 726 587 763 647; x_wconf 91' lang='lat' dir='ltr'><strong>ah</strong></span> <span class='ocrx_word' id='word_1_42' title='bbox 784 588 924 648; x_wconf 89' lang='lat' dir='ltr'><strong>hebraico</strong></span> <span class='ocrx_word' id='word_1_43' title='bbox 945 586 1066 648; x_wconf 87' lang='lat' dir='ltr'><strong>nornine</strong></span> <span class='ocrx_word' id='word_1_44' title='bbox 1085 583 1212 655; x_wconf 59' lang='lat' dir='ltr'><strong>uiuitur.</strong></span> <span class='ocrx_word' id='word_1_45' title='bbox 1250 587 1341 662; x_wconf 90' lang='lat' dir='ltr'><strong>Quod</strong></span> 
     </span>
     <span class='ocr_line' id='line_1_6' title="bbox 214 665 1341 750; baseline -0.002 -22"><span class='ocrx_word' id='word_1_46' title='bbox 214 667 344 728; x_wconf 85' lang='lat' dir='ltr'><strong>Rahhiui</strong></span> <span class='ocrx_word' id='word_1_47' title='bbox 368 665 501 727; x_wconf 88' lang='lat' dir='ltr'><strong>scribunt</strong></span> <span class='ocrx_word' id='word_1_48' title='bbox 519 666 630 747; x_wconf 90' lang='lat' dir='ltr'><strong>ubique</strong></span> <span class='ocrx_word' id='word_1_49' title='bbox 651 669 734 743; x_wconf 90' lang='lat' dir='ltr'><strong>lesu,</strong></span> <span class='ocrx_word' id='word_1_50' title='bbox 766 679 883 750; x_wconf 84' lang='lat' dir='ltr'><strong>eopstat</strong></span> <span class='ocrx_word' id='word_1_51' title='bbox 900 665 1028 747; x_wconf 86' lang='lat' dir='ltr'><strong>maligne</strong></span> <span class='ocrx_word' id='word_1_52' title='bbox 1049 665 1085 725; x_wconf 90' lang='lat' dir='ltr'><strong>ah</strong></span> <span class='ocrx_word' id='word_1_53' title='bbox 1104 665 1174 746; x_wconf 91' lang='lat' dir='ltr'><strong>ipsis</strong></span> <span class='ocrx_word' id='word_1_54' title='bbox 1195 665 1271 740; x_wconf 90' lang='lat' dir='ltr'><strong>fieri,</strong></span> <span class='ocrx_word' id='word_1_55' title='bbox 1304 689 1341 726; x_wconf 93' lang='lat' dir='ltr'><strong>ne</strong></span> 
     </span>
     <span class='ocr_line' id='line_1_7' title="bbox 214 742 1340 824; baseline -0.002 -18"><span class='ocrx_word' id='word_1_56' title='bbox 214 744 364 806; x_wconf 73' lang='lat' dir='ltr'><strong>Christum</strong></span> <span class='ocrx_word' id='word_1_57' title='bbox 383 743 548 804; x_wconf 86' lang='lat' dir='ltr'><strong>honorifice</strong></span> <span class='ocrx_word' id='word_1_58' title='bbox 567 743 734 823; x_wconf 75' lang='lat' dir='ltr'>appellent,</span> <span class='ocrx_word' id='word_1_59' title='bbox 754 743 824 824; x_wconf 90' lang='lat' dir='ltr'><strong>quin</strong></span> <span class='ocrx_word' id='word_1_60' title='bbox 845 744 943 824; x_wconf 90' lang='lat' dir='ltr'><strong>potius</strong></span> <span class='ocrx_word' id='word_1_61' title='bbox 963 742 1142 816; x_wconf 86' lang='lat' dir='ltr'><strong>insimulent,</strong></span> <span class='ocrx_word' id='word_1_62' title='bbox 1163 743 1340 823; x_wconf 84' lang='lat' dir='ltr'><strong>degenerem</strong></span> 
     </span>
     <span class='ocr_line' id='line_1_8' title="bbox 212 817 1340 900; baseline 0 -21"><span class='ocrx_word' id='word_1_63' title='bbox 212 819 301 880; x_wconf 82' lang='lat' dir='ltr'><strong>inisse</strong></span> <span class='ocrx_word' id='word_1_64' title='bbox 327 818 454 897; x_wconf 79' lang='lat' dir='ltr'><strong>aliquem</strong></span> <span class='ocrx_word' id='word_1_65' title='bbox 479 821 629 880; x_wconf 82' lang='lat' dir='ltr'><strong>Iudaeum.</strong></span> <span class='ocrx_word' id='word_1_66' title='bbox 677 821 781 900; x_wconf 89' lang='lat' dir='ltr'><strong>Itaque</strong></span> <span class='ocrx_word' id='word_1_67' title='bbox 806 819 980 880; x_wconf 76' lang='lat' dir='ltr'><strong>tantundem</strong></span> <span class='ocrx_word' id='word_1_68' title='bbox 1006 817 1186 878; x_wconf 81' lang='lat' dir='ltr'><strong>auctoritatis</strong></span> <span class='ocrx_word' id='word_1_69' title='bbox 1211 829 1340 884; x_wconf 87' lang='lat' dir='ltr'><strong>meretur</strong></span> 
     </span>
     <span class='ocr_line' id='line_1_9' title="bbox 211 894 1340 977; baseline 0 -21"><span class='ocrx_word' id='word_1_70' title='bbox 211 915 315 956; x_wconf 89' lang='lat' dir='ltr'><strong>eorum</strong></span> <span class='ocrx_word' id='word_1_71' title='bbox 340 895 461 975; x_wconf 87' lang='lat' dir='ltr'><strong>scriptio</strong></span> <span class='ocrx_word' id='word_1_72' title='bbox 487 917 520 956; x_wconf 88' lang='lat' dir='ltr'><strong>ae</strong></span> <span class='ocrx_word' id='word_1_73' title='bbox 544 895 632 956; x_wconf 81' lang='lat' dir='ltr'><strong>canis</strong></span> <span class='ocrx_word' id='word_1_74' title='bbox 646 897 776 976; x_wconf 83' lang='lat' dir='ltr'><strong>latratus.</strong></span> <span class='ocrx_word' id='word_1_75' title='bbox 821 896 914 971; x_wconf 88' lang='lat' dir='ltr'><strong>Quod</strong></span> <span class='ocrx_word' id='word_1_76' title='bbox 940 895 1030 976; x_wconf 89' lang='lat' dir='ltr'><strong>longe</strong></span> <span class='ocrx_word' id='word_1_77' title='bbox 1054 894 1178 954; x_wconf 80' lang='lat' dir='ltr'><strong>inferius</strong></span> <span class='ocrx_word' id='word_1_78' title='bbox 1198 895 1340 977; x_wconf 79' lang='lat' dir='ltr'><strong>dignitate</strong></span> 
     </span>
     <span class='ocr_line' id='line_1_10' title="bbox 210 971 1341 1050; baseline 0.003 -19"><span class='ocrx_word' id='word_1_79' title='bbox 210 971 278 1031; x_wconf 80' lang='lat' dir='ltr'><strong>Filii</strong></span> <span class='ocrx_word' id='word_1_80' title='bbox 288 971 354 1032; x_wconf 87' lang='lat' dir='ltr'><strong>Dei</strong></span> <span class='ocrx_word' id='word_1_81' title='bbox 366 991 427 1032; x_wconf 90' lang='lat' dir='ltr'><strong>esse</strong></span> <span class='ocrx_word' id='word_1_82' title='bbox 448 971 602 1046; x_wconf 86' lang='lat' dir='ltr'><strong>obiiciunt,</strong></span> <span class='ocrx_word' id='word_1_83' title='bbox 621 973 645 1034; x_wconf 92' lang='lat' dir='ltr'><strong>si</strong></span> <span class='ocrx_word' id='word_1_84' title='bbox 664 993 773 1034; x_wconf 88' lang='lat' dir='ltr'><strong>nomeu</strong></span> <span class='ocrx_word' id='word_1_85' title='bbox 793 972 902 1033; x_wconf 89' lang='lat' dir='ltr'><strong>haheat</strong></span> <span class='ocrx_word' id='word_1_86' title='bbox 921 993 986 1050; x_wconf 81' lang='lat' dir='ltr'><strong>eum</strong></span> <span class='ocrx_word' id='word_1_87' title='bbox 1005 971 1067 1030; x_wconf 90' lang='lat' dir='ltr'><strong>aliis</strong></span> <span class='ocrx_word' id='word_1_88' title='bbox 1078 991 1243 1048; x_wconf 85' lang='lat' dir='ltr'><strong>commune,</strong></span> <span class='ocrx_word' id='word_1_89' title='bbox 1261 971 1341 1034; x_wconf 88' lang='lat' dir='ltr'><strong>idem</strong></span> 
     </span>
     <span class='ocr_line' id='line_1_11' title="bbox 210 1047 1339 1130; baseline 0.002 -22"><span class='ocrx_word' id='word_1_90' title='bbox 210 1061 243 1108; x_wconf 88' lang='lat' dir='ltr'><strong>et</strong></span> <span class='ocrx_word' id='word_1_91' title='bbox 267 1049 304 1108; x_wconf 92' lang='lat' dir='ltr'><strong>de</strong></span> <span class='ocrx_word' id='word_1_92' title='bbox 330 1048 450 1110; x_wconf 90' lang='lat' dir='ltr'><strong>Christo</strong></span> <span class='ocrx_word' id='word_1_93' title='bbox 476 1047 599 1109; x_wconf 89' lang='lat' dir='ltr'><strong>obtendi</strong></span> <span class='ocrx_word' id='word_1_94' title='bbox 625 1061 732 1130; x_wconf 89' lang='lat' dir='ltr'><strong>posset.</strong></span> <span class='ocrx_word' id='word_1_95' title='bbox 776 1049 838 1112; x_wconf 86' lang='lat' dir='ltr'><strong>Sed</strong></span> <span class='ocrx_word' id='word_1_96' title='bbox 863 1049 899 1110; x_wconf 89' lang='lat' dir='ltr'><strong>de</strong></span> <span class='ocrx_word' id='word_1_97' title='bbox 925 1059 1054 1128; x_wconf 87' lang='lat' dir='ltr'><strong>utroque</strong></span> <span class='ocrx_word' id='word_1_98' title='bbox 1079 1048 1187 1108; x_wconf 89' lang='lat' dir='ltr'><strong>solutio</strong></span> <span class='ocrx_word' id='word_1_99' title='bbox 1214 1057 1256 1108; x_wconf 88' lang='lat' dir='ltr'><strong>est</strong></span> <span class='ocrx_word' id='word_1_100' title='bbox 1297 1049 1339 1110; x_wconf 87' lang='lat' dir='ltr'><strong>lus</strong></span> 
     </span>
     <span class='ocr_line' id='line_1_12' title="bbox 211 1122 1340 1262; baseline 0.002 -79"><span class='ocrx_word' id='word_1_101' title='bbox 211 1146 299 1205; x_wconf 90' lang='lat' dir='ltr'><strong>qnam</strong></span> <span class='ocrx_word' id='word_1_102' title='bbox 319 1124 427 1198; x_wconf 84' lang='lat' dir='ltr'><strong>facilis,</strong></span> <span class='ocrx_word' id='word_1_103' title='bbox 452 1137 563 1204; x_wconf 77' lang='lat' dir='ltr'><strong>nempe</strong></span> <span class='ocrx_word' id='word_1_104' title='bbox 584 1127 665 1204; x_wconf 88' lang='lat' dir='ltr'><strong>qnod</strong></span> <span class='ocrx_word' id='word_1_105' title='bbox 684 1126 737 1186; x_wconf 92' lang='lat' dir='ltr'><strong>suh</strong></span> <span class='ocrx_word' id='word_1_106' title='bbox 758 1126 840 1262; x_wconf 75' lang='lat' dir='ltr'><strong>Lege</strong></span> <span class='ocrx_word' id='word_1_107' title='bbox 859 1122 1016 1186; x_wconf 89' lang='lat' dir='ltr'><strong>umbratile</strong></span> <span class='ocrx_word' id='word_1_108' title='bbox 1036 1123 1107 1198; x_wconf 88' lang='lat' dir='ltr'><strong>iuit,</strong></span> <span class='ocrx_word' id='word_1_109' title='bbox 1132 1124 1164 1183; x_wconf 87' lang='lat' dir='ltr'><strong>in</strong></span> <span class='ocrx_word' id='word_1_110' title='bbox 1183 1123 1258 1184; x_wconf 87' lang='lat' dir='ltr'><strong>Filio</strong></span> <span class='ocrx_word' id='word_1_111' title='bbox 1313 1125 1340 1185; x_wconf 90' lang='lat' dir='ltr'><strong>ei</strong></span> 
     </span>
     <span class='ocr_line' id='line_1_13' title="bbox 209 1198 1340 1282; baseline 0.002 -22"><span class='ocrx_word' id='word_1_112' title='bbox 209 1201 300 1282; x_wconf 90' lang='lat' dir='ltr'><strong>plene</strong></span> <span class='ocrx_word' id='word_1_113' title='bbox 324 1214 354 1262; x_wconf 88' lang='lat' dir='ltr'><strong>et</strong></span> <span class='ocrx_word' id='word_1_114' title='bbox 378 1202 415 1262; x_wconf 91' lang='lat' dir='ltr'><strong>ad</strong></span> <span class='ocrx_word' id='word_1_115' title='bbox 434 1200 560 1262; x_wconf 90' lang='lat' dir='ltr'><strong>solidum</strong></span> <span class='ocrx_word' id='word_1_116' title='bbox 580 1213 730 1278; x_wconf 87' lang='lat' dir='ltr'><strong>constare,</strong></span> <span class='ocrx_word' id='word_1_117' title='bbox 761 1223 796 1264; x_wconf 81' lang='lat' dir='ltr'><strong>re</strong></span> <span class='ocrx_word' id='word_1_118' title='bbox 828 1198 1018 1263; x_wconf 90' lang='lat' dir='ltr'><strong>substantiale</strong></span> <span class='ocrx_word' id='word_1_119' title='bbox 1038 1200 1069 1260; x_wconf 89' lang='lat' dir='ltr'><strong>iu</strong></span> <span class='ocrx_word' id='word_1_120' title='bbox 1089 1200 1098 1257; x_wconf 95' lang='lat' dir='ltr'><strong>i</strong></span> <span class='ocrx_word' id='word_1_121' title='bbox 1121 1220 1155 1260; x_wconf 91' lang='lat' dir='ltr'><strong>so</strong></span> <span class='ocrx_word' id='word_1_122' title='bbox 1176 1219 1237 1260; x_wconf 89' lang='lat' dir='ltr'><strong>esse</strong></span> <span class='ocrx_word' id='word_1_123' title='bbox 1258 1202 1340 1279; x_wconf 92' lang='lat' dir='ltr'><strong>quod</strong></span> 
     </span>
     <span class='ocr_line' id='line_1_14' title="bbox 208 1221 1339 1360; baseline 0 -24"><span class='ocrx_word' id='word_1_124' title='bbox 208 1289 281 1337; x_wconf 90' lang='lat' dir='ltr'><strong>tune</strong></span> <span class='ocrx_word' id='word_1_125' title='bbox 308 1277 465 1360; x_wconf 80' lang='lat' dir='ltr'><strong>figuratum</strong></span> <span class='ocrx_word' id='word_1_126' title='bbox 490 1276 554 1337; x_wconf 88' lang='lat' dir='ltr'><strong>suit.</strong></span> <span class='ocrx_word' id='word_1_127' title='bbox 597 1276 699 1339; x_wconf 89' lang='lat' dir='ltr'><strong>Nihilo</strong></span> <span class='ocrx_word' id='word_1_128' title='bbox 727 1278 792 1359; x_wconf 93' lang='lat' dir='ltr'><strong>plus</strong></span> <span class='ocrx_word' id='word_1_129' title='bbox 811 1278 957 1340; x_wconf 88' lang='lat' dir='ltr'><strong>momenti</strong></span> <span class='ocrx_word' id='word_1_130' title='bbox 976 1276 1066 1338; x_wconf 84' lang='lat' dir='ltr'><strong>habet</strong></span> <span class='ocrx_word' id='word_1_131' title='bbox 1085 1221 1177 1335; x_wconf 85' lang='lat' dir='ltr'><strong>aitera</strong></span> <span class='ocrx_word' id='word_1_132' title='bbox 1198 1275 1339 1337; x_wconf 90' lang='lat' dir='ltr'><strong>obiectio.</strong></span> 
     </span>
     <span class='ocr_line' id='line_1_15' title="bbox 99 1349 1340 1436; baseline -0.001 -21"><span class='ocrx_word' id='word_1_133' title='bbox 99 1349 103 1362; x_wconf 73' lang='grc'><em>’</em></span> <span class='ocrx_word' id='word_1_134' title='bbox 195 1354 343 1436; x_wconf 74' lang='lat' dir='ltr'><strong>Negant,</strong></span> <span class='ocrx_word' id='word_1_135' title='bbox 365 1355 564 1416; x_wconf 75' lang='lat' dir='ltr'><strong>venerandum</strong></span> <span class='ocrx_word' id='word_1_136' title='bbox 584 1375 646 1416; x_wconf 86' lang='lat' dir='ltr'><strong>esse</strong></span> <span class='ocrx_word' id='word_1_137' title='bbox 667 1366 697 1414; x_wconf 91' lang='lat' dir='ltr'><strong>et</strong></span> <span class='ocrx_word' id='word_1_138' title='bbox 714 1357 901 1416; x_wconf 87' lang='lat' dir='ltr'><strong>tremendum</strong></span> <span class='ocrx_word' id='word_1_139' title='bbox 919 1373 1029 1414; x_wconf 89' lang='lat' dir='ltr'><strong>nomen</strong></span> <span class='ocrx_word' id='word_1_140' title='bbox 1050 1352 1132 1426; x_wconf 89' lang='lat' dir='ltr'><strong>Iesu,</strong></span> <span class='ocrx_word' id='word_1_141' title='bbox 1159 1371 1256 1412; x_wconf 90' lang='lat' dir='ltr'><strong>coram</strong></span> <span class='ocrx_word' id='word_1_142' title='bbox 1298 1375 1340 1415; x_wconf 94' lang='lat' dir='ltr'><strong>uo</strong></span> 
     </span>
     <span class='ocr_line' id='line_1_16' title="bbox 207 1375 1340 1514; baseline 0 -24"><span class='ocrx_word' id='word_1_143' title='bbox 207 1450 298 1492; x_wconf 90' lang='lat' dir='ltr'><strong>omne</strong></span> <span class='ocrx_word' id='word_1_144' title='bbox 321 1450 401 1514; x_wconf 89' lang='lat' dir='ltr'><strong>genu</strong></span> <span class='ocrx_word' id='word_1_145' title='bbox 426 1429 506 1490; x_wconf 87' lang='lat' dir='ltr'><strong>flecti</strong></span> <span class='ocrx_word' id='word_1_146' title='bbox 533 1442 686 1510; x_wconf 84' lang='lat' dir='ltr'><strong>oporteat,</strong></span> <span class='ocrx_word' id='word_1_147' title='bbox 717 1431 774 1492; x_wconf 88' lang='lat' dir='ltr'><strong>uisi</strong></span> <span class='ocrx_word' id='word_1_148' title='bbox 797 1431 884 1492; x_wconf 91' lang='lat' dir='ltr'><strong>unice</strong></span> <span class='ocrx_word' id='word_1_149' title='bbox 909 1440 1059 1509; x_wconf 86' lang='lat' dir='ltr'><strong>competat</strong></span> <span class='ocrx_word' id='word_1_150' title='bbox 1081 1429 1112 1487; x_wconf 92' lang='lat' dir='ltr'><strong>in</strong></span> <span class='ocrx_word' id='word_1_151' title='bbox 1137 1428 1243 1488; x_wconf 82' lang='lat' dir='ltr'><strong>Filium</strong></span> <span class='ocrx_word' id='word_1_152' title='bbox 1270 1375 1340 1490; x_wconf 75' lang='lat' dir='ltr'><strong>liei.</strong></span> 
     </span>
     <span class='ocr_line' id='line_1_17' title="bbox 207 1504 1341 1587; baseline -0.001 -20"><span class='ocrx_word' id='word_1_153' title='bbox 207 1507 314 1586; x_wconf 86' lang='lat' dir='ltr'><strong>Neque</strong></span> <span class='ocrx_word' id='word_1_154' title='bbox 334 1507 413 1567; x_wconf 90' lang='lat' dir='ltr'><strong>enim</strong></span> <span class='ocrx_word' id='word_1_155' title='bbox 432 1505 539 1568; x_wconf 88' lang='lat' dir='ltr'><strong>Paulus</strong></span> <span class='ocrx_word' id='word_1_156' title='bbox 561 1507 657 1587; x_wconf 89' lang='lat' dir='ltr'><strong>(Phil.</strong></span> <span class='ocrx_word' id='word_1_157' title='bbox 675 1513 706 1582; x_wconf 80' lang='lat'><strong>2,</strong></span> <span class='ocrx_word' id='word_1_158' title='bbox 724 1510 773 1585; x_wconf 87' lang='lat'><strong>9.)</strong></span> <span class='ocrx_word' id='word_1_159' title='bbox 793 1527 903 1568; x_wconf 86' lang='lat' dir='ltr'><strong>nomeu</strong></span> <span class='ocrx_word' id='word_1_160' title='bbox 923 1527 969 1566; x_wconf 90' lang='lat' dir='ltr'><strong>ma</strong></span> <span class='ocrx_word' id='word_1_161' title='bbox 992 1506 1069 1566; x_wconf 91' lang='lat' dir='ltr'><strong>icum</strong></span> <span class='ocrx_word' id='word_1_162' title='bbox 1087 1504 1130 1565; x_wconf 89' lang='lat' dir='ltr'><strong>illi</strong></span> <span class='ocrx_word' id='word_1_163' title='bbox 1151 1505 1276 1581; x_wconf 91' lang='lat' dir='ltr'><strong>inducit,</strong></span> <span class='ocrx_word' id='word_1_164' title='bbox 1308 1508 1341 1566; x_wconf 91' lang='lat' dir='ltr'><strong>in</strong></span> 
     </span>
     <span class='ocr_line' id='line_1_18' title="bbox 207 1527 1340 1664; baseline 0 -21"><span class='ocrx_word' id='word_1_165' title='bbox 207 1583 290 1644; x_wconf 89' lang='lat' dir='ltr'><strong>euius</strong></span> <span class='ocrx_word' id='word_1_166' title='bbox 313 1582 431 1664; x_wconf 81' lang='lat' dir='ltr'><strong>syllabis</strong></span> <span class='ocrx_word' id='word_1_167' title='bbox 449 1582 561 1643; x_wconf 87' lang='lat' dir='ltr'><strong>inclusa</strong></span> <span class='ocrx_word' id='word_1_168' title='bbox 579 1584 617 1644; x_wconf 91' lang='lat' dir='ltr'><strong>sit</strong></span> <span class='ocrx_word' id='word_1_169' title='bbox 635 1584 784 1660; x_wconf 89' lang='lat' dir='ltr'><strong>maiestas,</strong></span> <span class='ocrx_word' id='word_1_170' title='bbox 813 1586 864 1646; x_wconf 92' lang='lat' dir='ltr'><strong>sed</strong></span> <span class='ocrx_word' id='word_1_171' title='bbox 884 1527 1008 1664; x_wconf 71' lang='lat' dir='ltr'><strong>perinde</strong></span> <span class='ocrx_word' id='word_1_172' title='bbox 1027 1580 1105 1646; x_wconf 80' lang='lat' dir='ltr'><strong>valet</strong></span> <span class='ocrx_word' id='word_1_173' title='bbox 1124 1580 1258 1662; x_wconf 92' lang='lat' dir='ltr'><strong>loquutio</strong></span> <span class='ocrx_word' id='word_1_174' title='bbox 1280 1585 1340 1645; x_wconf 87' lang='lat' dir='ltr'><strong>acsi</strong></span> 
     </span>
     <span class='ocr_line' id='line_1_19' title="bbox 209 1657 1339 1738; baseline 0.002 -18"><span class='ocrx_word' id='word_1_175' title='bbox 209 1657 342 1733; x_wconf 79' lang='lat' dir='ltr'><strong>dixisset,</strong></span> <span class='ocrx_word' id='word_1_176' title='bbox 364 1659 483 1721; x_wconf 86' lang='lat' dir='ltr'><strong>Christo</strong></span> <span class='ocrx_word' id='word_1_177' title='bbox 505 1660 603 1720; x_wconf 88' lang='lat' dir='ltr'><strong>datum</strong></span> <span class='ocrx_word' id='word_1_178' title='bbox 623 1681 686 1722; x_wconf 89' lang='lat' dir='ltr'><strong>esse</strong></span> <span class='ocrx_word' id='word_1_179' title='bbox 705 1683 849 1722; x_wconf 88' lang='lat' dir='ltr'><strong>summum</strong></span> <span class='ocrx_word' id='word_1_180' title='bbox 869 1661 908 1722; x_wconf 87' lang='lat' dir='ltr'><strong>im</strong></span> <span class='ocrx_word' id='word_1_181' title='bbox 932 1659 1024 1720; x_wconf 84' lang='lat' dir='ltr'><strong>crium</strong></span> <span class='ocrx_word' id='word_1_182' title='bbox 1043 1679 1060 1720; x_wconf 84' lang='lat' dir='ltr'><strong>a</strong></span> <span class='ocrx_word' id='word_1_183' title='bbox 1080 1658 1184 1733; x_wconf 88' lang='lat' dir='ltr'><strong>Patre,</strong></span> <span class='ocrx_word' id='word_1_184' title='bbox 1203 1657 1256 1718; x_wconf 89' lang='lat' dir='ltr'><strong>suh</strong></span> <span class='ocrx_word' id='word_1_185' title='bbox 1278 1681 1339 1738; x_wconf 91' lang='lat' dir='ltr'><strong>quo</strong></span> 
     </span>
     <span class='ocr_line' id='line_1_20' title="bbox 205 1681 1341 1817; baseline 0.002 -22"><span class='ocrx_word' id='word_1_186' title='bbox 205 1746 304 1795; x_wconf 89' lang='lat' dir='ltr'><strong>totum</strong></span> <span class='ocrx_word' id='word_1_187' title='bbox 327 1737 468 1796; x_wconf 90' lang='lat' dir='ltr'><strong>mundum</strong></span> <span class='ocrx_word' id='word_1_188' title='bbox 496 1736 641 1797; x_wconf 89' lang='lat' dir='ltr'><strong>humiliari</strong></span> <span class='ocrx_word' id='word_1_189' title='bbox 669 1749 798 1817; x_wconf 81' lang='lat' dir='ltr'><strong>oportet</strong></span> <span class='ocrx_word' id='word_1_190' title='bbox 837 1681 959 1797; x_wconf 76' lang='lat' dir='ltr'><strong>Tattius</strong></span> <span class='ocrx_word' id='word_1_191' title='bbox 980 1755 1053 1817; x_wconf 89' lang='lat' dir='ltr'><strong>ergo</strong></span> <span class='ocrx_word' id='word_1_192' title='bbox 1074 1734 1221 1816; x_wconf 86' lang='lat' dir='ltr'><strong>figmentis</strong></span> <span class='ocrx_word' id='word_1_193' title='bbox 1240 1736 1341 1797; x_wconf 88' lang='lat' dir='ltr'><strong>valere</strong></span> 
     </span>
     <span class='ocr_line' id='line_1_21' title="bbox 205 1811 1339 1890; baseline 0.003 -19"><span class='ocrx_word' id='word_1_194' title='bbox 205 1811 289 1872; x_wconf 91' lang='lat' dir='ltr'><strong>iussis</strong></span> <span class='ocrx_word' id='word_1_195' title='bbox 313 1811 454 1886; x_wconf 89' lang='lat' dir='ltr'><strong>sciamus,</strong></span> <span class='ocrx_word' id='word_1_196' title='bbox 483 1833 594 1872; x_wconf 89' lang='lat' dir='ltr'><strong>nomen</strong></span> <span class='ocrx_word' id='word_1_197' title='bbox 618 1813 687 1873; x_wconf 91' lang='lat' dir='ltr'><strong>Iesu</strong></span> <span class='ocrx_word' id='word_1_198' title='bbox 711 1813 799 1874; x_wconf 85' lang='lat' dir='ltr'><strong>fnisse</strong></span> <span class='ocrx_word' id='word_1_199' title='bbox 826 1813 945 1876; x_wconf 85' lang='lat' dir='ltr'><strong>Christo</strong></span> <span class='ocrx_word' id='word_1_200' title='bbox 972 1811 1158 1890; x_wconf 91' lang='lat' dir='ltr'><strong>impositum,</strong></span> <span class='ocrx_word' id='word_1_201' title='bbox 1189 1821 1222 1870; x_wconf 90' lang='lat' dir='ltr'><strong>nt</strong></span> <span class='ocrx_word' id='word_1_202' title='bbox 1246 1811 1277 1870; x_wconf 93' lang='lat' dir='ltr'><strong>in</strong></span> <span class='ocrx_word' id='word_1_203' title='bbox 1300 1835 1339 1874; x_wconf 88' lang='lat' dir='ltr'><strong>eu</strong></span> 
     </span>
     <span class='ocr_line' id='line_1_22' title="bbox 207 1886 1340 1970; baseline 0.004 -24"><span class='ocrx_word' id='word_1_204' title='bbox 207 1907 350 1967; x_wconf 89' lang='lat' dir='ltr'><strong>quaerere</strong></span> <span class='ocrx_word' id='word_1_205' title='bbox 370 1887 482 1948; x_wconf 88' lang='lat' dir='ltr'><strong>discant</strong></span> <span class='ocrx_word' id='word_1_206' title='bbox 501 1889 621 1966; x_wconf 84' lang='lat' dir='ltr'><strong>fideles,</strong></span> <span class='ocrx_word' id='word_1_207' title='bbox 642 1890 722 1970; x_wconf 90' lang='lat' dir='ltr'><strong>quod</strong></span> <span class='ocrx_word' id='word_1_208' title='bbox 743 1890 813 1950; x_wconf 88' lang='lat' dir='ltr'><strong>oiim</strong></span> <span class='ocrx_word' id='word_1_209' title='bbox 832 1889 886 1951; x_wconf 88' lang='lat' dir='ltr'><strong>suh</strong></span> <span class='ocrx_word' id='word_1_210' title='bbox 906 1888 990 1970; x_wconf 81' lang='lat' dir='ltr'><strong>Lege</strong></span> <span class='ocrx_word' id='word_1_211' title='bbox 1009 1887 1212 1962; x_wconf 79' lang='lat' dir='ltr'><strong>adrunhratum</strong></span> <span class='ocrx_word' id='word_1_212' title='bbox 1231 1886 1340 1950; x_wconf 87' lang='lat' dir='ltr'><strong>suerat.</strong></span> 
     </span>
     <span class='ocr_line' id='line_1_23' title="bbox 281 1964 1342 2042; baseline -0.002 -14"><span class='ocrx_word' id='word_1_213' title='bbox 281 1969 329 2028; x_wconf 80' lang='lat'><strong>32.</strong></span> <span class='ocrx_word' id='word_1_214' title='bbox 368 1968 428 2025; x_wconf 84' lang='lat' dir='ltr'><strong>Hic</strong></span> <span class='ocrx_word' id='word_1_215' title='bbox 455 1969 510 2024; x_wconf 81' lang='lat' dir='ltr'><strong>erit</strong></span> <span class='ocrx_word' id='word_1_216' title='bbox 532 1987 666 2042; x_wconf 68' lang='lat' dir='ltr'><strong>stagnus</strong></span> <span class='ocrx_word' id='word_1_217' title='bbox 703 1967 842 2026; x_wconf 77' lang='lat' dir='ltr'><strong>ldem¹et</strong></span> <span class='ocrx_word' id='word_1_218' title='bbox 868 1966 905 2026; x_wconf 86' lang='lat' dir='ltr'><strong>de</strong></span> <span class='ocrx_word' id='word_1_219' title='bbox 928 1966 1044 2025; x_wconf 87' lang='lat' dir='ltr'><strong>Ioanne</strong></span> <span class='ocrx_word' id='word_1_220' title='bbox 1068 1964 1111 2023; x_wconf 92' lang='lat' dir='ltr'><strong>Ba</strong></span> <span class='ocrx_word' id='word_1_221' title='bbox 1134 1964 1201 2025; x_wconf 86' lang='lat' dir='ltr'><strong>tista</strong></span> <span class='ocrx_word' id='word_1_222' title='bbox 1227 1965 1342 2026; x_wconf 82' lang='lat' dir='ltr'><strong>dixerat</strong></span> 
     </span>
     <span class='ocr_line' id='line_1_24' title="bbox 205 1986 1340 2123; baseline 0 -21"><span class='ocrx_word' id='word_1_223' title='bbox 205 2039 253 2102; x_wconf 83' lang='lat' dir='ltr'><strong>An</strong></span> <span class='ocrx_word' id='word_1_224' title='bbox 278 2039 354 2116; x_wconf 89' lang='lat' dir='ltr'><strong>elus,</strong></span> <span class='ocrx_word' id='word_1_225' title='bbox 386 2061 473 2121; x_wconf 90' lang='lat' dir='ltr'><strong>quem</strong></span> <span class='ocrx_word' id='word_1_226' title='bbox 499 2053 598 2103; x_wconf 89' lang='lat' dir='ltr'><strong>tamen</strong></span> <span class='ocrx_word' id='word_1_227' title='bbox 625 2043 745 2106; x_wconf 88' lang='lat' dir='ltr'><strong>Christo</strong></span> <span class='ocrx_word' id='word_1_228' title='bbox 772 2060 898 2123; x_wconf 89' lang='lat' dir='ltr'><strong>aequare</strong></span> <span class='ocrx_word' id='word_1_229' title='bbox 923 2040 1028 2100; x_wconf 85' lang='lat' dir='ltr'><strong>uoluit</strong></span> <span class='ocrx_word' id='word_1_230' title='bbox 1068 1986 1132 2101; x_wconf 82' lang='lat' dir='ltr'><strong>sei</strong></span> <span class='ocrx_word' id='word_1_231' title='bbox 1155 2040 1285 2120; x_wconf 87' lang='lat' dir='ltr'><strong>Baptista</strong></span> <span class='ocrx_word' id='word_1_232' title='bbox 1308 2043 1340 2102; x_wconf 94' lang='lat' dir='ltr'><strong>in</strong></span> 
     </span>
     <span class='ocr_line' id='line_1_25' title="bbox 206 2059 1342 2202; baseline 0.002 -26"><span class='ocrx_word' id='word_1_233' title='bbox 206 2059 311 2177; x_wconf 59' lang='lat' dir='ltr'><strong>ordire</strong></span> <span class='ocrx_word' id='word_1_234' title='bbox 331 2139 385 2178; x_wconf 91' lang='lat' dir='ltr'><strong>suo</strong></span> <span class='ocrx_word' id='word_1_235' title='bbox 404 2139 538 2200; x_wconf 90' lang='lat' dir='ltr'><strong>maguus,</strong></span> <span class='ocrx_word' id='word_1_236' title='bbox 559 2119 670 2182; x_wconf 86' lang='lat' dir='ltr'><strong>Christi</strong></span> <span class='ocrx_word' id='word_1_237' title='bbox 689 2130 786 2179; x_wconf 86' lang='lat' dir='ltr'><strong>autern</strong></span> <span class='ocrx_word' id='word_1_238' title='bbox 805 2117 979 2202; x_wconf 81' lang='lat' dir='ltr'><strong>magnitudo</strong></span> <span class='ocrx_word' id='word_1_239' title='bbox 994 2117 1143 2176; x_wconf 84' lang='lat' dir='ltr'><strong>continuo</strong></span> <span class='ocrx_word' id='word_1_240' title='bbox 1163 2120 1342 2197; x_wconf 82' lang='lat' dir='ltr'><strong>postexpri·</strong></span> 
     </span>
     <span class='ocr_line' id='line_1_26' title="bbox 205 2193 1342 2276; baseline 0.004 -24"><span class='ocrx_word' id='word_1_241' title='bbox 205 2193 309 2269; x_wconf 91' lang='lat' dir='ltr'><strong>mitur,</strong></span> <span class='ocrx_word' id='word_1_242' title='bbox 340 2215 416 2275; x_wconf 89' lang='lat' dir='ltr'><strong>qnae</strong></span> <span class='ocrx_word' id='word_1_243' title='bbox 436 2215 502 2254; x_wconf 90' lang='lat' dir='ltr'><strong>eum</strong></span> <span class='ocrx_word' id='word_1_244' title='bbox 522 2215 609 2276; x_wconf 92' lang='lat' dir='ltr'><strong>supra</strong></span> <span class='ocrx_word' id='word_1_245' title='bbox 630 2216 731 2256; x_wconf 90' lang='lat' dir='ltr'><strong>omnes</strong></span> <span class='ocrx_word' id='word_1_246' title='bbox 752 2207 899 2256; x_wconf 85' lang='lat' dir='ltr'><strong>creaturas</strong></span> <span class='ocrx_word' id='word_1_247' title='bbox 919 2193 1041 2254; x_wconf 86' lang='lat' dir='ltr'><strong>extollit.</strong></span> <span class='ocrx_word' id='word_1_248' title='bbox 1080 2194 1147 2252; x_wconf 87' lang='lat' dir='ltr'><strong>Huc</strong></span> <span class='ocrx_word' id='word_1_249' title='bbox 1167 2194 1244 2252; x_wconf 91' lang='lat' dir='ltr'><strong>enim</strong></span> <span class='ocrx_word' id='word_1_250' title='bbox 1265 2216 1342 2273; x_wconf 92' lang='lat' dir='ltr'><strong>pro-</strong></span> 
     </span>
     <span class='ocr_line' id='line_1_27' title="bbox 228 2268 1352 2352; baseline 0.003 -23"><span class='ocrx_word' id='word_1_251' title='bbox 228 2270 302 2330; x_wconf 89' lang='lat' dir='ltr'><strong>rium</strong></span> <span class='ocrx_word' id='word_1_252' title='bbox 321 2281 352 2330; x_wconf 92' lang='lat' dir='ltr'><strong>et</strong></span> <span class='ocrx_word' id='word_1_253' title='bbox 370 2270 519 2352; x_wconf 86' lang='lat' dir='ltr'><strong>singulare</strong></span> <span class='ocrx_word' id='word_1_254' title='bbox 539 2294 613 2331; x_wconf 90' lang='lat' dir='ltr'><strong>unus</strong></span> <span class='ocrx_word' id='word_1_255' title='bbox 633 2271 733 2346; x_wconf 90' lang='lat' dir='ltr'><strong>hahet,</strong></span> <span class='ocrx_word' id='word_1_256' title='bbox 751 2283 785 2331; x_wconf 91' lang='lat' dir='ltr'><strong>ut</strong></span> <span class='ocrx_word' id='word_1_257' title='bbox 803 2283 927 2332; x_wconf 89' lang='lat' dir='ltr'><strong>vocetur</strong></span> <span class='ocrx_word' id='word_1_258' title='bbox 946 2268 1037 2330; x_wconf 85' lang='lat' dir='ltr'><strong>Filius</strong></span> <span class='ocrx_word' id='word_1_259' title='bbox 1056 2269 1124 2343; x_wconf 89' lang='lat' dir='ltr'><strong>Dei,</strong></span> <span class='ocrx_word' id='word_1_260' title='bbox 1145 2271 1352 2349; x_wconf 50' lang='lat' dir='ltr'><strong>quemadmoss</strong></span> 
     </span>
     <span class='ocr_line' id='line_1_28' title="bbox 204 2291 1342 2428; baseline 0.002 -22"><span class='ocrx_word' id='word_1_261' title='bbox 204 2291 275 2406; x_wconf 78' lang='lat' dir='ltr'><strong>iun</strong></span> <span class='ocrx_word' id='word_1_262' title='bbox 293 2346 454 2426; x_wconf 81' lang='lat' dir='ltr'><strong>Apostolus</strong></span> <span class='ocrx_word' id='word_1_263' title='bbox 475 2348 639 2422; x_wconf 91' lang='lat' dir='ltr'><strong>contendit,</strong></span> <span class='ocrx_word' id='word_1_264' title='bbox 658 2346 751 2408; x_wconf 89' lang='lat' dir='ltr'><strong>Hehr.</strong></span> <span class='ocrx_word' id='word_1_265' title='bbox 771 2357 801 2424; x_wconf 80' lang='lat'><strong>1,</strong></span> <span class='ocrx_word' id='word_1_266' title='bbox 819 2355 847 2415; x_wconf 80' lang='grc'><strong>5.</strong></span> <span class='ocrx_word' id='word_1_267' title='bbox 876 2348 987 2407; x_wconf 88' lang='lat' dir='ltr'><strong>Fateor</strong></span> <span class='ocrx_word' id='word_1_268' title='bbox 1007 2346 1135 2425; x_wconf 91' lang='lat' dir='ltr'><strong>quidem,</strong></span> <span class='ocrx_word' id='word_1_269' title='bbox 1154 2357 1184 2404; x_wconf 91' lang='lat' dir='ltr'><strong>et</strong></span> <span class='ocrx_word' id='word_1_270' title='bbox 1202 2347 1342 2428; x_wconf 82' lang='lat' dir='ltr'><strong>Angelos</strong></span> 
     </span>
     <span class='ocr_line' id='line_1_29' title="bbox 203 2421 1341 2505; baseline 0.002 -23"><span class='ocrx_word' id='word_1_271' title='bbox 203 2435 235 2482; x_wconf 90' lang='lat' dir='ltr'><strong>et</strong></span> <span class='ocrx_word' id='word_1_272' title='bbox 252 2421 350 2505; x_wconf 80' lang='lat' dir='ltr'><strong>Reges</strong></span> <span class='ocrx_word' id='word_1_273' title='bbox 369 2423 518 2484; x_wconf 90' lang='lat' dir='ltr'><strong>interdum</strong></span> <span class='ocrx_word' id='word_1_274' title='bbox 537 2423 636 2484; x_wconf 90' lang='lat' dir='ltr'><strong>ornari</strong></span> <span class='ocrx_word' id='word_1_275' title='bbox 654 2424 712 2484; x_wconf 94' lang='lat' dir='ltr'><strong>hoc</strong></span> <span class='ocrx_word' id='word_1_276' title='bbox 731 2425 819 2484; x_wconf 90' lang='lat' dir='ltr'><strong>titulo</strong></span> <span class='ocrx_word' id='word_1_277' title='bbox 839 2423 871 2484; x_wconf 93' lang='lat' dir='ltr'><strong>iu</strong></span> <span class='ocrx_word' id='word_1_278' title='bbox 892 2423 1063 2504; x_wconf 84' lang='lat' dir='ltr'><strong>Scriptura,</strong></span> <span class='ocrx_word' id='word_1_279' title='bbox 1081 2424 1134 2482; x_wconf 89' lang='lat' dir='ltr'><strong>sed</strong></span> <span class='ocrx_word' id='word_1_280' title='bbox 1153 2423 1182 2482; x_wconf 91' lang='lat' dir='ltr'><strong>hi</strong></span> <span class='ocrx_word' id='word_1_281' title='bbox 1202 2423 1232 2482; x_wconf 92' lang='lat' dir='ltr'><strong>in</strong></span> <span class='ocrx_word' id='word_1_282' title='bbox 1253 2445 1341 2484; x_wconf 90' lang='lat' dir='ltr'><strong>com-</strong></span> 
     </span>
     <span class='ocr_line' id='line_1_30' title="bbox 202 2499 1340 2581; baseline 0.002 -21"><span class='ocrx_word' id='word_1_283' title='bbox 202 2518 292 2560; x_wconf 86' lang='lat' dir='ltr'><strong>mune</strong></span> <span class='ocrx_word' id='word_1_284' title='bbox 316 2499 375 2560; x_wconf 90' lang='lat' dir='ltr'><strong>Dei</strong></span> <span class='ocrx_word' id='word_1_285' title='bbox 402 2499 456 2559; x_wconf 84' lang='lat' dir='ltr'><strong>iilii</strong></span> <span class='ocrx_word' id='word_1_286' title='bbox 479 2511 605 2581; x_wconf 90' lang='lat' dir='ltr'><strong>propter</strong></span> <span class='ocrx_word' id='word_1_287' title='bbox 624 2501 824 2562; x_wconf 80' lang='lat' dir='ltr'><strong>excellentiam</strong></span> <span class='ocrx_word' id='word_1_288' title='bbox 844 2502 989 2561; x_wconf 89' lang='lat' dir='ltr'><strong>dicuntur.</strong></span> <span class='ocrx_word' id='word_1_289' title='bbox 1026 2499 1118 2577; x_wconf 82' lang='lat' dir='ltr'><strong>Atqui</strong></span> <span class='ocrx_word' id='word_1_290' title='bbox 1139 2499 1258 2560; x_wconf 87' lang='lat' dir='ltr'><strong>minime</strong></span> <span class='ocrx_word' id='word_1_291' title='bbox 1279 2502 1340 2562; x_wconf 88' lang='lat' dir='ltr'><strong>oh-</strong></span> 
     </span>
     <span class='ocr_line' id='line_1_31' title="bbox 43 2575 1340 2650; baseline 0.001 -14"><span class='ocrx_word' id='word_1_292' title='bbox 43 2595 46 2604; x_wconf 88' lang='lat'><em>·</em></span> <span class='ocrx_word' id='word_1_293' title='bbox 202 2597 318 2636; x_wconf 79' lang='lat' dir='ltr'><strong>seucum</strong></span> <span class='ocrx_word' id='word_1_294' title='bbox 336 2575 384 2636; x_wconf 81' lang='lat' dir='ltr'><strong>rel</strong></span> <span class='ocrx_word' id='word_1_295' title='bbox 404 2576 524 2637; x_wconf 89' lang='lat' dir='ltr'><strong>dubium</strong></span> <span class='ocrx_word' id='word_1_296' title='bbox 545 2589 604 2650; x_wconf 89' lang='lat' dir='ltr'><strong>est,</strong></span> <span class='ocrx_word' id='word_1_297' title='bbox 650 2576 700 2637; x_wconf 92' lang='lat' dir='ltr'><strong>uin</strong></span> <span class='ocrx_word' id='word_1_298' title='bbox 720 2578 828 2638; x_wconf 85' lang='lat' dir='ltr'><strong>Filium</strong></span> <span class='ocrx_word' id='word_1_299' title='bbox 847 2599 930 2637; x_wconf 88' lang='lat' dir='ltr'><strong>suum</strong></span> <span class='ocrx_word' id='word_1_300' title='bbox 950 2576 1031 2635; x_wconf 87' lang='lat' dir='ltr'><strong>Deus</strong></span> <span class='ocrx_word' id='word_1_301' title='bbox 1052 2576 1088 2635; x_wconf 91' lang='lat' dir='ltr'><strong>ah</strong></span> <span class='ocrx_word' id='word_1_302' title='bbox 1108 2575 1245 2636; x_wconf 88' lang='lat' dir='ltr'><strong>omnihus</strong></span> <span class='ocrx_word' id='word_1_303' title='bbox 1266 2579 1340 2637; x_wconf 88' lang='lat' dir='ltr'><strong>reli-</strong></span> 
     </span>
     <span class='ocr_line' id='line_1_32' title="bbox 74 2650 1342 2736; baseline 0.004 -26"><span class='ocrx_word' id='word_1_304' title='bbox 74 2693 76 2701; x_wconf 33' lang='lat'><strong>,</strong></span> <span class='ocrx_word' id='word_1_305' title='bbox 178 2653 268 2736; x_wconf 30' lang='lat' dir='ltr'><strong>,quis</strong></span> <span class='ocrx_word' id='word_1_306' title='bbox 294 2651 413 2728; x_wconf 82' lang='lat' dir='ltr'><strong>exirnat,</strong></span> <span class='ocrx_word' id='word_1_307' title='bbox 445 2675 535 2734; x_wconf 89' lang='lat' dir='ltr'><strong>quum</strong></span> <span class='ocrx_word' id='word_1_308' title='bbox 560 2673 635 2732; x_wconf 88' lang='lat' dir='ltr'><strong>pecu</strong></span> <span class='ocrx_word' id='word_1_309' title='bbox 647 2653 747 2714; x_wconf 87' lang='lat' dir='ltr'><strong>iariter</strong></span> <span class='ocrx_word' id='word_1_310' title='bbox 770 2651 855 2714; x_wconf 91' lang='lat' dir='ltr'><strong>illum</strong></span> <span class='ocrx_word' id='word_1_311' title='bbox 874 2652 916 2714; x_wconf 92' lang='lat' dir='ltr'><strong>sic</strong></span> <span class='ocrx_word' id='word_1_312' title='bbox 936 2651 1112 2731; x_wconf 89' lang='lat' dir='ltr'><strong>alloquitur,</strong></span> <span class='ocrx_word' id='word_1_313' title='bbox 1142 2650 1234 2712; x_wconf 87' lang='lat' dir='ltr'><strong>Filius</strong></span> <span class='ocrx_word' id='word_1_314' title='bbox 1253 2673 1342 2715; x_wconf 90' lang='lat' dir='ltr'><strong>meus</strong></span> 
     </span>
     <span class='ocr_line' id='line_1_33' title="bbox 203 2728 1340 2814; baseline 0.002 -26"><span class='ocrx_word' id='word_1_315' title='bbox 203 2749 234 2788; x_wconf 87' lang='lat' dir='ltr'><strong>es</strong></span> <span class='ocrx_word' id='word_1_316' title='bbox 259 2740 292 2787; x_wconf 94' lang='lat' dir='ltr'><strong>tu</strong></span> <span class='ocrx_word' id='word_1_317' title='bbox 318 2728 416 2807; x_wconf 91' lang='lat' dir='ltr'><strong>(Psal.</strong></span> <span class='ocrx_word' id='word_1_318' title='bbox 441 2736 476 2803; x_wconf 77' lang='lat'><strong>2,</strong></span> <span class='ocrx_word' id='word_1_319' title='bbox 499 2729 560 2806; x_wconf 84' lang='lat'><strong>7·)·</strong></span> <span class='ocrx_word' id='word_1_320' title='bbox 599 2731 642 2790; x_wconf 89' lang='lat' dir='ltr'><strong>Er</strong></span> <span class='ocrx_word' id='word_1_321' title='bbox 665 2751 682 2790; x_wconf 95' lang='lat' dir='ltr'><strong>o</strong></span> <span class='ocrx_word' id='word_1_322' title='bbox 703 2729 751 2790; x_wconf 89' lang='lat' dir='ltr'><strong>hie</strong></span> <span class='ocrx_word' id='word_1_323' title='bbox 771 2750 869 2809; x_wconf 90' lang='lat' dir='ltr'><strong>neque</strong></span> <span class='ocrx_word' id='word_1_324' title='bbox 889 2729 1018 2814; x_wconf 84' lang='lat' dir='ltr'><strong>angelis,</strong></span> <span class='ocrx_word' id='word_1_325' title='bbox 1048 2749 1144 2809; x_wconf 90' lang='lat' dir='ltr'><strong>neque</strong></span> <span class='ocrx_word' id='word_1_326' title='bbox 1166 2729 1340 2790; x_wconf 89' lang='lat' dir='ltr'><strong>hominihus</strong></span> 
     </span>
    </p>
   </div>
   <div class='ocr_carea' id='block_1_4' title="bbox 200 2803 1344 3245">
    <p class='ocr_par' dir='ltr' id='par_1_4' title="bbox 200 2803 1344 3245">
     <span class='ocr_line' id='line_1_34' title="bbox 202 2803 1342 2888; baseline 0.004 -25"><span class='ocrx_word' id='word_1_327' title='bbox 202 2804 340 2866; x_wconf 87' lang='lat' dir='ltr'><strong>miscetur</strong></span> <span class='ocrx_word' id='word_1_328' title='bbox 353 2804 497 2878; x_wconf 87' lang='lat' dir='ltr'><strong>Christus,</strong></span> <span class='ocrx_word' id='word_1_329' title='bbox 515 2816 549 2864; x_wconf 93' lang='lat' dir='ltr'><strong>ut</strong></span> <span class='ocrx_word' id='word_1_330' title='bbox 567 2804 606 2864; x_wconf 91' lang='lat' dir='ltr'><strong>sit</strong></span> <span class='ocrx_word' id='word_1_331' title='bbox 624 2828 663 2864; x_wconf 92' lang='lat' dir='ltr'><strong>un</strong></span> <span class='ocrx_word' id='word_1_332' title='bbox 719 2825 753 2866; x_wconf 83' lang='lat' dir='ltr'><strong>ex</strong></span> <span class='ocrx_word' id='word_1_333' title='bbox 772 2825 825 2888; x_wconf 88' lang='lat' dir='ltr'><strong>gre</strong></span> <span class='ocrx_word' id='word_1_334' title='bbox 848 2826 864 2867; x_wconf 93' lang='lat' dir='ltr'><strong>e</strong></span> <span class='ocrx_word' id='word_1_335' title='bbox 883 2805 1012 2865; x_wconf 85' lang='lat' dir='ltr'><strong>filiorum</strong></span> <span class='ocrx_word' id='word_1_336' title='bbox 1032 2803 1100 2879; x_wconf 88' lang='lat' dir='ltr'><strong>Dei,</strong></span> <span class='ocrx_word' id='word_1_337' title='bbox 1118 2805 1170 2864; x_wconf 89' lang='lat' dir='ltr'><strong>sed</strong></span> <span class='ocrx_word' id='word_1_338' title='bbox 1190 2807 1273 2885; x_wconf 89' lang='lat' dir='ltr'><strong>quod</strong></span> <span class='ocrx_word' id='word_1_339' title='bbox 1293 2808 1342 2868; x_wconf 90' lang='lat' dir='ltr'><strong>illi</strong></span> 
     </span>
     <span class='ocr_line' id='line_1_35' title="bbox 204 2827 1342 2962; baseline 0.004 -22"><span class='ocrx_word' id='word_1_340' title='bbox 204 2881 298 2956; x_wconf 87' lang='lat' dir='ltr'><strong>datur,</strong></span> <span class='ocrx_word' id='word_1_341' title='bbox 316 2881 391 2941; x_wconf 93' lang='lat' dir='ltr'><strong>nulli</strong></span> <span class='ocrx_word' id='word_1_342' title='bbox 409 2880 494 2942; x_wconf 91' lang='lat' dir='ltr'><strong>alteri</strong></span> <span class='ocrx_word' id='word_1_343' title='bbox 513 2901 628 2942; x_wconf 88' lang='lat' dir='ltr'><strong>sumere</strong></span> <span class='ocrx_word' id='word_1_344' title='bbox 648 2883 690 2942; x_wconf 85' lang='lat' dir='ltr'><strong>ias</strong></span> <span class='ocrx_word' id='word_1_345' title='bbox 729 2894 764 2942; x_wconf 91' lang='lat' dir='ltr'><strong>st.</strong></span> <span class='ocrx_word' id='word_1_346' title='bbox 802 2883 825 2941; x_wconf 87' lang='lat' dir='ltr'>F</span> <span class='ocrx_word' id='word_1_347' title='bbox 827 2827 870 2943; x_wconf 72' lang='lat' dir='ltr'><strong>hii</strong></span> <span class='ocrx_word' id='word_1_348' title='bbox 889 2883 948 2942; x_wconf 92' lang='lat' dir='ltr'><strong>Dei</strong></span> <span class='ocrx_word' id='word_1_349' title='bbox 967 2892 1036 2941; x_wconf 90' lang='lat' dir='ltr'><strong>sunt</strong></span> <span class='ocrx_word' id='word_1_350' title='bbox 1054 2901 1150 2962; x_wconf 87' lang='lat' dir='ltr'><strong>reges,</strong></span> <span class='ocrx_word' id='word_1_351' title='bbox 1170 2892 1251 2942; x_wconf 90' lang='lat' dir='ltr'><strong>certe</strong></span> <span class='ocrx_word' id='word_1_352' title='bbox 1272 2904 1342 2944; x_wconf 89' lang='lat' dir='ltr'><strong>uon</strong></span> 
     </span>
     <span class='ocr_line' id='line_1_36' title="bbox 201 2956 1343 3040; baseline 0.005 -26"><span class='ocrx_word' id='word_1_353' title='bbox 201 2956 266 3020; x_wconf 88' lang='lat' dir='ltr'><strong>iure</strong></span> <span class='ocrx_word' id='word_1_354' title='bbox 291 2968 429 3033; x_wconf 88' lang='lat' dir='ltr'><strong>naturae,</strong></span> <span class='ocrx_word' id='word_1_355' title='bbox 457 2958 507 3018; x_wconf 90' lang='lat' dir='ltr'><strong>sed</strong></span> <span class='ocrx_word' id='word_1_356' title='bbox 532 2957 601 3039; x_wconf 91' lang='lat' dir='ltr'><strong>quia</strong></span> <span class='ocrx_word' id='word_1_357' title='bbox 627 2964 709 3018; x_wconf 90' lang='lat' dir='ltr'><strong>tauto</strong></span> <span class='ocrx_word' id='word_1_358' title='bbox 770 2959 918 3020; x_wconf 86' lang='lat' dir='ltr'><strong>shonore</strong></span> <span class='ocrx_word' id='word_1_359' title='bbox 939 2958 1074 3040; x_wconf 89' lang='lat' dir='ltr'><strong>diguatus</strong></span> <span class='ocrx_word' id='word_1_360' title='bbox 1095 2969 1139 3017; x_wconf 88' lang='lat' dir='ltr'><strong>est</strong></span> <span class='ocrx_word' id='word_1_361' title='bbox 1156 2958 1249 3018; x_wconf 88' lang='lat' dir='ltr'><strong>Deus.</strong></span> <span class='ocrx_word' id='word_1_362' title='bbox 1289 2961 1343 3020; x_wconf 92' lang='lat' dir='ltr'><strong>Ne</strong></span> 
     </span>
     <span class='ocr_line' id='line_1_37' title="bbox 202 3032 1344 3127; baseline 0.003 -33"><span class='ocrx_word' id='word_1_363' title='bbox 202 3033 314 3114; x_wconf 88' lang='lat' dir='ltr'><strong>angelis</strong></span> <span class='ocrx_word' id='word_1_364' title='bbox 335 3035 453 3114; x_wconf 90' lang='lat' dir='ltr'><strong>quidem</strong></span> <span class='ocrx_word' id='word_1_365' title='bbox 473 3033 612 3094; x_wconf 88' lang='lat' dir='ltr'><strong>convenit</strong></span> <span class='ocrx_word' id='word_1_366' title='bbox 631 3034 688 3095; x_wconf 90' lang='lat' dir='ltr'><strong>hoc</strong></span> <span class='ocrx_word' id='word_1_367' title='bbox 709 3035 849 3117; x_wconf 88' lang='lat' dir='ltr'><strong>elogium,</strong></span> <span class='ocrx_word' id='word_1_368' title='bbox 868 3035 923 3096; x_wconf 87' lang='lat' dir='ltr'><strong>nisi</strong></span> <span class='ocrx_word' id='word_1_369' title='bbox 944 3035 1011 3127; x_wconf 90' lang='lat' dir='ltr'><strong>quia</strong></span> <span class='ocrx_word' id='word_1_370' title='bbox 1031 3032 1084 3095; x_wconf 87' lang='lat' dir='ltr'><strong>suh</strong></span> <span class='ocrx_word' id='word_1_371' title='bbox 1105 3054 1218 3094; x_wconf 90' lang='lat' dir='ltr'><strong>summo</strong></span> <span class='ocrx_word' id='word_1_372' title='bbox 1236 3039 1344 3115; x_wconf 88' lang='lat' dir='ltr'><strong>eapite</strong></span> 
     </span>
     <span class='ocr_line' id='line_1_38' title="bbox 200 3109 1344 3245; baseline 0.005 -77"><span class='ocrx_word' id='word_1_373' title='bbox 200 3109 280 3170; x_wconf 87' lang='lat' dir='ltr'><strong>inter</strong></span> <span class='ocrx_word' id='word_1_374' title='bbox 298 3121 447 3171; x_wconf 88' lang='lat' dir='ltr'><strong>creaturus</strong></span> <span class='ocrx_word' id='word_1_375' title='bbox 467 3109 622 3172; x_wconf 78' lang='lat' dir='ltr'><strong>excellunt</strong></span> <span class='ocrx_word' id='word_1_376' title='bbox 652 3109 757 3172; x_wconf 90' lang='lat' dir='ltr'><strong>Sumus</strong></span> <span class='ocrx_word' id='word_1_377' title='bbox 778 3124 808 3172; x_wconf 93' lang='lat' dir='ltr'><strong>et</strong></span> <span class='ocrx_word' id='word_1_378' title='bbox 827 3134 881 3173; x_wconf 89' lang='lat' dir='ltr'><strong>uos</strong></span> <span class='ocrx_word' id='word_1_379' title='bbox 900 3111 965 3186; x_wconf 80' lang='lat' dir='ltr'><strong>filii,</strong></span> <span class='ocrx_word' id='word_1_380' title='bbox 982 3111 1033 3171; x_wconf 88' lang='lat' dir='ltr'><strong>sed</strong></span> <span class='ocrx_word' id='word_1_381' title='bbox 1053 3111 1225 3245; x_wconf 80' lang='lat' dir='ltr'><strong>adoptione,</strong></span> <span class='ocrx_word' id='word_1_382' title='bbox 1247 3133 1344 3191; x_wconf 85' lang='lat' dir='ltr'><strong>quam</strong></span> 
     </span>
    </p>
   </div>
   <div class='ocr_carea' id='block_1_5' title="bbox 128 3185 1345 4343">
    <p class='ocr_par' dir='ltr' id='par_1_5' title="bbox 128 3185 1345 4343">
     <span class='ocr_line' id='line_1_39' title="bbox 200 3185 1342 3266; baseline 0.006 -22"><span class='ocrx_word' id='word_1_383' title='bbox 200 3185 259 3246; x_wconf 86' lang='lat' dir='ltr'><strong>fide</strong></span> <span class='ocrx_word' id='word_1_384' title='bbox 279 3187 500 3266; x_wconf 87' lang='lat' dir='ltr'><strong>consequimur,</strong></span> <span class='ocrx_word' id='word_1_385' title='bbox 530 3206 592 3245; x_wconf 91' lang='lat' dir='ltr'><strong>uon</strong></span> <span class='ocrx_word' id='word_1_386' title='bbox 614 3187 870 3250; x_wconf 89' lang='lat' dir='ltr'><strong>autemhahemus</strong></span> <span class='ocrx_word' id='word_1_387' title='bbox 891 3198 1047 3250; x_wconf 79' lang='lat' dir='ltr'><strong>enatura:</strong></span> <span class='ocrx_word' id='word_1_388' title='bbox 1081 3186 1106 3248; x_wconf 88' lang='lat' dir='ltr'><strong>C</strong></span> <span class='ocrx_word' id='word_1_389' title='bbox 1130 3187 1214 3247; x_wconf 90' lang='lat' dir='ltr'><strong>ristus</strong></span> <span class='ocrx_word' id='word_1_390' title='bbox 1235 3203 1342 3251; x_wconf 85' lang='lat' dir='ltr'><strong>autem</strong></span> 
     </span>
     <span class='ocr_line' id='line_1_40' title="bbox 199 3261 1342 3345; baseline 0.006 -22"><span class='ocrx_word' id='word_1_391' title='bbox 199 3269 231 3323; x_wconf 78' lang='lat' dir='ltr'><strong>e&#39;t</strong></span> <span class='ocrx_word' id='word_1_392' title='bbox 255 3263 374 3338; x_wconf 88' lang='lat' dir='ltr'><strong>uniens,</strong></span> <span class='ocrx_word' id='word_1_393' title='bbox 404 3273 435 3322; x_wconf 89' lang='lat' dir='ltr'><strong>et</strong></span> <span class='ocrx_word' id='word_1_394' title='bbox 458 3261 637 3344; x_wconf 87' lang='lat' dir='ltr'><strong>unigenitus.</strong></span> <span class='ocrx_word' id='word_1_395' title='bbox 696 3262 787 3338; x_wconf 87' lang='lat' dir='ltr'><strong>Quod</strong></span> <span class='ocrx_word' id='word_1_396' title='bbox 814 3277 911 3324; x_wconf 86' lang='lat' dir='ltr'><strong>auteur</strong></span> <span class='ocrx_word' id='word_1_397' title='bbox 935 3263 1057 3328; x_wconf 87' lang='lat' dir='ltr'><strong>verbum</strong></span> <span class='ocrx_word' id='word_1_398' title='bbox 1077 3261 1168 3322; x_wconf 89' lang='lat' dir='ltr'><strong>suturi</strong></span> <span class='ocrx_word' id='word_1_399' title='bbox 1188 3263 1342 3345; x_wconf 78' lang='lat' dir='ltr'><strong>temporis</strong></span> 
     </span>
     <span class='ocr_line' id='line_1_41' title="bbox 199 3337 1340 3420; baseline 0.004 -20"><span class='ocrx_word' id='word_1_400' title='bbox 199 3359 237 3400; x_wconf 88' lang='lat' dir='ltr'><strong>eo</strong></span> <span class='ocrx_word' id='word_1_401' title='bbox 256 3349 378 3420; x_wconf 91' lang='lat' dir='ltr'><strong>torquet</strong></span> <span class='ocrx_word' id='word_1_402' title='bbox 397 3338 501 3398; x_wconf 82' lang='lat' dir='ltr'><strong>foedus</strong></span> <span class='ocrx_word' id='word_1_403' title='bbox 522 3337 600 3398; x_wconf 88' lang='lat' dir='ltr'><strong>canis</strong></span> <span class='ocrx_word' id='word_1_404' title='bbox 622 3337 830 3418; x_wconf 26' lang='lat' dir='ltr'><strong>Serestum-ut</strong></span> <span class='ocrx_word' id='word_1_405' title='bbox 850 3341 1001 3403; x_wconf 87' lang='lat' dir='ltr'><strong>Christum</strong></span> <span class='ocrx_word' id='word_1_406' title='bbox 1021 3339 1130 3419; x_wconf 91' lang='lat' dir='ltr'><strong>prohet</strong></span> <span class='ocrx_word' id='word_1_407' title='bbox 1150 3360 1212 3399; x_wconf 89' lang='lat' dir='ltr'><strong>non</strong></span> <span class='ocrx_word' id='word_1_408' title='bbox 1233 3354 1340 3404; x_wconf 88' lang='lat' dir='ltr'><strong>aeter-</strong></span> 
     </span>
     <span class='ocr_line' id='line_1_42' title="bbox 198 3413 1342 3507; baseline 0.008 -34"><span class='ocrx_word' id='word_1_409' title='bbox 198 3435 270 3474; x_wconf 92' lang='lat' dir='ltr'><strong>num</strong></span> <span class='ocrx_word' id='word_1_410' title='bbox 296 3436 358 3476; x_wconf 89' lang='lat' dir='ltr'><strong>esse</strong></span> <span class='ocrx_word' id='word_1_411' title='bbox 378 3414 436 3474; x_wconf 87' lang='lat' dir='ltr'><strong>Dei</strong></span> <span class='ocrx_word' id='word_1_412' title='bbox 455 3413 577 3486; x_wconf 85' lang='lat' dir='ltr'><strong>Filium,</strong></span> <span class='ocrx_word' id='word_1_413' title='bbox 608 3415 660 3474; x_wconf 89' lang='lat' dir='ltr'><strong>sed</strong></span> <span class='ocrx_word' id='word_1_414' title='bbox 680 3417 812 3507; x_wconf 88' lang='lat' dir='ltr'><strong>coepisse</strong></span> <span class='ocrx_word' id='word_1_415' title='bbox 832 3417 921 3478; x_wconf 89' lang='lat' dir='ltr'><strong>talem</strong></span> <span class='ocrx_word' id='word_1_416' title='bbox 941 3416 1070 3489; x_wconf 89' lang='lat' dir='ltr'><strong>censeri,</strong></span> <span class='ocrx_word' id='word_1_417' title='bbox 1099 3437 1134 3476; x_wconf 87' lang='lat' dir='ltr'><strong>ex</strong></span> <span class='ocrx_word' id='word_1_418' title='bbox 1154 3437 1215 3506; x_wconf 89' lang='lat' dir='ltr'><strong>quo</strong></span> <span class='ocrx_word' id='word_1_419' title='bbox 1236 3417 1342 3482; x_wconf 89' lang='lat' dir='ltr'><strong>induit</strong></span> 
     </span>
     <span class='ocr_line' id='line_1_43' title="bbox 196 3490 1343 3569; baseline 0.005 -19"><span class='ocrx_word' id='word_1_420' title='bbox 196 3512 315 3551; x_wconf 88' lang='lat' dir='ltr'><strong>earnem</strong></span> <span class='ocrx_word' id='word_1_421' title='bbox 340 3502 487 3562; x_wconf 90' lang='lat' dir='ltr'><strong>nostram,</strong></span> <span class='ocrx_word' id='word_1_422' title='bbox 515 3490 599 3550; x_wconf 89' lang='lat' dir='ltr'><strong>nimis</strong></span> <span class='ocrx_word' id='word_1_423' title='bbox 623 3492 833 3554; x_wconf 76' lang='lat' dir='ltr'><strong>calumniosum</strong></span> <span class='ocrx_word' id='word_1_424' title='bbox 853 3505 906 3554; x_wconf 84' lang='lat' dir='ltr'><strong>est</strong></span> <span class='ocrx_word' id='word_1_425' title='bbox 945 3491 1150 3554; x_wconf 87' lang='lat' dir='ltr'><strong>Ratiocinatur</strong></span> <span class='ocrx_word' id='word_1_426' title='bbox 1169 3492 1237 3569; x_wconf 80' lang='lat' dir='ltr'><strong>dle,</strong></span> <span class='ocrx_word' id='word_1_427' title='bbox 1271 3519 1343 3558; x_wconf 87' lang='lat' dir='ltr'><strong>non</strong></span> 
     </span>
     <span class='ocr_line' id='line_1_44' title="bbox 196 3566 1344 3652; baseline 0.004 -24"><span class='ocrx_word' id='word_1_428' title='bbox 196 3567 285 3628; x_wconf 81' lang='lat' dir='ltr'><strong>inisse</strong></span> <span class='ocrx_word' id='word_1_429' title='bbox 305 3567 454 3628; x_wconf 88' lang='lat' dir='ltr'><strong>Christum</strong></span> <span class='ocrx_word' id='word_1_430' title='bbox 473 3566 531 3627; x_wconf 87' lang='lat' dir='ltr'><strong>Dei</strong></span> <span class='ocrx_word' id='word_1_431' title='bbox 551 3567 658 3645; x_wconf 84' lang='lat' dir='ltr'><strong>filium,</strong></span> <span class='ocrx_word' id='word_1_432' title='bbox 681 3581 838 3648; x_wconf 87' lang='lat' dir='ltr'><strong>antequam</strong></span> <span class='ocrx_word' id='word_1_433' title='bbox 858 3591 946 3631; x_wconf 88' lang='lat' dir='ltr'><strong>carue</strong></span> <span class='ocrx_word' id='word_1_434' title='bbox 965 3567 1084 3629; x_wconf 89' lang='lat' dir='ltr'><strong>indutus</strong></span> <span class='ocrx_word' id='word_1_435' title='bbox 1106 3570 1218 3629; x_wconf 90' lang='lat' dir='ltr'><strong>mundo</strong></span> <span class='ocrx_word' id='word_1_436' title='bbox 1240 3592 1344 3652; x_wconf 75' lang='lat' dir='ltr'><strong>appa-</strong></span> 
     </span>
     <span class='ocr_line' id='line_1_45' title="bbox 150 3643 1342 3730; baseline 0.006 -27"><span class='ocrx_word' id='word_1_437' title='bbox 150 3709 159 3722; x_wconf 47' lang='lat'><strong>,</strong></span> <span class='ocrx_word' id='word_1_438' title='bbox 195 3645 304 3718; x_wconf 89' lang='lat' dir='ltr'><strong>ruerit,</strong></span> <span class='ocrx_word' id='word_1_439' title='bbox 325 3643 392 3723; x_wconf 87' lang='lat' dir='ltr'><strong>qnia</strong></span> <span class='ocrx_word' id='word_1_440' title='bbox 412 3643 521 3704; x_wconf 86' lang='lat' dir='ltr'><strong>dietum</strong></span> <span class='ocrx_word' id='word_1_441' title='bbox 540 3644 578 3704; x_wconf 88' lang='lat' dir='ltr'><strong>sit</strong></span> <span class='ocrx_word' id='word_1_442' title='bbox 596 3645 633 3705; x_wconf 90' lang='lat' dir='ltr'><strong>ah</strong></span> <span class='ocrx_word' id='word_1_443' title='bbox 654 3645 786 3730; x_wconf 74' lang='lat' dir='ltr'><strong>Augelo,</strong></span> <span class='ocrx_word' id='word_1_444' title='bbox 806 3645 979 3707; x_wconf 88' lang='lat' dir='ltr'><strong>Vocabitur.</strong></span> <span class='ocrx_word' id='word_1_445' title='bbox 1017 3647 1085 3728; x_wconf 90' lang='lat' dir='ltr'><strong>Ego</strong></span> <span class='ocrx_word' id='word_1_446' title='bbox 1106 3657 1204 3705; x_wconf 88' lang='lat' dir='ltr'><strong>autem</strong></span> <span class='ocrx_word' id='word_1_447' title='bbox 1225 3662 1342 3710; x_wconf 87' lang='lat' dir='ltr'><strong>eontra</strong></span> 
     </span>
     <span class='ocr_line' id='line_1_46' title="bbox 196 3720 1342 3813; baseline 0.005 -33"><span class='ocrx_word' id='word_1_448' title='bbox 196 3720 321 3810; x_wconf 87' lang='lat' dir='ltr'><strong>excipio,</strong></span> <span class='ocrx_word' id='word_1_449' title='bbox 340 3741 403 3780; x_wconf 92' lang='lat' dir='ltr'><strong>non</strong></span> <span class='ocrx_word' id='word_1_450' title='bbox 422 3720 499 3780; x_wconf 90' lang='lat' dir='ltr'><strong>aliud</strong></span> <span class='ocrx_word' id='word_1_451' title='bbox 519 3741 624 3781; x_wconf 88' lang='lat' dir='ltr'><strong>sonare</strong></span> <span class='ocrx_word' id='word_1_452' title='bbox 645 3722 753 3813; x_wconf 78' lang='lat' dir='ltr'><strong>Angeli</strong></span> <span class='ocrx_word' id='word_1_453' title='bbox 772 3723 875 3798; x_wconf 67' lang='lat' dir='ltr'><strong>verhaq</strong></span> <span class='ocrx_word' id='word_1_454' title='bbox 894 3744 981 3804; x_wconf 77' lang='lat' dir='ltr'><strong>quana</strong></span> <span class='ocrx_word' id='word_1_455' title='bbox 1002 3741 1064 3782; x_wconf 91' lang='lat' dir='ltr'><strong>esse</strong></span> <span class='ocrx_word' id='word_1_456' title='bbox 1083 3724 1171 3782; x_wconf 89' lang='lat' dir='ltr'><strong>talem</strong></span> <span class='ocrx_word' id='word_1_457' title='bbox 1192 3723 1342 3786; x_wconf 88' lang='lat' dir='ltr'><strong>incarne</strong></span> 
     </span>
     <span class='ocr_line' id='line_1_47' title="bbox 195 3795 1339 3877; baseline 0.006 -22"><span class='ocrx_word' id='word_1_458' title='bbox 195 3796 440 3856; x_wconf 79' lang='lat' dir='ltr'><strong>manifestandum</strong></span> <span class='ocrx_word' id='word_1_459' title='bbox 453 3795 512 3856; x_wconf 89' lang='lat' dir='ltr'><strong>Dei</strong></span> <span class='ocrx_word' id='word_1_460' title='bbox 531 3796 634 3873; x_wconf 84' lang='lat' dir='ltr'><strong>hlium,</strong></span> <span class='ocrx_word' id='word_1_461' title='bbox 654 3820 702 3877; x_wconf 86' lang='lat' dir='ltr'><strong>qur</strong></span> <span class='ocrx_word' id='word_1_462' title='bbox 723 3811 859 3860; x_wconf 90' lang='lat' dir='ltr'><strong>aeternus</strong></span> <span class='ocrx_word' id='word_1_463' title='bbox 879 3799 989 3859; x_wconf 72' lang='lat' dir='ltr'><strong>iuerat:</strong></span> <span class='ocrx_word' id='word_1_464' title='bbox 1007 3819 1075 3858; x_wconf 88' lang='lat' dir='ltr'><strong>uam</strong></span> <span class='ocrx_word' id='word_1_465' title='bbox 1094 3803 1193 3859; x_wconf 74' lang='lat' dir='ltr'><strong>vocari</strong></span> <span class='ocrx_word' id='word_1_466' title='bbox 1212 3801 1253 3859; x_wconf 91' lang='lat' dir='ltr'><strong>ad</strong></span> <span class='ocrx_word' id='word_1_467' title='bbox 1271 3804 1339 3862; x_wconf 92' lang='lat' dir='ltr'><strong>cla-</strong></span> 
     </span>
     <span class='ocr_line' id='line_1_48' title="bbox 128 3872 1342 3954; baseline 0.003 -22"><span class='ocrx_word' id='word_1_468' title='bbox 128 3913 131 3923; x_wconf 42' lang='grc'>,</span> <span class='ocrx_word' id='word_1_469' title='bbox 194 3893 258 3932; x_wconf 89' lang='lat' dir='ltr'><strong>ram</strong></span> <span class='ocrx_word' id='word_1_470' title='bbox 287 3872 422 3932; x_wconf 88' lang='lat' dir='ltr'><strong>notitiam</strong></span> <span class='ocrx_word' id='word_1_471' title='bbox 452 3873 586 3934; x_wconf 91' lang='lat' dir='ltr'><strong>reiertur.</strong></span> <span class='ocrx_word' id='word_1_472' title='bbox 644 3874 737 3954; x_wconf 75' lang='lat' dir='ltr'><strong>niqui</strong></span> <span class='ocrx_word' id='word_1_473' title='bbox 766 3875 845 3935; x_wconf 90' lang='lat' dir='ltr'><strong>inter</strong></span> <span class='ocrx_word' id='word_1_474' title='bbox 875 3874 928 3936; x_wconf 89' lang='lat' dir='ltr'><strong>ista</strong></span> <span class='ocrx_word' id='word_1_475' title='bbox 961 3877 1020 3936; x_wconf 93' lang='lat' dir='ltr'><strong>duo</strong></span> <span class='ocrx_word' id='word_1_476' title='bbox 1045 3875 1169 3935; x_wconf 90' lang='lat' dir='ltr'><strong>multum</strong></span> <span class='ocrx_word' id='word_1_477' title='bbox 1192 3875 1342 3951; x_wconf 86' lang='lat' dir='ltr'><strong>interest,</strong></span> 
     </span>
     <span class='ocr_line' id='line_1_49' title="bbox 195 3948 1342 4032; baseline 0.004 -24"><span class='ocrx_word' id='word_1_478' title='bbox 195 3948 368 4030; x_wconf 87' lang='lat' dir='ltr'><strong>coeperitne</strong></span> <span class='ocrx_word' id='word_1_479' title='bbox 389 3970 451 4010; x_wconf 86' lang='lat' dir='ltr'><strong>esse</strong></span> <span class='ocrx_word' id='word_1_480' title='bbox 468 3949 527 4009; x_wconf 91' lang='lat' dir='ltr'><strong>Dei</strong></span> <span class='ocrx_word' id='word_1_481' title='bbox 547 3949 622 4011; x_wconf 82' lang='lat' dir='ltr'><strong>filius</strong></span> <span class='ocrx_word' id='word_1_482' title='bbox 644 3951 693 4030; x_wconf 93' lang='lat' dir='ltr'><strong>qui</strong></span> <span class='ocrx_word' id='word_1_483' title='bbox 713 3951 794 4030; x_wconf 89' lang='lat' dir='ltr'><strong>prius</strong></span> <span class='ocrx_word' id='word_1_484' title='bbox 815 3973 875 4011; x_wconf 93' lang='lat' dir='ltr'><strong>non</strong></span> <span class='ocrx_word' id='word_1_485' title='bbox 897 3963 975 4026; x_wconf 84' lang='lat' dir='ltr'><strong>erat,</strong></span> <span class='ocrx_word' id='word_1_486' title='bbox 995 3973 1032 4012; x_wconf 90' lang='lat' dir='ltr'><strong>an</strong></span> <span class='ocrx_word' id='word_1_487' title='bbox 1052 3954 1217 4032; x_wconf 78' lang='lat' dir='ltr'><strong>patefactus</strong></span> <span class='ocrx_word' id='word_1_488' title='bbox 1238 3955 1342 4015; x_wconf 85' lang='lat' dir='ltr'><strong>suerit</strong></span> 
     </span>
     <span class='ocr_line' id='line_1_50' title="bbox 193 4025 1342 4109; baseline 0.006 -25"><span class='ocrx_word' id='word_1_489' title='bbox 193 4025 272 4084; x_wconf 87' lang='lat' dir='ltr'><strong>inter</strong></span> <span class='ocrx_word' id='word_1_490' title='bbox 301 4025 450 4100; x_wconf 88' lang='lat' dir='ltr'><strong>homines,</strong></span> <span class='ocrx_word' id='word_1_491' title='bbox 486 4038 519 4086; x_wconf 92' lang='lat' dir='ltr'><strong>ut</strong></span> <span class='ocrx_word' id='word_1_492' title='bbox 549 4028 658 4088; x_wconf 86' lang='lat' dir='ltr'><strong>seirent</strong></span> <span class='ocrx_word' id='word_1_493' title='bbox 681 4047 748 4086; x_wconf 90' lang='lat' dir='ltr'><strong>eum</strong></span> <span class='ocrx_word' id='word_1_494' title='bbox 775 4047 836 4088; x_wconf 92' lang='lat' dir='ltr'><strong>esse</strong></span> <span class='ocrx_word' id='word_1_495' title='bbox 864 4029 913 4109; x_wconf 91' lang='lat' dir='ltr'><strong>qui</strong></span> <span class='ocrx_word' id='word_1_496' title='bbox 961 4027 1097 4091; x_wconf 85' lang='lat' dir='ltr'><strong>ronrissus</strong></span> <span class='ocrx_word' id='word_1_497' title='bbox 1123 4027 1194 4088; x_wconf 87' lang='lat' dir='ltr'><strong>olim</strong></span> <span class='ocrx_word' id='word_1_498' title='bbox 1222 4029 1342 4091; x_wconf 88' lang='lat' dir='ltr'><strong>suerat.</strong></span> 
     </span>
     <span class='ocr_line' id='line_1_51' title="bbox 195 4050 1345 4184; baseline 0.006 -23"><span class='ocrx_word' id='word_1_499' title='bbox 195 4102 287 4161; x_wconf 88' lang='lat' dir='ltr'><strong>Certe</strong></span> <span class='ocrx_word' id='word_1_500' title='bbox 313 4124 402 4181; x_wconf 88' lang='lat' dir='ltr'><strong>quum</strong></span> <span class='ocrx_word' id='word_1_501' title='bbox 423 4101 558 4164; x_wconf 89' lang='lat' dir='ltr'><strong>omnihus</strong></span> <span class='ocrx_word' id='word_1_502' title='bbox 578 4101 700 4163; x_wconf 85' lang='lat' dir='ltr'><strong>saeculis</strong></span> <span class='ocrx_word' id='word_1_503' title='bbox 720 4102 837 4164; x_wconf 87' lang='lat' dir='ltr'><strong>Densa</strong></span> <span class='ocrx_word' id='word_1_504' title='bbox 880 4050 970 4184; x_wconf 83' lang='lat' dir='ltr'><strong>opuio</strong></span> <span class='ocrx_word' id='word_1_505' title='bbox 991 4125 1044 4165; x_wconf 90' lang='lat' dir='ltr'><strong>suo</strong></span> <span class='ocrx_word' id='word_1_506' title='bbox 1064 4107 1217 4168; x_wconf 85' lang='lat' dir='ltr'><strong>invocatus</strong></span> <span class='ocrx_word' id='word_1_507' title='bbox 1239 4107 1345 4168; x_wconf 88' lang='lat' dir='ltr'><strong>suerit</strong></span> 
     </span>
     <span class='ocr_line' id='line_1_52' title="bbox 193 4175 1342 4272; baseline 0.008 -37"><span class='ocrx_word' id='word_1_508' title='bbox 193 4175 293 4252; x_wconf 88' lang='lat' dir='ltr'><strong>Pater,</strong></span> <span class='ocrx_word' id='word_1_509' title='bbox 312 4179 381 4241; x_wconf 91' lang='lat' dir='ltr'><strong>inde</strong></span> <span class='ocrx_word' id='word_1_510' title='bbox 401 4179 567 4254; x_wconf 85' lang='lat' dir='ltr'><strong>coniicitur,</strong></span> <span class='ocrx_word' id='word_1_511' title='bbox 587 4179 676 4239; x_wconf 90' lang='lat' dir='ltr'><strong>suisse</strong></span> <span class='ocrx_word' id='word_1_512' title='bbox 694 4178 725 4236; x_wconf 91' lang='lat' dir='ltr'><strong>in</strong></span> <span class='ocrx_word' id='word_1_513' title='bbox 746 4179 831 4240; x_wconf 89' lang='lat' dir='ltr'><strong>coelo</strong></span> <span class='ocrx_word' id='word_1_514' title='bbox 868 4179 960 4255; x_wconf 90' lang='lat' dir='ltr'><strong>ilium,</strong></span> <span class='ocrx_word' id='word_1_515' title='bbox 980 4201 1015 4241; x_wconf 84' lang='lat' dir='ltr'><strong>ex</strong></span> <span class='ocrx_word' id='word_1_516' title='bbox 1035 4203 1094 4272; x_wconf 91' lang='lat' dir='ltr'><strong>quo</strong></span> <span class='ocrx_word' id='word_1_517' title='bbox 1116 4194 1147 4243; x_wconf 89' lang='lat' dir='ltr'><strong>et</strong></span> <span class='ocrx_word' id='word_1_518' title='bbox 1167 4204 1342 4264; x_wconf 90' lang='lat' dir='ltr'><strong>perquem</strong></span> 
     </span>
     <span class='ocr_line' id='line_1_53' title="bbox 190 4252 1343 4343; baseline 0.008 -31"><span class='ocrx_word' id='word_1_519' title='bbox 190 4252 246 4314; x_wconf 84' lang='lat' dir='ltr'><strong>ista</strong></span> <span class='ocrx_word' id='word_1_520' title='bbox 269 4257 427 4335; x_wconf 85' lang='lat' dir='ltr'><strong>paternitas</strong></span> <span class='ocrx_word' id='word_1_521' title='bbox 453 4257 490 4318; x_wconf 91' lang='lat' dir='ltr'><strong>ad</strong></span> <span class='ocrx_word' id='word_1_522' title='bbox 514 4255 650 4319; x_wconf 88' lang='lat' dir='ltr'><strong>homines</strong></span> <span class='ocrx_word' id='word_1_523' title='bbox 673 4266 814 4320; x_wconf 81' lang='lat' dir='ltr'><strong>manaret.</strong></span> <span class='ocrx_word' id='word_1_524' title='bbox 860 4257 990 4320; x_wconf 88' lang='lat' dir='ltr'><strong>Nimium</strong></span> <span class='ocrx_word' id='word_1_525' title='bbox 1010 4279 1088 4322; x_wconf 87' lang='lat' dir='ltr'><strong>cmm</strong></span> <span class='ocrx_word' id='word_1_526' title='bbox 1107 4258 1164 4323; x_wconf 89' lang='lat' dir='ltr'><strong>sihi</strong></span> <span class='ocrx_word' id='word_1_527' title='bbox 1183 4273 1343 4343; x_wconf 83' lang='lat' dir='ltr'><strong>arrogant</strong></span> 
     </span>
    </p>
   </div>
   <div class='ocr_carea' id='block_1_6' title="bbox 0 0 1386 4846">
    <p class='ocr_par' dir='ltr' id='par_1_6' title="bbox 0 0 1386 4846">
     <span class='ocr_line' id='line_1_54' title="bbox 0 0 1386 4846; baseline 0 4"><span class='ocrx_word' id='word_1_528' title='bbox 0 0 1386 4846; x_wconf 95' lang='lat' dir='ltr'><strong> </strong></span> 
     </span>
    </p>
   </div>
  </div>
 </body>
</html>
