2764 4854
211 211 213 218 Α
318 251 400 326 (⁶212.
439 211 573 310 Christus
593 247 727 308 moritur.
766 245 936 320 Portenta.)
1144 251 1203 318 ³⁷9

44 423 124 466 susm
143 423 161 464 a
179 411 276 462 morte
295 399 404 462 salvam
424 411 455 462 et
473 400 650 462 incolumem
670 399 752 476 fore,
776 411 808 460 ut
828 419 885 462 nos
904 399 1007 460 eedem
1027 399 1136 462 fiducie
1152 403 1201 463 lu-

44 465 301 541 structl'alacriter
319 497 453 538 exeamus
472 498 490 540 e
510 478 621 539 caduco
642 477 737 538 carnis
757 487 876 538 nostrae
895 476 1024 558 tugurio.

120 563 167 621 51.
206 555 248 614 Er
265 575 339 634 ems,
358 555 459 615 uelem.
500 554 592 629 Quod
615 555 768 614 scissuram
786 551 846 614 veli
868 553 938 614 solis
958 553 1088 614 defectui
1107 553 1201 616 buces

43 634 218 714 permiscet,
242 631 324 712 quasi
343 643 412 692 ante
432 630 543 693 Christi
561 642 687 692 mortem
708 629 883 714 contigerit,
907 630 1020 691 ordinis
1040 641 1085 691 est
1102 631 1201 692 inrer-

43 711 105 770 sio:
129 710 322 790 nequeenim
342 711 391 844 put
409 708 524 790 saepius
543 707 637 768 visum
657 709 715 784 est)
739 719 906 786 temporum
931 719 1081 768 momenta
1101 720 1202 770 exacte

45 785 203 848 observant
221 787 303 846 Evan
328 786 437 846 eistae.
474 786 538 845 Nec
557 803 630 844 vern
651 796 882 845 consentaneum
902 783 971 858 fuit,
997 785 1053 844 nisi
1079 797 1202 866 peracto

43 862 217 943 expiationis
236 806 379 924 sacrllcio
398 862 494 924 velum
513 859 620 922 scindi:
641 861 790 941 quiatunc
803 858 937 922 Christus
955 874 1086 922 recuset
1104 873 1202 923 aeter-

43 961 99 1000 nus
118 939 274 1012 Sacerdos,
295 939 413 999 abolitis
433 936 576 1020 legalibus
595 937 711 1019 liguris,
729 938 872 1020 sanguine
891 957 945 997 suo
965 937 1054 998 nobis
1074 939 1110 1000 ad
1130 959 1202 1000 coe-

44 1018 120 1078 leste
146 1015 349 1076 sanctuarium
378 1016 455 1076 viam
487 1014 642 1095 patefecit,
670 1024 791 1074 utnon
818 1024 927 1076 stemus
955 1013 1012 1075 iam
1041 1015 1146 1095 procul
1171 1015 1203 1076 iu

44 1093 138 1168 atrio,
162 1092 214 1154 sed
238 1092 332 1152 libere
352 1090 384 1154 in
403 1091 463 1152 Dei
487 1103 677 1172 conspectum
700 1090 886 1182 prodeamus.
926 1090 1024 1166 Quam
1049 1091 1099 1152 diu
1125 1091 1204 1153 enim

43 1171 160 1230 duravit
178 1167 341 1230 umbratilis
361 1169 464 1244 cultus,
483 1167 580 1228 velum
601 1187 620 1228 o
642 1179 771 1248 positum
791 1178 856 1228 erat
873 1178 995 1228 terreno
1016 1168 1203 1245 Sanctuario,

45 1248 125 1327 quod
146 1247 215 1306 inde
235 1266 297 1306 non
317 1246 407 1326 pedes
426 1247 517 1306 modo
537 1189 652 1325 populi,
671 1245 721 1306 sed
742 1243 845 1306 oculos
865 1244 952 1304 etiam
969 1256 1090 1306 arceret.
1112 1243 1202 1311 Chri-

43 1335 104 1384 stus
124 1335 221 1382 autem
241 1322 341 1384 deleto
361 1322 571 1402 chirographo,
591 1322 673 1402 quod
692 1318 780 1380 nobis
800 1320 980 1380 contrarium
994 1333 1057 1380 erat
1075 1321 1204 1399 (ΟΜ,

42 1403 125 1480 lb),
145 1396 327 1460 obstaculum
349 1398 591 1478 omneabrupit,
611 1409 644 1457 ut
661 1397 728 1478 ipso
754 1397 917 1458 mediatore
937 1397 1009 1457 freti
1030 1397 1118 1458 simus
1139 1417 1205 1463 om-

43 1497 97 1536 nes
122 1475 222 1560 regale
245 1475 450 1536 sacerdotium.
489 1474 564 1534 Ideo
588 1473 648 1535 veli
669 1472 795 1535 scissura·
817 1493 879 1534 non
903 1475 994 1535 modo
1019 1472 1206 1536 ceremonia.

45 1575 125 1626 rum,
145 1573 220 1632 quae
240 1551 294 1612 sub
314 1552 397 1634 Lege
417 1551 574 1632 vigebant,
593 1549 751 1633 abrogatis
771 1549 842 1624 fuit,
866 1551 917 1610 sed
938 1551 1081 1631 quaedam
1100 1551 1203 1612 coelo-

44 1651 112 1690 rum
130 1651 145 1689 a
169 1628 257 1702 ertio,
276 1639 310 1688 ut
329 1647 408 1688 nunc
427 1627 609 1688 familiariter
626 1627 709 1689 Deus
728 1626 797 1686 Filii
816 1626 860 1686 sui
879 1626 1012 1687 membre
1031 1627 1068 1686 ad
1084 1648 1115 1688 se
1127 1628 1204 1688 invi-

46 1717 100 1766 tet.
154 1717 255 1765 nterea
275 1704 418 1764 admoniti
438 1704 558 1764 fuerunt
576 1704 694 1778 Iudaei,
718 1703 807 1764 hnem
832 1704 957 1765 externis
975 1703 1124 1764 sacrificiis
1144 1725 1206 1766 esse

43 1781 226 1862 impositum,
245 1780 357 1840 nullum
376 1781 499 1861 posthac
518 1781 626 1842 veteris
646 1779 803 1841 sacerdotii
822 1799 904 1840 usum
916 1781 997 1840 fore:
1019 1779 1131 1840 etiamsi
1146 1793 1206 1842 sta·
1293 1797 1301 1810 “

42 1871 90 1919 ret
109 1859 212 1938 templi
231 1857 408 1934 aedificium,
428 1877 490 1918 non
511 1857 634 1937 amplius
653 1857 713 1918 illic
733 1867 876 1918 consueto
897 1857 954 1917 ritu
971 1857 1129 1917 colendum
1142 1877 1205 1920 esse

39 1936 154 1995 Deum:
179 1935 231 1996 sed
257 1934 325 2014 quia
350 1933 409 1994 iam
428 1934 597 1995 umbrarum
617 1933 778 1994 substantia
791 1945 822 1994 et
833 1933 940 1994 veritas
960 1931 1108 2022 completa
1130 1948 1204 2012 erat,

42 2013 151 2094 figuras
171 2008 282 2094 legales
300 2011 364 2072 ins
388 2010 487 2072 iritrrrn
507 2029 661 2072 conversas
682 2031 753 2070 esse.
794 2009 972 2089 Quanquam
993 2010 1073 2070 emm
1090 2011 1206 2074 visibile

40 2089 214 2150 sacrificium
231 2088 345 2152 obtulit
364 2031 509 2160 Christus,
528 2086 720 2168 spiritualiter
739 2098 837 2147 tamen
865 2089 914 2163 (ut
933 2088 1022 2146 docet
1041 2087 1204 2176 Apostolus

41 2166 74 2226 iu
95 2164 229 2246 Epistola
249 2165 285 2224 ad
306 2165 461 2229 Hebraeos
482 2167 677 2243 cap.9,1d.)
697 2162 906 2221 aestimandum
927 2175 981 2247 est,
1000 2170 1034 2220 ut
1053 2183 1114 2222 erus
1134 2185 1203 2242 pre-

41 2242 117 2300 tium
138 2253 168 2302 et
187 2239 298 2300 fructus
317 2250 444 2301 constet.
484 2239 545 2298 Sed
564 2238 675 2298 miseris
688 2236 761 2298 nihil
793 2237 1048 2296 soluit-externum
1059 2237 1203 2300 sanctus:

40 2319 120 2379 rium
145 2327 236 2394 rupto
257 2315 327 2375 velo
353 2314 474 2388 nudari,
505 2314 573 2393 quia
598 2312 743 2373 salvificae
769 2259 841 2372 llscis
868 2324 1058 2394 conspectum
1082 2314 1205 2379 interius

32 2399 116 2454 'suae
135 2389 315 2450 infidelitatis
334 2390 431 2451 velum
450 2389 568 2450 ademit.
608 2387 701 2462 Quod
721 2387 757 2448 de
778 2400 875 2448 terme
899 2402 984 2449 motu
1004 2402 1035 2450 et
1054 2403 1203 2470 petrarum

41 2472 145 2530 fissura
165 2466 316 2527 additura
338 2467 379 2526 ud
399 2465 595 2540 Matthaeum,
618 2464 725 2525 eodem
750 2477 902 2525 momento
922 2465 1031 2526 factum
1052 2489 1115 2528 esse
1134 2471 1206 2534 mihi

43 2541 204 2628 probabile
224 2554 277 2602 est.
316 2487 413 2604 Burro
433 2542 491 2602 hoe
510 2543 601 2602 modo
627 2561 689 2601 uon
713 2541 808 2602 solum
827 2553 906 2600 terra
925 2563 978 2602 suo
999 2544 1101 2622 opifici
1121 2547 1205 2606 testi·
1228 2600 1233 2610 .

44 2620 180 2682 monium
199 2619 339 2694 reddidit,
357 2620 408 2680 sed
426 2619 509 2678 testis
528 2618 615 2679 etiarn
625 2616 713 2678 citata
728 2629 772 2678 est
785 2629 889 2679 eontra
900 2619 1033 2697 perditae
1045 2622 1141 2712 gentis
1152 2623 1206 2683 du-

41 2699 156 2759 ritiem:
181 2717 250 2756 uam
270 2696 339 2756 hinc
359 2695 509 2775 apparuit,
533 2715 619 2786 quam
639 2693 810 2830 prodigiosa
830 2705 906 2787 esset
925 2692 1097 2775 obstinatio,
1118 2719 1204 2778 quam

44 2795 102 2836 nec
123 2785 221 2834 terrae
241 2773 395 2834 concussio
415 2791 471 2832 nec
490 2771 620 2852 lapidum
659 2791 739 2831 ssura
759 2783 861 2832 movit.

120 2857 168 2917 6⁸2.
207 2849 249 2908 Et
273 2863 454 2909 metuentes
476 2862 579 2925 apsaro
606 2861 679 2910 sunt
725 2849 792 2908 Hoc
822 2867 942 2928 quoque
974 2849 1101 2928 speciale
1132 2871 1205 2932 por-

43 2939 160 2989 tentum
187 2925 259 3002 fuit,
284 2947 344 3006 quo
370 2936 491 2986 testatus
517 2936 562 2986 est
579 2925 679 3000 Deus,
701 2924 809 2984 filium
834 2946 917 2985 suurn
943 2927 1047 2986 mortis
1072 2948 1217 2998 carerem¹

42 3003 179 3087 ingredi,
204 3023 267 3064 non
287 3015 321 3063 ut
338 3001 398 3062 illic
418 3002 530 3064 clausus
549 3015 699 3078 maneret,
722 3003 774 3062 sed
794 3011 828 3062 ut
847 3007 950 3064 omhes
974 3002 1128 3082 educeret,
1154 3007 1205 3085 qui

40 3079 152 3173 captivi
178 3079 365 3140 tenebantur.
404 3080 480 3139 Nam
501 3100 561 3159 quo
587 3089 723 3159 tempore
742 3080 773 3138 in
795 3077 907 3139 Christi
926 3099 1054 3170 persona
1074 3094 1205 3160 spectata

43 3159 103 3218 furt
122 3156 354 3236 contemptibilis
374 3156 467 3218 caruis
487 3155 655 3230 infirmitas,
679 3155 836 3238 magnifica
854 3167 885 3216 et
904 3155 1001 3217 divina
1021 3159 1125 3222 mortis
1144 3157 1206 3220 eius

43 3235 137 3294 virtus
163 3233 200 3294 sd
224 3232 339 3293 inferos
364 3253 457 3313 usque
502 3231 654 3293 enetravit.
698 3233 780 3292 llaec
804 3232 880 3293 ratio
906 3243 966 3307 est,
991 3255 1044 3294 cur
1067 3235 1205 3315 sepulcro

42 3331 113 3372 mox
135 3309 311 3370 claudendus
331 3309 386 3370 alia
406 3254 539 3390 sepulcra
556 3308 712 3390 aperuerit.
750 3307 884 3370 Dubium
895 3321 994 3370 temen
1009 3322 1063 3384 est,
1083 3333 1118 3370 an
1133 3313 1204 3372 haec

42 3384 249 3466 sepulcrorum
268 3385 382 3466 apertio
402 3387 563 3468 eontigerit
581 3396 649 3446 aute
668 3386 930 3448 resurrectionem:
950 3407 1018 3446 uam
1037 3399 1204 3448 sanctorum

41 3464 240 3537 resurrectio,
264 3481 339 3540 quae
359 3463 448 3542 paulo
469 3473 538 3542 post
561 3461 731 3536 subiicitur,
756 3481 825 3522 meo
848 3463 959 3525 iudicio
981 3464 990 3522 i
1012 3485 1073 3524 sam
1094 3463 1205 3526 Christi

42 3539 296 3600 resurrectionem
319 3549 441 3630 sequuta
462 3551 514 3599 est.
552 3537 720 3599 Absurdum
746 3537 824 3598 enim
844 3552 903 3617 est,
922 3483 1011 3619 quosl)
1028 3540 1206 3620 interpretes

44 3615 165 3696 quidam
185 3615 327 3686 divinant,
346 3635 428 3676 viros
448 3627 509 3676 ets
531 3614 641 3675 irantes
660 3614 759 3675 triduo
779 3613 895 3678 latuisse
915 3617 945 3676 in
958 3615 1107 3696 sepulcris.
1133 3618 1207 3677 lllihi

44 3693 166 3772 quidem
186 3690 344 3773 probabile
362 3691 489 3767 videtur,
509 3636 627 3753 Christo
647 3703 766 3751 mortuo
787 3691 876 3754 fuisse
888 3693 983 3755 statim
994 3705 1095 3782 aperta
1107 3693 1205 3772 sepul-

45 3789 112 3830 cre:
132 3789 223 3848 quum
242 3779 340 3827 autern
358 3768 526 3844 resurrexit,
545 3768 685 3849 quosdam
706 3769 823 3849 piorum
842 3781 965 3849 recepto
985 3769 1090 3849 spiritu
1105 3788 1206 3850 egres-

43 3865 96 3907 sos
122 3864 202 3924 esse,
227 3856 258 3907 et
276 3843 306 3904 itt
327 3843 401 3905 urbe
421 3843 510 3905 fuisse
530 3855 715 3924 conspectos.
753 3847 828 3908 Nam
848 3847 917 3908 ideo
937 3845 1151 3928 primogenitus
1171 3867 1205 3907 ex

43 3921 172 3982 mortuis
198 3933 229 3983 et
253 3920 400 4002 primitiae
431 3921 647 4003 resurgentium
676 3935 799 3983 vocatur
823 3921 957 3984 Christus
983 3920 1023 4000 (Ι.
1053 3922 1124 3983 Cor.
1148 3930 1208 3999 15,

43 4005 93 4064 20.
116 3995 333 4078 Col.1,18.),
359 3997 427 4090 quia
446 4011 543 4059 morte
568 4017 619 4058 sua
643 3997 793 4060 inchoavit
817 4019 923 4059 novam
947 3997 1052 4072 vitam,
1075 4019 1207 4060 resurre-

46 4076 151 4136 ctione
170 4095 242 4140 vero
284 4075 401 4144 erfecit:
427 4095 489 4136 nou
516 4075 597 4166 guod
620 4076 730 4136 mortui
749 4076 815 4155 ipso
837 4074 983 4134 moriente
1003 4076 1138 4155 protinus
1157 4096 1207 4137 re-

45 4151 191 4228 vixerint,
220 4096 281 4214 setl
302 4152 370 4232 quis
396 4173 476 4214 mors
499 4171 561 4212 erus
584 4151 662 4213 vitae
686 4151 773 4234 origo
797 4150 854 4211 fuit
871 4162 903 4210 et
921 4150 1045 4211 initium.
1085 4151 1208 4233 Optime

46 4227 141 4310 igitur
167 4229 306 4310 congruit
328 4229 401 4290 haec
420 4227 513 4306 rati0,
537 4247 626 4308 quum
651 4230 852 4308 sepulcrorum
877 4227 1004 4288 fractura
1023 4230 1208 4311 praesagium

48 4315 129 4365 esset
148 4325 243 4372 norae
262 4305 351 4382 vilse,
369 4303 496 4368 fructum
516 4305 610 4398 ipsum
629 4303 677 4366 rel
688 4303 828 4366 effectum
842 4304 1009 4385 apparuisse
1022 4307 1119 4368 triduo
1153 4303 1209 4381 ost,

47 4380 119 4462 quis
150 4380 284 4445 Christus
313 4403 469 4468 resurgens
489 4382 573 4463 ‚abes
598 4403 633 4445 ex
657 4382 798 4464 sepulcris
825 4383 950 4446 comites
979 4401 1076 4446 secum
1101 4405 1119 4444 e
1141 4383 1207 4455 usit,
