2766 4840
444 183 590 310 (tots-t.
631 229 711 290 lesus
731 231 868 314 eapitur)
893 271 894 276 η
1173 235 1232 298 333
1279 265 1292 280 .
1316 177 1321 192 ¹

77 385 255 452 auriculam
283 387 366 466 eius,
393 387 517 453 sanavit
542 407 623 452 eum.
669 387 721 450 ot.
750 386 838 450 Dixit
865 384 1080 450 autenr‘lesns
1102 385 1143 450 ad
1165 407 1231 466 eas,

76 492 134 576 qui
164 501 320 556 venerant
353 491 394 555 ad
426 514 479 570 se,
514 491 676 576 principes
706 487 923 564 sacerdotum,
960 509 998 552 ac
1033 485 1231 574 magistratus

75 592 206 680 templi,
239 606 271 659 et
297 597 457 673 seniores,
489 597 593 680 Quasi
621 592 662 659 ad
688 593 846 660 latronem
875 595 996 660 exiistis
1019 614 1090 662 euru
1116 590 1231 676 gladiis

73 709 106 762 et
135 695 295 762 fustibus?
341 700 391 763 53.
420 697 528 782 Quum
556 697 669 762 iuedm
691 697 837 784 quotidie
858 697 1023 763 vobiscum
1045 700 1078 761 ia
1100 695 1231 782 templo,

73 823 140 866 non
171 801 356 866 extendistis
383 823 495 866 ananus
523 804 554 866 in
583 823 649 868 ure:
676 799 735 868 scd
764 801 845 866 haec
873 813 920 868 est
947 801 1026 868 hora
1048 811 1167 884 vestra,
1198 808 1231 864 ct

73 915 216 991 potestas
235 904 450 971 tenebrarum.

150 1141 255 1200 Mean.
279 1146 327 1205 51.
365 1138 406 1197 Et
429 1159 507 1216 accc,
531 1158 606 1198 rmus
629 1159 671 1198 aa
693 1141 731 1198 iia
795 1142 909 1200 ‘munt
930 1158 996 1200 cum
1019 1138 1097 1200 leus.
1135 1139 1230 1202 Lucas
1270 1166 1274 1182 ·

73 1217 163 1288 dicit,
190 1217 220 1274 in
241 1217 298 1276 boc
318 1217 500 1295 conspirasse
519 1235 622 1275 omnes
641 1215 753 1294 discipu
767 1237 815 1290 os,
839 1226 874 1275 ut
896 1235 951 1294 pro
975 1217 1115 1298 magistro
1134 1230 1229 1277 certa-

73 1305 150 1352 rent.
190 1294 278 1354 Unde
298 1313 396 1354 rursus
415 1314 430 1352 a
454 1304 552 1372 paret,
570 1304 681 1384 quanto
700 1292 793 1373 magis
812 1290 899 1352 simus
918 1293 955 1351 ad
974 1315 1086 1374 pugnas
1105 1293 1229 1354 animosi

73 1391 107 1428 ae
128 1368 276 1450 prompti,
296 1389 381 1449 quam
400 1390 416 1428 a
456 1368 642 1429 tolerantiam
661 1369 764 1428 crucia
803 1367 905 1443 Quare
931 1369 1091 1448 prudenter
1114 1391 1232 1450 semper

74 1446 241 1525 expendere
266 1445 423 1520 convenit,
448 1446 519 1581 qnid
536 1447 656 1506 mandet
675 1447 836 1518 Dominus,
858 1446 978 1522 etquid
998 1467 1014 1506 a
1033 1447 1153 1525 singulis
1173 1467 1230 1508 no·

73 1533 166 1580 strum
187 1525 332 1601 requirat,
356 1543 394 1583 ne
414 1543 471 1582 aer
489 1523 584 1583 nostri
604 1523 704 1584 servor
721 1522 784 1584 siue
803 1522 918 1582 ratione
939 1533 969 1581 et
988 1523 1077 1582 modo
1099 1522 1230 1586 ebulliati

74 1599 171 1674 Quod
190 1611 287 1658 autem
308 1599 441 1679 discipuli
454 1599 602 1658 Christum
622 1599 759 1662 dicuntur
776 1601 906 1678 rogasse,
926 1607 1045 1658 nou'eo
1065 1599 1164 1659 animo
1185 1601 1230 1660 se-

73 1685 197 1748 carunt,
216 1688 250 1734 nt
268 1689 408 1755 parerent
427 1676 488 1736 eius
507 1675 647 1756 imperio:
676 1678 728 1738 sed
748 1677 791 1735 liis
809 1673 914 1735 verbis
925 1675 1024 1734 testati
1043 1687 1125 1750 sunt,
1143 1697 1174 1737 se
1193 1677 1231 1738 ad

74 1753 132 1812 vim
153 1751 281 1834 hostium
302 1753 456 1812 arcendam
477 1753 624 1814 accinctos
644 1773 707 1814 esse
727 1774 762 1812 ae
780 1763 908 1832 paratos.
946 1753 1010 1812 Nec
1035 1773 1107 1814 vero
1128 1773 1231 1832 exspe-

74 1829 166 1888 ctarit
185 1827 304 1901 Petras,
329 1829 397 1888 dum
421 1829 477 1888 sihi
502 1830 620 1890 daretur
666 1828 830 1891 ercutiendi
854 1829 1021 1889 mandatum
1047 1850 1080 1890 ac
1100 1829 1233 1904 facultas,

73 1905 124 1964 sed
145 1916 258 1966 temere
278 1905 314 1966 ad
332 1905 390 1964 vina
410 1905 542 1966 illicitam
561 1851 697 1988 prosiliit.
735 1906 861 1966 Videtur
880 1905 999 1985 quidem
1013 1906 1108 1984 primo
1123 1906 1233 1968 iutuitu

75 1981 147 2041 llaec
167 1981 323 2042 strenuitas
343 1979 427 2042 laude
448 1983 536 2063 digna
556 2003 629 2060 esse,
648 1983 729 2064 qnod
748 1982 882 2063 discipuli
899 2002 969 2056 snae
989 1983 1231 2069 infiqmitatisob-

75 2055 136 2124 liti,
154 2054 291 2137 'quamvis
315 2059 375 2118 sint
397 2059 434 2119 ad
458 2061 650 2122 resistendum
674 2061 816 2140 impares,
842 2071 1085 2150 corpora·tamen
1104 2081 1155 2120 sna
1175 2082 1231 2141 pre

73 2135 216 2226 magistro
244 2153 416 2214 opponere,
440 2146 472 2196 et
498 2137 535 2196 ad
560 2149 670 2197 certam
693 2149 819 2198 mortem
845 2136 977 2196 obiicere
1001 2155 1063 2196 ιιοιι
1083 2136 1231 2198 dubitant:

75 2232 174 2290 perire
194 2211 243 2269 eni
293 2195 501 2270 eumllomino
518 2212 640 2288 rnaluut,
660 2233 746 2291 quam
765 2231 797 2272 se
816 2213 888 2272 viris
906 2231 941 2270 ac
960 2211 1126 2270 videntibus
1138 2213 1232 2292 ipsunt

73 2307 114 2366 op
138 2287 214 2347 rimi.
244 2233 312 2345 'led
333 2287 401 2366 quia
442 2296 611 2364 raepostere
630 2289 695 2367 plns
711 2298 839 2362 tentant,
858 2286 1097 2368 quamleratllei
1112 2290 1231 2350 vocatio

73 2311 135 2423 vel)
142 2361 309 2441 permittat,
327 2361 391 2422 iure
430 2373 564 2422 amnatur
583 2383 685 2424 eorum
705 2364 862 2424 temeritas.
901 2361 1004 2438 Quare
1024 2362 1181 2440 discamus,
1200 2375 1254 2428 nt'

73 2439 209 2499 Domino
231 2436 372 2516 obsequia
391 2447 492 2497 aosua
509 2437 662 2528 placeant,
688 2439 724 2502 ab
745 2439 807 2499 eius
825 2449 899 2498 nutu
919 2439 1065 2517 pendere,
1088 2459 1127 2502 ne
1152 2443 1231 2533 quis,-

75 2535 165 2595 quam
187 2511 308 2593 digitum
328 2525 463 2587 moveat,
486 2516 541 2574 arsi
582 2527 705 2577 uatenus
724 2515 761 2576 ab
781 2514 833 2574 illo
853 2515 945 2576 iussus
965 2515 1061 2576 luerit.
1098 2519 1144 2578 Ac
1163 2522 1231 2580 rdeo

74 2590 250 2672 praesertim
268 2589 335 2650 huic
353 2590 513 2650 modestiae
532 2535 636 2652 sedulo
656 2592 788 2654 addictos
808 2611 870 2652 esse
890 2593 1048 2667 convenit,
1071 2594 1139 2674 quia
1158 2596 1232 2656 recti

75 2681 106 2728 ct
132 2666 292 2746 compositi
316 2667 373 2726 zeli
393 2666 464 2727 loco
481 2668 711 2737 tumultuosaut
729 2669 885 2749 plurimum
903 2669 935 2728 ln
956 2668 1042 2729 uoltis
1061 2684 1167 2752 regnat
1185 2672 1232 2732 in-

74 2767 109 2805 ae
134 2745 245 2803 ualitas.
283 2745 402 2803 Nomen
421 2743 503 2802 Petri
528 2745 584 2805 hoc
609 2745 727 2824 quidem
752 2746 821 2806 loco
845 2743 994 2806 subticeat
1011 2747 1233 2838 Evangelistae:

75 2767 130 2882 sed
149 2822 277 2880 loannes
296 2830 436 2894 testatur,
459 2833 491 2879 et
514 2841 548 2881 ex
572 2834 711 2883 contextu
735 2823 824 2902 paulo
870 2833 917 2882 ost
935 2824 1050 2902 patebit
1067 2821 1155 2884 luisse
1174 2825 1234 2888 Pe·

75 2913 171 2972 trum,
200 2897 251 2978 qui
275 2897 367 2957 tacrlo
394 2898 515 2958 nomine
542 2898 589 2959 lrie
614 2909 743 2960 notatur.
791 2842 944 2980 Colligere
968 2911 1066 2960 tamen
1093 2922 1128 2962 ex
1152 2901 1233 2962 Luca

77 2985 247 3055 promptum
273 2985 333 3050 est,
357 2973 431 3034 alios
456 2995 575 3056 quoque
600 2975 729 3036 eiusdem
754 2976 997 3056 intemperantiae
1017 2977 1105 3037 luisse
1123 2977 1249 3044 socios:x

77 3073 177 3144 neque
197 3051 392 3208 enim
405 3051 544 3112 duntaxat
562 3051 730 3133 alloquitur,
747 3055 800 3115 sed
820 3053 1172 3116 communiter·omnibus
1188 3055 1234 3116 di-

78 3141 118 3189 c1t
147 3132 232 3189 sinite
392 3170 403 3189 .

119 3173 200 3271 'aa
244 3205 380 3265 omma
399 3203 551 3283 gaam,
588 3204 642 3264 rue
669 3205 768 3264 verna
797 3205 954 3266 confirma
984 3207 1117 3280 casatas
1145 3210 1188 3272 m
1211 3209 1234 3270 is

79 3294 287 3362 praeceptum,
316 3301 375 3360 quq
406 3283 525 3362 privatis
555 3280 722 3362 hominibus
746 3281 932 3344 interdicitur
956 3305 1023 3343 nsua
1048 3286 1159 3365 gladii,
1189 3230 1234 3347 de

79 3359 252 3437 praesertim
277 3359 408 3420 notanda
431 3370 475 3418 est
499 3377 615 3494 poenae
634 3356 763 3432 sanctio,
788 3379 863 3437 quae
887 3379 955 3419 mox
979 3361 1109 3422 additur:
1136 3383 1234 3442 neque

80 3437 158 3498 enim
178 3446 285 3495 statuta
305 3435 455 3494 hominum
473 3455 506 3494 ar
528 3433 598 3495 itrio
617 3434 673 3494 suit
691 3455 800 3514 poena,
839 3455 876 3495 ua
895 3437 1047 3516 proprium
1062 3440 1235 3520 sauguinem
1277 3489 1287 3498 .

79 3511 246 3584 vindicent,
265 3511 317 3571 sed
336 3510 417 3570 Deus
437 3512 499 3590 ipse
518 3531 574 3572 nos
592 3533 695 3572 severe
713 3531 730 3569 a
749 3512 832 3572 caedi
854 3533 887 3572 us
906 3513 1094 3592 prohibendo
1113 3525 1235 3574 testatas

81 3599 134 3664 est,
147 3609 234 3680 quam
244 3587 299 3645 sibi
310 3607 407 3647 carum
414 3587 451 3647 sit
459 3588 614 3646 humanum
620 3609 722 3668 genias.
741 3588 871 3648 Primum
882 3609 954 3669 crgo
966 3609 997 3650 se
1009 3590 1038 3650 ri
1048 3602 1078 3649 et
1087 3583 1174 3650 marin
1182 3591 1234 3650 de-
1304 3615 1308 3630 ¹

82 3665 161 3725 lenda
171 3683 234 3724 aon
245 3663 397 3742 vult-quia
407 3663 488 3723 Deus
498 3675 653 3741 percutere
664 3665 694 3724 iu
705 3663 786 3744 Lege
797 3667 931 3726 vetuerit.
950 3667 1051 3744 Atque
1059 3665 1131 3724 haec
1141 3686 1234 3746 gene·
1254 3695 1257 3703 ·

80 3742 148 3801 ralis
159 3742 236 3800 ratio
247 3751 304 3799 est:
316 3759 391 3816 ,mox
410 3760 482 3804 rere
494 3741 529 3799 ad
545 3740 700 3819 specialem
712 3741 872 3801 deseendit.
902 3743 1059 3802 Caeterum
1072 3743 1119 3802 hie
1130 3759 1231 3804 more-

81 3830 130 3878 tnr
140 3818 284 3900 quaestio,
304 3825 340 3874 aa
362 3835 512 3896 rannqnam
530 3817 618 3876 liceat
636 3817 663 3877 vi
676 3818 809 3878 iniustam
820 3819 878 3877 vim
889 3817 1047 3898 repellere:
1068 3839 1135 3878 nam
1146 3841 1235 3898 quum

83 3894 172 3954 Petro
193 3893 348 3973 negotium
368 3906 444 3953 esset
461 3894 597 3954 adsersus
616 3892 722 3972 impios
741 3907 773 3954 et
790 3895 927 3956 scelestos
946 3896 1090 3966 latrones,
1115 3897 1234 3956 damna-

83 3981 131 4028 tur
149 3983 258 4043 tamen,
279 3971 358 4050 qnod
374 3969 502 4051 gladium
513 3969 676 4049 arripuerit.
715 3971 748 4031 Si
768 3973 797 4029 iu
819 3973 875 4030 lroc
896 3973 974 4030 lacto
993 3972 1163 4031 moderatae
1184 3973 1234 4034 de-

84 4045 224 4106 fensionis
244 4045 377 4126 exceptio
398 4067 459 4106 non
478 4047 579 4122 valuit,
598 4047 711 4107 ridetur
723 4047 856 4108 Christus
871 4047 1000 4106 omnium
1015 4039 1117 4108 mantis
1134 4049 1154 4108 li
1177 4069 1236 4110 are.

86 4121 263 4216 Quanquam
282 4135 378 4182 atatem
399 4124 429 4182 in
450 4125 582 4202 quintum
601 4136 690 4259 capnt
710 4125 798 4183 insius
818 4134 938 4182 tractata
959 4143 975 4181 a
994 4123 1080 4183 nobis
1097 4125 1152 4184 fuit
1202 4145 1236 4186 ec

86 4211 228 4278 quaestio,
248 4212 443 4260 cunctamen
463 4199 567 4280 paucis
580 4220 631 4259 ver
654 4201 677 4259 is
697 4199 833 4260 iudicium
853 4219 948 4258 meum
965 4212 1104 4280 repetam.
1133 4203 1235 4263 Primo

86 4274 163 4334 inter
182 4275 267 4336 civile
285 4288 317 4336 et
336 4277 534 4357 conscientiae
555 4273 651 4336 lorum
671 4277 850 4354 distinguere
870 4274 1030 4335 convenit*
1049 4279 1124 4339 Nam
1137 4281 1160 4339 si
1173 4277 1235 4358 quis

61 4427 66 4446 ἢ
87 4348 195 4412 latroni
213 4353 338 4428 resistat,
358 4354 426 4433 quia
446 4353 580 4422 adversus
599 4371 785 4416 communem
804 4352 920 4432 generis
940 4353 1234 4417 humanitosnmte-

793 4491 802 4538 i
