2766 4834
919 125 931 162 l

15 282 19 373 l
309 271 315 287 ’
437 275 505 357 (27.
531 275 660 337 loannes
672 273 873 388 baptisans)¹
1172 287 1213 350 93
1252 319 1257 327 ,

67 439 200 488 aeternae
226 429 347 492 mortis
370 439 457 490 reatu
481 431 532 490 sna
550 428 752 491 misericordia
770 449 826 490 nos
845 429 970 508 liberat,
997 431 1038 492 sic
1058 434 1147 496 etiam
1163 455 1210 496 re

64 507 165 566 format
190 505 226 564 in
256 507 427 590 imaginem
448 527 543 580 suam,
556 513 561 530 ‘
576 519 609 567 ut
627 507 914 568 iustitiao'vivamus:
944 509 1029 568 sicuti
1049 531 1103 570 nos
1123 512 1212 592 gratis

11 626 16 653 ,
62 584 180 662 odoptat
201 582 239 641 in
264 583 360 658 filios,
379 584 418 642 ita
436 581 549 662 Spiritu
568 604 622 644 suo
642 596 809 665 regenerat,
829 596 862 643 ut
880 586 939 645 vita
959 598 1059 645 nostra
1079 599 1213 663 testetur,

9 656 13 696 t
62 681 115 717 non
141 658 224 718 falso
255 659 358 740 ipsum
385 659 557 720 invocaris
583 659 821 720 nobisl’atrem.
866 662 928 721 Nec
953 662 1048 730 minus
1069 663 1212 740 Christus,

59 735 144 796 reteri
171 747 297 797 nostro
325 737 448 796 bomine
474 729 627 812 crucifixb,
657 748 687 796 et
707 737 852 797 exstinctis
873 739 967 797 earnis
987 750 1104 799 nostrae
1124 739 1212 814 vitiis,

60 835 107 870 nos
125 813 271 872 vivificat
294 809 326 872 ln
347 813 496 885 iustitiam,
518 835 603 947 qparn
623 813 864 892 peccata'nostra
883 816 1026 905 sangnine
1042 837 1098 884 suo
1109 815 1212 892 abluit,

60 900 85 948 et
110 889 276 950 sacrificio
304 889 408 948 mortis
435 909 503 949 suae
556 901 646 948 atrem
673 890 830 950 coelestem
856 891 941 950 nobis
967 889 1071 970 placat.
1128 893 1211 952 Haec

58 977 147 1024 tanen
159 966 339 1047 Evangelii
358 986 471 1026 summa
491 977 545 1040 est,
558 965 661 1025 iteum
680 966 711 1025 in
722 965 798 1026 Filio
818 987 872 1026 suo
886 967 1003 1028 abolitis
1015 969 1142 1058 peccatis
1155 987 1211 1029 nos

60 1042 215 1120 amplectI,
254 1049 294 1101 ut
319 1041 502 1124 abnegantes
526 1063 582 1102 nos
607 1054 636 1102 et
660 1043 810 1122 propriam
834 1055 967 1106 naturam
992 1065 1041 1123 pre
1061 1057 1091 1104 et
1109 1059 1210 1107 sancte

6 1153 7 1164 ι
57 1119 193 1194 rimmus,
217 1120 305 1179 adeo
330 1137 367 1176 ue
388 1119 547 1178 eoelestcrn
565 1119 654 1177 vitam
674 1119 848 1178 meditemur
867 1121 897 1178 in
916 1133 1004 1180 terra.

6 1201 7 1212 ³
126 1195 208 1255 Luc.
239 1201 273 1262 3.
350 1193 504 1254 rocelicous
527 1193 698 1270 boptlsrrrum
715 1199 914 1270 poenitentioe.
960 1197 1042 1256 llaec
1067 1195 1210 1277 loquendi

6 1311 8 1324 ,
58 1269 146 1331 lorrna
173 1271 320 1354 primurn
347 1271 379 1330 in
400 1291 511 1352 genere
532 1272 678 1346 ostendit,
710 1271 841 1350 quisnam
860 1271 898 1330 sit
916 1286 1013 1332 rectus
1033 1274 1210 1334 Sacramen-¹

57 1361 151 1408 torum
173 1371 272 1408 usus:
295 1348 404 1408 deinde
426 1369 564 1428 quorsum
584 1347 734 1407 institutus
753 1347 791 1406 sit
809 1347 979 1426 baptismus,
998 1360 1029 1408 et
1048 1350 1117 1428 quid
1136 1371 1209 1410 eon-

58 1424 153 1484 tioeat.
197 1426 437 1486 Sacramentum
458 1424 548 1506 igitur
567 1445 629 1483 non
648 1435 727 1482 muta
749 1434 793 1483 est
812 1424 996 1500 ceremonia,
1028 1445 1102 1503 quae
1122 1425 1210 1504 p'otu-

60 1523 119 1580 pam
146 1502 265 1562 nescio
294 1507 386 1580 quani
411 1501 474 1560 sine
501 1501 635 1560 doctrina
656 1511 801 1573 ostentet,
829 1500 880 1559 sed
901 1497 991 1562 hahet
1008 1501 1131 1562 verbum
1150 1501 1210 1561 Dei

60 1599 225 1654 annexum,
262 1579 347 1658 quod
364 1589 522 1638 externam
547 1578 639 1656 ipsam
664 1577 862 1636 ceremoniam
885 1576 1020 1636 vivificat.
1078 1577 1211 1638 Verbum
1286 1639 1291 1647 ,

59 1655 210 1738 intelligo,
231 1675 300 1713 non
324 1655 406 1733 quod
426 1653 544 1735 magicis
563 1653 686 1712 susurris
706 1655 857 1714 Erorcista
878 1653 1020 1733 quispiam
1041 1652 1226 1714 demuma-¹

62 1745 118 1806 ret,
139 1733 201 1792 sed
222 1732 311 1811 quod
332 1731 412 1790 clara
432 1740 463 1789 et
482 1731 588 1789 diserta
601 1751 680 1793 ,voce
700 1729 923 1810 pronuntiatum
943 1731 979 1790 ad
999 1730 1086 1790 fidem
1108 1729 1209 1792 aedili-
1247 1796 1251 1805 ,

62 1810 184 1869 eandam
206 1808 321 1868 valeat.
361 1808 431 1866 Non
452 1807 529 1865 enirn
550 1807 720 1886 simpliciter
731 1808 858 1866 Ioannes
879 1805 1040 1886 baptizasse
1062 1808 1210 1868 diciturin
1248 1810 1252 1818 '

61 1887 295 1964 poenitentiam,
317 1883 376 1943 acsi
395 1882 487 1964 gratia
499 1883 557 1942 Dei
570 1883 600 1942 in
612 1883 698 1974 signo
710 1883 817 1946 visibill
829 1882 940 1942 inclusa
953 1895 1038 1957 esset,
1058 1885 1108 1944 scd
1143 1904 1209 1944 rae·
1259 1896 1263 1907 ’

64 1963 184 2034 dicasse,
207 1959 309 2042 qualis
331 1970 409 2019 esset
428 1958 563 2038 baptismi
582 1959 701 2034 utilitas,
720 1971 754 2018 ut
773 1979 807 2018 ea
819 1958 911 2018 verbo
925 1959 1122 2040 praedieatoe
1158 1981 1210 2020 cax

65 2051 136 2096 esset
155 2041 293 2120 signum.
328 2036 398 2095 Hoc
418 2047 514 2098 aretem
534 2034 681 2116 peculiare
701 2048 745 2096 est
765 2034 921 2126 baptismo,
982 2035 1021 2095 od
1041 2035 1208 2117 symbolum

65 2115 274 2192 poenitentiae
303 2113 410 2172 dicitnr
435 2112 465 2170 in
512 2124 678 2172 creatorum
703 2113 913 2172 remissronem.
975 2135 1020 2170 nm
1047 2135 1136 2192 quum
1157 2132 1209 2173 ea-

66 2193 126 2250 dem
147 2190 296 2272 baptismi
314 2189 394 2248 illius
412 2185 487 2268 signi
527 2189 603 2261 atio,
628 2189 669 2250 vis
690 2201 720 2249 et
739 2189 814 2248 ratio
835 2187 939 2260 luerit,
960 2209 1034 2267 quac
1055 2191 1164 2265 nostri,
1184 2190 1210 2250 si

65 2267 153 2350 figora
177 2289 194 2327 a
215 2289 270 2328 sua
291 2265 415 2326 veritate
436 2265 617 2342 aestimatur,
642 2265 746 2327 salsum
767 2277 825 2341 est,
855 2263 985 2326 diversos
1006 2285 1067 2326 esse
1087 2265 1208 2327 Ioannis

66 2359 95 2404 et
113 2345 232 2406 Christi
253 2342 429 2423 baptismos.
503 2343 505 2356 '
673 2375 676 2384 .
726 2375 731 2417 ι
810 2366 814 2375 “

137 2422 251 2481 lllattb.
279 2427 309 2486 3.
351 2418 429 2477 Vox
451 2417 603 2478 clamantis
626 2420 658 2476 iu
682 2415 807 2490 desertm
842 2431 892 2477 stc.
938 2417 1116 2497 Quanquam
1144 2437 1208 2476 non

69 2497 154 2558 debet
174 2498 215 2557 ad
236 2496 333 2556 solum
354 2495 501 2554 Ioannem
515 2495 655 2576 restringi
674 2493 756 2554 locus
776 2492 955 2570 illelesaiae
976 2497 1039 2570 (40,
1058 2495 1102 2570 1.)
1133 2515 1208 2553 unus

69 2587 164 2634 umen
199 2585 248 2632 est
280 2593 314 2632 ex
345 2571 462 2631 illorum
493 2591 643 2643 numero,¹
673 2573 710 2630 de
735 2569 840 2650 quibus
865 2569 925 2628 illic
950 2589 1046 2636 sermo
1076 2567 1208 2630 babetur.

68 2651 232 2730 Postquam
253 2650 333 2709 enim
354 2649 390 2708 de
411 2649 524 2708 excidio
544 2647 634 2720 urbis,
655 2658 685 2706 et
704 2657 831 2706 extrema
851 2643 955 2724 populi
975 2643 1057 2704 clade
1071 2645 1209 2724 loquutus

70 2743 111 2788 est
130 2727 306 2818 Propheta,
331 2745 438 2784 novam
458 2724 703 2800 instaurationem¹
720 2721 875 2802 promittit.
915 2719 1014 2779 Verba
1034 2729 1117 2792 sunt,
1141 2716 1208 2778 Do-

70 2805 164 2865 minus
191 2815 301 2862 aterum
330 2801 425 2874 dicet,
457 2799 678 2873 Consolamini,
714 2795 909 2859 consolamini
935 2796 1076 2877 populum
1102 2815 1209 2855 rneorn.

70 2881 140 2940 Post
162 2902 232 2938 uam
254 2879 332 2938 enim
355 2897 457 2936 everso
477 2877 589 2956 templo
611 2888 641 2936 et
660 2875 777 2936 abolitis
796 2874 942 2935 sacrifieiis
962 2875 993 2932 in
1012 2871 1209 2952 captivitatem

91 2979 129 3038 op
164 2981 197 3017 us
220 2955 363 3016 abductus
384 2952 450 3025 suit,
468 2973 515 3012 res
536 2965 620 3014 erant
640 2953 721 3032 quasi
742 2953 922 3032 desperatae.
956 2953 998 3010 Et
1017 2951 1083 3030 quia
1103 2951 1208 3010 surdae

70 2981 188 3094 inerant
208 3053 292 3092 aures
313 3031 350 3091 ad
371 3031 539 3090 continuam
559 3050 662 3089 vocent
673 3027 900 3120 Prophetarum,
919 3025 1065 3086 Dominus
1085 3027 1207 3086 adtema

72 3133 123 3190 pus
150 3110 234 3190 quasi
261 3107 419 3167 obmutuit.
475 3107 512 3165 lo
539 3105 591 3166 illo
617 3106 693 3165 tristi
716 3105 837 3164 silentio
864 3125 902 3163 ne
928 3103 1117 3172 considerent
1140 3104 1207 3182 piae

71 3199 195 3260 mentes,
215 3182 543 3262 denuntiatPropheta,
563 3183 726 3242 exoritnros
747 3201 862 3241 rursum
881 3201 975 3240 novos
1018 3180 1106 3238 ratiae
1120 3199 1207 3259 prae-

73 3285 177 3336 cones,
231 3260 259 3319 ui
284 3258 427 3340 populum
453 3260 483 3316 in
509 3281 521 3317 s
545 3279 590 3318 em
610 3258 709 3318 salutis
730 3259 853 3340 erigant.
893 3256 981 3316 Tales
996 3199 1131 3328 inerunt,
1151 3258 1207 3316 Za-

73 3339 195 3412 ebarias,
209 3283 374 3418 ilaggaeus
395 3346 425 3394 et
434 3281 600 3407 ttatacbias,
620 3345 650 3393 et
669 3333 784 3394 similes.
816 3333 876 3394 Sed
896 3332 963 3411 quia
984 3343 1126 3413 perpetpa
1146 3332 1207 3391 illic

75 3413 236 3487 restitutio,
267 3434 330 3473 non
351 3412 437 3472 unius
456 3413 614 3486 momenti,
644 3410 843 3491 promittitur,
867 3410 927 3468 imo
947 3409 1069 3468 maxime
1089 3409 1209 3489 respicit

75 3491 178 3552 lesaias
206 3489 246 3549 ad
274 3488 526 3568 redemptionem,
565 3507 639 3578 quae
674 3485 786 3546 Christi
809 3487 937 3546 adventa
961 3485 1104 3565 speranda
1129 3498 1206 3546 erat:

96 3569 250 3649 raecipuus
282 3565 360 3624 inter
390 3564 600 3624 consolationes
629 3563 776 3623 ministros
807 3563 871 3623 lure
904 3573 1040 3621 censetur
1068 3560 1206 3622 Ioannes.

76 3589 216 3725 bequitur
242 3642 349 3702 deinde
374 3641 404 3700 in
423 3651 503 3699 textu
522 3640 707 3720 Prophetae,
741 3637 818 3699 Vox
835 3639 994 3700 clamaretis.
1034 3637 1209 3717 Opponitur

76 3735 169 3782 autern
194 3741 253 3780 vox
277 3718 327 3778 illa
351 3715 510 3796 temporali
533 3716 666 3789 silentio,
695 3715 776 3777 errius
800 3735 897 3796 nuper
920 3714 1053 3774 memini:
1083 3733 1149 3771 nam
1170 3713 1207 3773 ad

78 3798 193 3878 aliquod
225 3809 342 3875 tempus
372 3793 521 3867 doctrina,
559 3815 645 3873 quarn
671 3793 708 3851 im
732 3794 760 3852 ie
787 3800 1042 3870 contempserant,
1072 3789 1207 3868 privandi

78 3887 157 3936 erant
180 3873 294 3932 Iudaei.
339 3869 456 3929 Desa-rt
481 3891 590 3932 nomen
610 3815 811 3949 metapborice
832 3868 959 3959 positum
980 3877 1024 3924 est
1043 3885 1098 3944 pro
1118 3865 1206 3928 uasti-

77 3963 147 4026 tate,
178 3951 226 4011 vel
248 3948 375 4010 deformi
416 3945 498 4026 opuli
518 3947 616 4021 ruina,
649 3946 740 4025 qualis
760 3945 851 4005 exsilii
869 3958 1004 4022 ternpore
1025 3941 1089 4000 suit
1133 3938 1208 4002 Erat

78 4031 158 4088 etiam
184 4040 245 4088 tam
273 3969 422 4114 portenda
448 4023 612 4102 dissipatio,
643 4034 675 4080 ut
700 4021 817 4082 deserto
845 4018 976 4081 conferri
1001 4029 1108 4096 posset.
1160 4019 1207 4079 Ita

77 4104 230 4186 amplificat
255 4101 403 4181 propbeta
426 4098 486 4158 Dei
510 4099 632 4180 gratiam
660 4098 718 4158 acsi
745 4099 869 4158 diceret:
905 4093 1033 4174 quamvis
1059 4093 1162 4174 procul
1190 4115 1206 4154 a

77 4182 164 4262 patria
189 4182 302 4242 eiectos
328 4177 417 4235 suerit
435 4177 583 4266 populus,
613 4175 672 4236 imo
693 4173 843 4266 ablegatus
863 4182 941 4231 extra
960 4169 1111 4242 hominum
1132 4193 1206 4232 coo-

76 4261 202 4333 sortiom,
221 4271 326 4319 tamen
345 4251 498 4312 resonabit
516 4251 640 4312 vorDei
660 4251 747 4311 etiam
767 4274 798 4310 ιιι
818 4249 946 4320 deserto,
966 4267 1041 4326 quae
1063 4249 1207 4308 exanimes

76 4333 142 4398 laeta
162 4331 376 4398 consolatione
396 4327 515 4389 reficiat.
555 4326 626 4402 Quo
646 4341 782 4407 tempore
804 4323 904 4404 eoepit
924 4323 1095 4383 concionari
1115 4325 1205 4383 Ioan-

74 4433 134 4499 nes,
152 4407 371 4490 Hierosolyma
389 4403 447 4468 boc
465 4425 552 4471 sensu
572 4405 719 4470 desertum
739 4415 820 4484 erat,
840 4401 908 4484 quia
926 4399 1036 4480 ubique
1055 4400 1154 4462 omnia
1173 4399 1205 4458 in
