2768 4834
194 263 254 328 tas
620 281 624 292 ·
649 253 876 317 sncr10v1.
915 327 918 335 ,

166 394 167 400 ¹
196 414 284 476 etiam
303 431 336 474 us
360 429 396 496 ue
416 411 453 473 ad
472 408 641 491 patrimonii
661 408 885 469 diminutionem
908 419 939 467 et
959 425 1096 498 agrorum
1117 375 1341 470 atiemuonem

195 510 229 552 se
248 431 394 549 extrahe
423 515 426 532 ·
509 553 520 562 ἡ

271 572 320 630 21.
367 563 427 626 Ubi
450 561 552 645 fuerit
583 559 734 622 starum
760 573 858 620 omar.
907 559 971 619 Hac
1000 558 1147 620 sententia
1177 560 1342 622 convincit

196 641 487 717 christinianum
505 659 568 702 csse
588 638 737 710 homines,
758 638 808 716 qui
827 638 979 697 thesauros
998 655 1066 696 suos
1084 635 1117 695 in
1137 647 1216 697 terra
1234 656 1340 717 repo-

195 719 267 780 sitos
286 717 410 778 habeut:
443 716 511 796 quia
536 715 649 776 scilieet
673 713 782 774 caduca
806 713 844 772 sit
868 724 899 772 et
923 711 1046 772 evanida
1070 733 1174 774 eorum
1193 711 1339 774 felicitas.

195 795 315 876 Negant
331 795 412 854 enim
430 812 461 852 se
482 789 616 871 impediri
636 789 730 864 avari,
762 789 917 868 quominus
943 789 1033 848 corde
1059 788 1090 848 in
1110 789 1228 849 coelum
1247 791 1339 870 aspi-

195 883 278 945 rent,
296 869 348 930 sed
368 867 502 932 Christus
521 867 633 928 amoma
653 885 692 945 op
715 866 794 955 onit,
819 866 900 945 quod
920 863 1088 944 ubicunque
1107 885 1250 926 summum
1272 867 1339 926 bo-

195 967 265 1007 num
286 945 419 1006 homines
439 964 500 1005 esse
519 943 651 1024 lingunt,
681 886 741 1004 illic
765 953 825 1002 srnt
849 940 984 1020 impliciti
1004 953 1035 1002 et
1054 940 1141 1002 affixi.
1180 943 1260 1002 Hinc
1281 963 1337 1002 se-

105 1054 109 1068 ι
137 1029 146 1053 “
196 1023 310 1103 quitur,
329 1021 416 1083 coelo
437 1019 605 1081 renuntiare
626 1017 726 1097 quiin
745 1018 856 1078 mundo
877 1017 976 1087 felices
997 1037 1058 1078 esse
1078 1029 1231 1099 appetunt.
1261 1019 1338 1079 sci-

195 1121 276 1174 mus,
306 1118 392 1190 guam
412 1107 546 1158 accurate
566 1093 740 1175 dlsputarint
752 1092 928 1186 philosophi
947 1094 984 1154 tle
1004 1115 1117 1154 summo
1138 1093 1234 1155 bono:
1266 1095 1336 1156 imo

195 1176 254 1238 hoc
273 1172 331 1246 illrs
350 1174 540 1267 praecipuum
560 1171 616 1232 fuit
634 1182 732 1250 caput,
750 1191 781 1229 rn
803 1190 862 1250 quo
881 1170 1031 1246 sudarunt,
1051 1189 1149 1250 neque
1168 1171 1337 1246 immerito,

196 1252 437 1332 quandoquidem
459 1259 523 1309 tota
549 1248 719 1308 inde'vitae
744 1245 916 1306 formandae
939 1245 1016 1306 ratio
1042 1247 1207 1327 dependet,
1238 1259 1336 1328 atque

195 1329 253 1388 huc
273 1326 442 1388 referuntur
461 1345 563 1386 omnes
582 1345 691 1386 sensus.
718 1323 751 1383 Si
771 1335 907 1384 censetur
925 1321 1021 1383 bonos
1040 1343 1182 1397 summurn
1203 1323 1336 1402 honum,

195 1423 314 1465 necesse
333 1415 393 1478 est,
424 1414 457 1462 ut
476 1413 588 1462 mentes
607 1401 746 1461 humanas
770 1399 888 1479 penitus
908 1412 1036 1480 occupet
1060 1399 1196 1460 ambitio:
1228 1401 1254 1461 si
1274 1423 1335 1482 pe-

195 1480 316 1556 cuniae,
350 1478 468 1540 avaritia
488 1479 622 1569 protinus
641 1497 765 1560 regnum
786 1475 917 1536 invadet:
949 1475 973 1534 si
997 1475 1147 1555 voluptas,
1178 1476 1244 1538 fieri
1265 1499 1347 1538 non.

194 1557 318 1638 poterit,
337 1557 407 1636 quin
425 1555 558 1616 homines
578 1553 616 1615 ad
634 1553 749 1614 brutam
768 1551 982 1632 indulgentiam
1001 1553 1193 1636 degenerent
1231 1553 1336 1614 Natu-

194 1632 297 1694 raliter
316 1631 395 1694 enim
415 1651 517 1692 omnes
537 1627 574 1690 ad
594 1629 787 1720 expetendum
808 1627 920 1688 bonurn
941 1627 996 1687 ser'
1026 1651 1076 1688 ur:
1096 1627 1136 1688 ita
1156 1628 1199 1704 fir,
1219 1641 1254 1689 ut
1273 1651 1334 1691 nos

177 1703 286 1769 'falsae
305 1706 528 1792 imaginationes
552 1705 609 1764 hnc
634 1705 703 1765 rlluc
731 1702 887 1784 abripiant.
927 1704 998 1779 Quo
1020 1705 1044 1765 si
1067 1703 1154 1766 nobis
1179 1706 1278 1786 probe
1299 1719 1335 1767 et

194 1785 275 1846 serio
294 1804 464 1865 persuasum
490 1793 580 1858 esset,
610 1781 781 1842 felicitatem
806 1792 936 1840 nostram
961 1780 992 1841 in
1017 1781 1104 1842 coelo
1130 1803 1208 1858 esse,
1239 1779 1333 1845 facile

195 1872 288 1933 esset,
307 1860 420 1921 calcato
439 1858 550 1918 mundo
571 1857 774 1938 despectisque
793 1858 919 1916 terrenis
938 1855 1025 1918 honis
1045 1861 1187 1938 (quom
1206 1859 1332 1922 fallaces

179 1932 184 2004 ’,
193 1935 350 1997 illecebrae
370 1935 510 1994 maiorem
531 1933 680 1994 hominum
699 1945 813 2013 partem
827 1933 989 2008 fascinant)
1009 1934 1039 1992 in
1051 1934 1166 1995 coelum
1180 1957 1331 1996 conscen-

195 2013 276 2072 dere.
313 2013 379 2072 llae
397 2009 511 2072 ratitum
530 2009 653 2086 Paulus,
683 2012 752 2070 dum
777 2010 807 2068 in
833 2009 956 2070 sublime
982 2009 1118 2092 attollere
1137 2012 1201 2072 vult
1224 2013 1332 2074 fideles

195 2087 358 2152 et.hortari
377 2087 413 2148 ad
434 2087 568 2153 coelestis
586 2087 664 2146 vitae
683 2087 826 2160 studium,
856 2085 912 2147 illis
934 2085 1082 2146 Christum
1124 2089 1266 2168 soponit,
1296 2091 1331 2150 in

196 2184 256 2244 qno
275 2165 342 2226 solo
363 2164 529 2244 quaerenda
550 2161 930 2224 estsolida·felicitas:·acsi
950 2163 1071 2236 diceret,
1091 2109 1248 2224 absurdum
1264 2187 1330 2228 csse

194 2253 226 2300 et
243 2240 407 2378 ippignum,
425 2253 459 2302 nt
477 2241 508 2300 in
526 2252 607 2301 terra
624 2239 775 2301 subsidant
786 2259 888 2300 eorum
903 2240 1026 2316 animae,
1046 2261 1170 2322 quorum
1187 2241 1220 2300 in
1239 2243 1330 2306 coelo

195 2328 240 2378 est
296 2337 421 2380 staurus.

232 2614 314 2694 (llll)
354 2613 525 2681 MhTTll.
546 2613 620 2679 Vl*
641 2613 693 2676 Ὦ.
722 2611 872 2676 Lucerna
900 2614 1046 2702 corporis
1067 2623 1116 2678 est
1137 2611 1268 2680 oculus:
1300 2621 1330 2682 si

190 2715 288 2802 igitur
308 2713 423 2782 oculus
444 2724 517 2780 tuus
532 2711 667 2798 simplex
682 2711 787 2787 luerit,
807 2721 908 2776 totum
931 2735 1048 2800 corpus
1069 2723 1161 2778 tuum
1180 2713 1329 2786 lucidum

192 2817 262 2881 crit.
308 2815 360 2880 23.
387 2814 518 2898 Quodsi
551 2811 665 2882 oculus
696 2824 769 2878 tuus
802 2811 903 2878 malus
929 2813 1040 2893 luerit,
1072 2823 1175 2880 totum
1206 2838 1329 2905 corpus

191 2925 280 2980 tuum
306 2912 513 2980 tenebrosum
542 2917 612 2980 crit.
652 2913 740 3000 Ergo
762 2917 789 2978 si
810 2912 934 2990 lumen,
962 2913 1052 3000 quod
1074 2917 1178 2980 estin
1199 2925 1247 2994 te,
1279 2929 1328 2984 te-

190 3011 322 3088 nebrae,
347 3023 438 3091 sunt,
468 3017 558 3102 ipsae
591 3012 745 3080 tenebrae
780 3017 938 3099 quantae?
995 3015 1064 3080 24.ι
1078 3015 1184 3081 Nemo
1217 3029 1327 3104 potest

177 3109 320 3179 'duobus
342 3112 480 3180 dominis
501 3118 637 3182 servire:
669 3123 723 3180 aut
744 3117 828 3178 enim
850 3113 936 3180 huuc
958 3114 1091 3182 habebit
1111 3114 1204 3198 odio,
1227 3127 1261 3184 et
1281 3119 1328 3186 al-

190 3225 293 3280 terum
314 3165 436 3301 diliget,
455 3225 510 3280 aut
530 3216 607 3280 huic
629 3212 827 3290 adhaerebit,
848 3225 880 3280 et
901 3213 1037 3290 alterum
1057 3216 1209 3305 negliget.
1247 3219 1325 3286 Non

189 3317 323 3402 potestis
343 3315 420 3381 Deo
441 3319 562 3381 servire
584 3325 616 3382 et
636 3315 844 3380 mammonae.

201 3548 206 3564 ι
273 3451 448 3533 LUC.'x1.
488 3469 540 3533 34.
562 3467 709 3534 Lucerna
728 3469 874 3551 corporis
895 3465 1083 3534 estoculust
1105 3489 1203 3557 quum
1225 3471 1324 3556 igitur

190 3566 305 3634 oculus
327 3579 400 3634 tuus
421 3565 518 3634 fuerit
539 3569 686 3653 simplex,
718 3576 820 3632 totum
841 3589 973 3656 quoque
995 3590 1113 3654 corpus
1133 3579 1223 3636 tuum
1246 3569 1326 3656 luci-

190 3668 266 3734 dum
287 3670 362 3734 erit:
395 3669 511 3754 quodsi
533 3667 635 3734 malus
656 3668 766 3743 fuerit,
802 3671 896 3732 etiam
919 3671 1044 3754 corpus
1058 3681 1147 3738 tuum
1167 3671 1326 3740 tenebro-

187 3789 258 3838 sum
280 3771 349 3836 erit.
391 3771 441 3838 35.-
463 3769 550 3835 Vide
573 3790 659 3854 ergo,
679 3790 722 3833 ne
739 3766 857 3846 lumen,
877 3769 965 3856 quod
979 3773 1012 3834 iu
1034 3781 1065 3834 te
1088 3779 1145 3848 cst,
1166 3771 1324 3838 tenebrae

187 3871 258 3936 sint.
299 3871 351 3937 36.
378 3869 413 3936 st
440 3891 517 3955 ergo
546 3891 663 3956 corpus
688 3881 776 3934 tuum
803 3882 903 3935 totum
931 3869 1029 3936 fuerit
1054 3869 1212 3969 lucidum,
1255 3893 1323 3938 non

188 3969 311 4036 hahens
332 3968 470 4056 aliquam
491 3981 613 4056 partem
634 3968 854 4048 tenebrosam,
885 3975 946 4036 erit
967 3969 1109 4036 lucidum
1132 3982 1252 4052 totum,
1289 3983 1322 4038 nt

187 4092 284 4155 quum
305 4069 438 4136 lucerna
459 4069 586 4156 fulgore
608 4069 765 4137 illuminat
791 4082 834 4137 te.
873 4073 959 4136 xvt.
996 4073 1046 4138 13.
1071 4071 1177 4136 Nemo
1209 4095 1320 4138 servus

187 4180 293 4254 potest
321 4167 451 4236 duobus
476 4169 614 4236 dominis
640 4176 776 4237 servire:
807 4182 865 4238 'aut
884 4161 1090 4238 enirnunutn
1114 4171 1194 4237 odiu
1224 4173 1319 4238 hahe-

184 4267 246 4346 bit,
273 4279 305 4334 et
326 4269 460 4336 alterum
483 4269 606 4356 diliget,
634 4284 687 4338 aut
714 4275 770 4338 uni
798 4271 999 4351 adhaerebit,
1032 4283 1065 4338 et
1085 4271 1221 4339 alterum
1244 4295 1318 4340 con·

183 4378 312 4436 temnet.
353 4369 429 4436 Nou
451 4374 585 4457 potestis
605 4361 825 4438 neusservtre
852 4385 884 4440 et
904 4389 1109 4441 mammonae.
1212 4394 1215 4400 ·
