2768 4834
182 178 255 297 ιιι
325 183 328 191 ’
361 235 363 242 ⁴
411 243 413 248 ·
639 177 865 308 saonem.

183 382 259 442 ciam
278 377 335 441 sibi
355 377 393 441 de
411 379 549 442 fratribus
574 379 704 460 appetit¹
735 375 816 439 Talis
841 389 885 438 est
904 377 934 438 lo
957 377 1039 438 notio
1060 377 1146 458 apud
1158 377 1322 455 iacobum,

83 469 109 490 ³
183 457 285 520 Nolite
304 456 403 538 plures
423 452 485 518 else
504 455 645 538 magistrl.
682 456 788 534 Neque
813 455 894 515 'enim
913 399 1015 516 fideles
1035 453 1181 515 absterret
1199 455 1248 516 vel
1269 478 1324 517 re-

113 591 118 600 ,
183 534 284 607 trabit,
303 555 342 594 ne
364 532 490 595 docendi
509 532 639 616 partibus
659 529 831 613 fungantur,
849 531 902 592 sed
920 528 1076 604 ambitiose
1097 543 1239 612 appetere
1261 533 1325 593 lro-

184 630 290 670 norem
308 621 398 670 vetat.
435 608 574 669 laetam
593 627 666 690 ergo
688 609 744 668 boc
764 608 834 668 loco
853 608 1028 676 tantundem
1047 606 1126 667 valet
1146 629 1179 668 ac
1200 610 1325 694 curiose
1378 637 1379 646 ι

184 685 336 765 inquirere
355 687 386 746 in
406 683 501 744 aliena
522 686 607 744 facta.
645 683 703 744 Hic
728 695 827 744 autem
846 683 965 746 morbus
987 683 1113 764 primum
1132 684 1325 763 iniquitatem

184 781 283 823 secum
296 772 449 852 perpetuo
470 761 573 836 trabit,
604 774 637 821 nt
657 760 721 822 leve
742 759 860 852 aliquod
887 761 1024 822 delictum
1044 780 1106 820 non
1126 781 1210 822 secus
1230 773 1326 843 atque

222 839 384 900 avissrmum
404 839 515 898 odmen
537 839 721 900 damnemus:
752 837 862 896 deinde
883 837 1010 918 erumpit
1028 837 1060 896 in
1080 857 1247 922 perversam
1268 861 1326 898 au-

113 947 123 972 .·
206 915 315 990 eciam,
334 927 368 975 ut
386 913 576 998 superqiliose
597 913 634 974 de
654 933 686 972 re
707 913 838 1004 qualibet
856 913 1002 974 sinistrum
1023 913 1149 974 feramus
1169 914 1327 990 iudicium,

185 991 300 1056 etiamsi
317 991 349 1052 in
368 991 477 1052 bonam
519 1002 612 1051 artem
633 989 725 1070 accipi
767 1001 871 1050 oterat.
908 990 1050 1050 Videmus
1069 1011 1159 1068 nunc,
1180 1011 1326 1071 quorsum
1378 1037 1379 1052 ι

84 1083 88 1091 “
184 1067 289 1128 tendat
306 1067 459 1128 consilium
481 1013 609 1142 dhrim,
638 1087 675 1124 ne
700 1010 812 1129 scilicet
835 1065 957 1126 nimium
983 1066 1098 1157 cupidi,
1130 1067 1176 1127 vel
1197 1069 1326 1144 morosi,

183 1143 235 1204 vel
252 1143 374 1226 maligni
392 1143 499 1217 simus,
524 1142 572 1203 vel
598 1143 685 1202 etiam
705 1141 813 1202 curiosi
832 1143 862 1202 in
883 1143 1044 1202 iudicandis
1070 1143 1217 1223 proximis.
1259 1143 1328 1219 Qui

95 1271 98 1286 ,
186 1230 285 1280 autem
303 1221 414 1282 iudicat
433 1219 581 1280 exVerbo
603 1231 633 1279 et
651 1217 733 1300 Lege
748 1219 882 1294 Domini,
900 1230 933 1278 et
951 1219 1091 1280 iudicium
1109 1241 1193 1280 suurn
1214 1222 1251 1282 ad
1271 1241 1325 1282 ca·
1378 1227 1379 1238 ¹

45 1291 48 1303 '
186 1297 281 1358 ritatis
301 1297 433 1382 regulam
448 1296 558 1378 'exigit,
590 1315 708 1375 semper
727 1316 744 1354 a
763 1317 794 1355 se
814 1295 823 1354 i
846 1316 879 1354 so
900 1295 1015 1354 initium
1035 1316 1175 1371 censurae
1196 1297 1323 1374 faciens,

79 1409 87 1440 ,-
185 1363 236 1433 ille
262 1383 375 1434 rectum
402 1372 549 1433 iudicandi
575 1372 695 1431 modum
720 1381 751 1431 ct
776 1317 910 1432 ominem
935 1383 1040 1431 servat.
1079 1373 1167 1431 Unde
1188 1387 1326 1465 apparet,

110 1509 114 1529 ,
187 1469 273 1529 quam
317 1469 450 1542 erperam
468 1450 527 1510 boc
546 1447 717 1508 testimonio
737 1446 911 1521 abutantur,
942 1448 992 1528 qui
1018 1448 1078 1508 eins
1098 1449 1326 1526 moderationis,

187 1545 274 1606 quam
288 1470 422 1588 dhrrstus
432 1526 629 1599 commendat,
648 1534 803 1605 praetextu
822 1545 911 1584 omne
931 1523 1005 1584 boni
1026 1535 1056 1585 et
1074 1524 1143 1584 mali
1164 1526 1325 1588 discrimen

187 1623 205 1662 e
231 1604 330 1664 medio
355 1602 461 1666 tollere
486 1613 638 1680 cuperent.
688 1599 780 1680 Atqui
810 1611 930 1680 peccata
959 1601 1059 1662 omnia
1087 1602 1227 1664 damnare
1260 1625 1327 1664 non

186 1680 278 1740 modo
297 1678 385 1740 nobis
404 1677 488 1752 licet,
527 1675 579 1736 sed
607 1675 694 1736 etiam
725 1696 845 1736 necesse
866 1688 924 1750 est,
963 1677 1019 1737 nisi
1037 1673 1157 1739 velimus
1177 1679 1246 1755 Deo
1267 1681 1327 1760 ipsi

18 1787 21 1801 ι
114 1807 127 1842 ,
188 1755 373 1846 obstrepere,
392 1753 451 1814 imo
473 1754 534 1814 eius
546 1752 627 1845 leges
638 1752 794 1833 abrogare,
813 1752 980 1814 rescindere
1000 1753 1117 1827 iudicia,
1137 1767 1169 1814 et
1188 1769 1325 1818 evertere

188 1830 250 1891 eius
268 1829 420 1890 tribunal:
444 1829 517 1888 Vult
536 1849 614 1888 enam
635 1829 712 1904 eius,
742 1849 828 1908 quam
849 1830 885 1889 de
906 1821 1057 1889 bominum
1083 1830 1166 1892 factis
1187 1854 1325 1912 pronun-

186 1907 252 1982 tiat,
271 1907 437 1966 sententiae
457 1925 511 1966 nos
533 1925 595 1965 esse
615 1909 793 1985 praecones:
814 1917 926 1984 tantum
948 1921 981 1966 e'a
1001 1907 1145 1968 modestia
1165 1909 1321 1972 internos

139 1997 142 2005 '
188 1983 314 2044 colenda
334 1994 393 2057 est,
413 1993 446 2042 ut
464 1982 527 2062 ipse
547 1982 649 2042 unicus
669 1994 788 2042 maneat
805 1981 973 2063 Legislator
993 1995 1023 2043 et
1041 1983 1140 2044 luder.
1179 1985 1228 2045 Ne
1245 1985 1326 2046 iadi-

102 2113 106 2122 .
187 2062 299 2120 camini.
338 2059 470 2118 Poenam
491 2058 645 2118 denuntiat
664 2057 765 2139 rigidis
784 2057 1052 2136 istisscensoribus,
1083 2061 1133 2140 qui
1160 2071 1324 2143 tantopere

188 2135 315 2196 aliorum
334 2134 403 2194 vitia
425 2146 558 2195 excutere
578 2135 735 2194 affectant:
757 2133 885 2194 futurum
905 2135 1034 2211 scilicet,
1053 2148 1087 2196 nt
1105 2137 1199 2197 nihilo
1220 2139 1323 2202 huma·
1378 2169 1379 2180 ι

188 2211 254 2272 nius
274 2211 393 2272 abaliis
414 2222 592 2285 tractentur,
620 2211 676 2270 sed
701 2210 825 2270 vicissim
852 2212 977 2271 eundem
1002 2211 1032 2271 in
1053 2213 1128 2274 seri
1150 2234 1233 2276 orem
1253 2238 1324 2278 sen-

161 2325 163 2330 *
187 2287 281 2364 tiant,
301 2308 387 2369 quem
408 2288 594 2348 exercuerint
613 2297 717 2366 contra
737 2287 820 2349 alios.
861 2288 903 2346 Ut
922 2288 996 2347 nihil
1016 2288 1104 2364 nobis
1123 2233 1200 2352 fama
1219 2305 1325 2354 nostra

189 2365 282 2426 carius
312 2377 356 2426 est
379 2365 426 2427 vel
452 2365 623 2448 pretiosius,
654 2363 694 2424 ita
719 2363 784 2444 plus
805 2381 891 2444 quam
910 2364 1050 2425 acerbum
1075 2377 1119 2428 est
1137 2367 1268 2429 damnari
1289 2392 1324 2431 ae

189 2441 295 2502 subiici
321 2442 472 2502 bominum
498 2441 615 2521 probris
641 2452 672 2500 et
697 2439 843 2500 infamiae.
882 2441 974 2521 Atqui
999 2453 1098 2505 nostra
1123 2443 1210 2525 culpa
1233 2446 1324 2508 nobis

189 2519 360 2579 arcessimus
387 2519 443 2579 hoc
469 2519 581 2611 ipsum,
620 2537 636 2578 a
663 2538 722 2597 quo
745 2527 904 2597 tantopere
928 2527 1032 2578 natura
1051 2531 1152 2580 nostra
1172 2520 1325 2584 abhorret.

191 2595 310 2669 Quotus
338 2597 416 2655 enim
442 2615 564 2674 quasque
585 2604 646 2669 est,
676 2593 727 2673 qui
752 2615 814 2656 non
841 2593 950 2654 acutius
976 2594 1118 2674 disquirat
1143 2597 1174 2656 in
1198 2598 1326 2660 aliorum

189 2671 375 2752 factaqnam
403 2670 537 2752 parsit?
578 2670 628 2750 qui
653 2690 716 2730 non
742 2669 841 2732 durius
866 2683 1036 2731 succenseat
1058 2669 1171 2734 levibus
1191 2675 1327 2738 delictis?
1378 2741 1379 2746 χ

127 2799 128 2806 ,
161 2749 241 2832 ‚qui
262 2770 324 2808 non
344 2747 488 2826 morosius
508 2729 668 2826 improbel,
688 2747 767 2826 quod
789 2765 893 2826 perse
913 2747 1041 2807 medium
1061 2751 1143 2810 erat?
1181 2751 1250 2812 lloc
1271 2775 1325 2814 au·
1378 2751 1379 2754 ’

187 2835 248 2885 tem
291 2823 340 2884 uid
359 2823 437 2882 aliud
458 2834 517 2898 est,
557 2843 642 2901 quam
662 2823 759 2882 Deum
805 2823 866 2882 uasi
892 2823 958 2884 data
984 2845 1075 2906 opera
1100 2831 1325 2906 provocarein

188 2921 244 2960 nos
263 2846 401 2972 uiltorem,
421 2910 454 2957 ut
472 2898 553 2978 paria
573 2899 735 2978 rependat?
775 2843 906 2962 damasi
926 2911 1023 2962 autem
1044 2902 1102 2966 boc
1122 2903 1156 2963 fit
1173 2904 1250 2966 iusta
1262 2907 1324 2969 Dei

172 2975 337 3052 'viqdicta,
366 2987 399 3036 ut
417 2975 541 3035 vicissim
561 2973 728 3054 plectautirr
754 2975 803 3054 qui
824 2976 897 3038 alios
917 2977 1097 3056 iudicarunt,
1121 2979 1204 3041 banc
1224 2995 1325 3044 tamen

190 3072 320 3132 poenam
339 3051 487 3111 Dominus
506 3072 560 3131 per
580 3051 712 3113 homines
733 3053 908 3130 exsequitur.
947 3055 1021 3116 Nam
1043 3055 1122 3135 quod
1143 3057 1326 3140 Cbr'ysosto-

187 3149 252 3188 mus
281 3140 312 3188 et
336 3127 385 3187 alii
411 3127 527 3206 quidam
555 3128 591 3186 ad
618 3129 744 3188 futuram
769 3130 858 3189 vitam
877 3131 1074 3214 restringunt,
1091 3157 1095 3175 ·
1114 3147 1251 3196 eoactum
1272 3151 1326 3200 est.

192 3203 451 3278 Quemadmodum
472 3205 550 3264 enim
563 3205 691 3264 minatur
704 3205 810 3266 losaias
830 3207 960 3286 (33,1.),
979 3210 1105 3288 praedae
1126 3210 1256 3290 futuros,
1273 3217 1326 3295 qui

80 3325 85 3340 .
187 3279 262 3341 alios
281 3281 413 3364 praedati
433 3280 559 3358 fuerint,
579 3282 618 3340 ita
638 3281 779 3364 intelligit
799 3281 949 3356 Christus,
976 3306 1037 3346 non
1058 3283 1162 3346 defore
1181 3290 1326 3368 vindices,

150 3389 153 3395 ·
190 3357 241 3435 qui
260 3357 395 3418 homines
415 3358 532 3441 iniquos
559 3369 589 3418 et
613 3357 771 3419 maledicos
797 3358 883 3418 simili
902 3360 1060 3423 virulentia
1079 3361 1125 3426 vel
1145 3365 1248 3446 rigore
1267 3389 1325 3447 pu.

188 3431 280 3492 niant.
322 3434 438 3509 Quodsi
458 3435 613 3495 cessabunt
629 3435 777 3512 bomines,
795 3447 829 3494 ut
843 3457 974 3528 poenam
993 3438 1139 3520 effugiant
1157 3441 1189 3501 in
1201 3445 1325 3521 mundo,

189 3509 240 3589 qui
261 3511 431 3571 damnandis
452 3511 590 3572 fratribus
610 3511 695 3572 nimis
716 3512 821 3592 cupide
842 3515 949 3574 intenti
970 3515 1103 3591 fuerunt,
1132 3538 1195 3580 non
1220 3533 1323 3582 tamen
1378 3525 1379 3548 ³

188 3575 337 3669 effugient
355 3586 492 3648 iudicium
511 3587 579 3648 Dei.
618 3588 706 3670 Apud
730 3590 840 3652 Lucam
865 3613 880 3650 a
903 3590 1026 3689 ponitdr
1045 3594 1132 3656 etiam
1152 3598 1324 3685 promissio,

149 3723 152 3730 ,
186 3661 333 3724 Remitta'te
351 3679 379 3725 et
395 3669 552 3726 condimur
569 3663 662 3741 nodis,
675 3663 679 3696 ¹
694 3665 775 3727 Date
797 3681 824 3725 et
899 3685 958 3728 rtur·
981 3669 1075 3734 vodis:
1113 3671 1195 3733 eurus
1220 3694 1323 3736 sensus
1378 3675 1379 3714 Ὗ

111 3785 118 3796 .
188 3750 248 3816 est,
286 3741 430 3803 facturum
450 3761 512 3826 esse
533 3741 711 3817 Dominum,
748 3754 782 3802 ut
809 3745 914 3824 quise
940 3747 1073 3824 facilem,
1113 3748 1271 3811 burianum
1293 3765 1324 3813 et
1378 3811 1379 3816 ,

187 3835 312 3898 aequum
334 3818 505 3899 praebuerit
517 3816 676 3894 fratribus,
706 3821 828 3880 eandem
853 3823 961 3883 sentiat
986 3845 1056 3906 erga
1081 3845 1112 3886 se
1133 3825 1322 3889 clementiam
1378 3867 1379 3870 =

187 3893 329 3968 aliorum,
368 3906 401 3953 ut
425 3893 494 3953 beni
520 3915 555 3954 ne
583 3906 614 3953 et
638 3895 731 3956 antire
758 3897 794 3955 ab
820 3899 888 3976 ipsis
914 3911 1064 3962 tractetur.
1111 3901 1204 3976 Quod
1223 3918 1322 3966 autern

188 3991 277 4049 saepe
298 3969 460 4054 contingit,
521 3971 556 4030 iis
574 3968 635 4031 Dei
652 3973 806 4052 pessimam
825 3975 949 4054 rependi
969 3978 1152 4053 mercedem,
1172 3989 1207 4038 ut
1224 3981 1323 4043 multis

187 4045 302 4135 iniustis
322 4049 474 4107 calumniis
493 4059 673 4138 premantur,
693 4071 781 4130 quum
801 4061 898 4112 tamen
919 4053 1025 4114 nullius
1046 4055 1151 4114 famam
1171 4057 1322 4134 laeserint,

190 4141 250 4178 amo
276 4124 467 4203 pepercerint
491 4129 612 4184 fratrum
636 4125 729 4202 vitiis,
768 4149 833 4188 cum
858 4131 912 4191 bac
940 4131 1051 4192 Christi
1079 4133 1228 4194 sententia
1259 4157 1322 4195 non

186 4211 314 4286 pugnat:
335 4221 402 4260 nam
421 4201 495 4280 quae
517 4203 552 4262 ad
573 4215 757 4283 praesentem
777 4205 867 4266 vitam
887 4217 1021 4288 spectant
1031 4210 1255 4288 promissiones,
1272 4217 1324 4272 'eas

188 4293 293 4334 scunus
313 4296 374 4334 non
396 4297 457 4337 esse
477 4291 644 4358 perpetuas,
664 4301 720 4341 nec
741 4283 916 4362 exceptione
928 4303 1038 4344 carere.
1058 4285 1176 4354 Deinde
1189 4289 1321 4368 quamvis

123 4389 127 4406 .
188 4349 333 4412 Dominus
360 4353 396 4412 ad
421 4364 535 4434 tempus
561 4356 761 4418 innocentiam
785 4381 904 4422 suorum
929 4361 1058 4442 indigno,
1078 4364 1172 4442 premi
1198 4377 1230 4426 et
1250 4387 1321 4447 pro.
1345 4414 1348 4424 .

585 4617 600 4644 Ι
