2790 4838
266 39 277 72 b

291 293 355 372 (93·
382 289 462 366 „Cui
481 287 648 352 assimilabo
667 293 892 375 generationem
911 239 1041 378 barinis>¹
1177 291 1242 374 m·

95 462 168 504 vere
192 442 312 504 deuon
337 441 438 526 subigi
462 431 596 505 linmlnes
617 445 653 504 atl
673 445 868 526 credendum,
896 449 1064 512 ulil'car'llls
1083 455 1170 512 sensu
1185 455 1234 516 'sal-

95 537 213 582 cessere
234 521 315 580 tuno
335 531 477 596 sumunt,
498 520 570 581 nibil
589 521 644 582 nisi
663 535 778 584 rectum
798 545 843 587 ac*
870 527 1012 588 brunsh
1025 527 1090 610 ipso
1103 525 1240 610 prob'drrn,¹

93 619 152 658 nec
178 596 242 656 eius
265 595 365 657 verbo
385 593 434 657 vel
459 595 600 678 operibns
625 598 800 694 obstrepere
823 547 879 663 sili
904 605 1087 693 permittent.
1125 607 1234 684 Bape-

90 679 161 734 zorit
208 673 356 756 intelligit
380 674 473 735 Lucas
498 674 628 748 lrncnrm
650 677 802 758 baptismi,
854 701 921 740 nem
941 683 1234 763 acceperanl,'lunc

91 751 238 812 exstitisse
286 751 355 832 quia
375 748 466 844 luerit
485 751 541 812 illis
561 752 599 812 ad
617 755 817 834 recipiendam
886 757 1134 820 ristirdoctrinam
1154 759 1234 823 utilis

89 849 168 964 tlt:
181 827 1234 974 tuteli,ltstliltlitttdttlaltd:blitildis

112 1001 209 1042 sessus
231 981 367 1057 deducit,
392 981 482 1042 sicuti
497 981 611 1042 scribae
631 985 750 1044 loannis
771 986 945 1068 baptismum
965 933 1243 1069 spernentem'p'stbt’

89 1002 162 1118 filei
194 1059 313 1116 ianuam
334 1059 545 1140 suasuperbia
561 1061 789 1145 praecluserant.
827 1063 910 1151 Ergo
929 1044 1162 1147 succipiens-ad
1182 1086 1233 1131 su-

88 1133 180 1194 lidam
221 1134 420 1195 erfectiouertl
438 1137 654 1212 conscendere,
673 1137 770 1218 prim'o
791 1139 1090 1216 cavendnm'cst„'be
1102 1141 1162 1206 ‘tel
1174 1145 1233 1203 bri-

89 1211 187 1288 nirnas
240 1211 268 1270 ei
288 1211 510 1274 invitationem
533 1217 748 1289 eruentus,·sed
767 1215 918 1276 humililer
936 1217 1030 1302 parati
1046 1217 1242 1280 simus='ir'rci-''

89 1309 164 1368 pere
199 1310 216 1348 a
242 1289 361 1350 mirrutis
386 1235 549 1350 elementls.
609 1290 748 1352 Secundo
775 1293 869 1352 danda
896 1305 939 1354 est
966 1293 1074 1372 opent',
1104 1295 1243 1358 ut'lides‘
1276 1313 1283 1328 ¹

90 1377 212 1439 nostra,
244 1366 268 1424 si
294 1365 440 1426 infirmum
461 1367 612 1428 exorditur
630 1367 782 1445 babuerit,
810 1367 903 1452 nlagis
924 1371 1071 1454 ac'magis
1089 1371 1242 1453 gaidatim'

89 1443 241 1522 proficiat.
574 1499 583 1510 ,
833 1448 837 1471 ⁸
881 1447 883 1452 '
980 1511 982 1519 Α
1119 1459 1126 1486 ¹
1211 1471 1214 1476 ·

167 1525 217 1586 3⁰·
260 1519 418 1580 Consilium
435 1521 498 1583 Dei
515 1535 681 1598 spreverunt
698 1527 731 1583 in
749 1543 780 1583 se
797 1525 878 1600 ipsis.
919 1521 1085 1586 Consilium
1098 1519 1161 1588 Det
1177 1526 1233 1586 bo'-

91 1597 175 1656 norb
195 1617 283 1656 causa
303 1598 395 1677 impio
414 1599 576 1659 scribarum
595 1599 683 1660 fastui
704 1615 744 1682 op
767 1597 1018 1662 oniiurt'nanl'irl
1039 1600 1162 1678 consilii
1175 1622 1233 1661 no-

89 1674 173 1733 mine
192 1671 296 1733 subest
315 1673 469 1758 dignitas,··
494 1695 549 1736 uae
571 1676 736 1737 doctrinam
780 1679 806 1736 ei
827 1675 864 1737 'ab
887 1677 1038 1737 bominum
1059 1675 1239 1761 contemptu*

90 1751 233 1810 vindicat.
275 1697 494 1814 Caeterumad
518 1753 643 1814 verbum
662 1754 734 1814 dicit
752 1751 861 1830 Lucas,
891 1759 1031 1832 mersisse
1048 1758 1080 1815 in
1098 1773 1129 1818 se
1146 1759 1242 1834 ipses!

89 1828 156 1887 Nec
181 1845 256 1887 vero
277 1847 365 1920 quem
385 1828 433 1890 alii
452 1847 569 1890 sennem
589 1829 681 1914 magis
693 1831 835 1912 probant
850 1831 969 1907 reiiclo',
999 1831 1080 1923 quod
1100 1832 1131 1890 in
1151 1835 1243 1892 suutn'

89 1903 100 1961 i
136 1923 225 1964 orum
257 1903 376 1964 entium
399 1905 526 1968 rebelles
551 1908 677 1982 suerint,
715 1909 767 1968 sed
793 1909 1008 1990 quia'·slmplex
1025 1917 1079 1984 'est
1101 1907 1242 1969 narratu

114 2001 203 2054 unae,
223 1992 255 2040 et
274 1982 456 2118 praepositio
477 1997 515 2054 εις
533 2005 589 2064 pro
610 1995 642 2048 tr
660 1983 785 2044 subinde
801 1985 925 2078 cipitur,
944 1983 1235 2069 reddere·malul,1irr

89 2079 121 2118 oe
138 2062 231 2134 ipsias
263 2058 322 2117 acsi
363 2059 471 2135 iceret,
501 2061 797 2144 quamvispalamet
818 2061 926 2122 deserte
945 2071 1009 2120 non
1029 2060 1234 2141 reclamarent,

90 2145 123 2194 nt
142 2145 245 2194 tamen
267 2135 386 2195 occulto
407 2135 481 2196 fastu
501 2138 646 2206 intuetur
687 2137 866 2216 bant'apnd
886 2152 917 2196 se
938 2137 947 2196 i
970 2155 1017 2196 sos
1038 2137 1190 2218 sprevisse.
1237 2156 1241 2166 ·

168 2218 217 2276 31.
264 2212 320 2270 Gur·
342 2230 413 2286 ergo
438 2214 620 2273 murmano:
681 2226 722 2270 on
748 2209 930 2291 compreben
952 2223 976 2271 rt
1001 2209 1235 2272 omnesactatis

90 2307 162 2348 suae
188 2288 339 2363 homines,
368 2288 420 2347 sed
444 2290 481 2347 de
505 2285 610 2347 scribis
636 2281 797 2376 eorumque
817 2287 933 2348 asseclis
952 2289 1075 2368 proprie
1095 2288 1124 2347 lo
1169 2288 1235 2348 'tun

90 2363 263 2446 Exprobrat
282 2361 572 2443 autemillii‘quud‘
630 2381 679 2422 um
697 2363 783 2424 vareis
802 2361 1057 2424 modlsDominus
1074 2375 1158 2428 tenta
1179 2363 1242 2426 erit

93 2461 146 2502 eos
171 2435 266 2500 ad'se
291 2439 425 2516 allicere,
458 2379 816 2500 inflexibilrucontumacia
831 2437 898 2498 'elus
918 2440 1235 2522 gratiam‘repulerirtt

92 2519 206 2578 Verum
238 2516 428 2578 similitudine
458 2516 565 2591 uunr,
605 2535 691 2594 quam
720 2535 756 2574 ex
784 2513 905 2618 sulpiti,
929 2521 1090 2594 puerorum
1118 2513 1245 2576 ludicro'

92 2606 242 2688 sumptam
266 2581 331 2654 esde
359 2591 507 2674 credibile,
528 2599 587 2672 esta
619 2600 659 2650 ne
702 2611 719 2649 c
745 2591 824 2650 enim
847 2609 919 2652 vero
946 2589 1085 2650 absimilis
1112 2601 1157 2650 est
1181 2591 1238 2651 ista

93 2682 278 2742 mmeetura,
298 2672 378 2760 qnod
399 2670 484 2752 pueri
503 2668 633 2730 alternos
654 2689 670 2727 c
693 2683 762 2728 oros
781 2678 903 2750 agentes
923 2665 964 2725 ita
985 2665 1158 2728 cecinerint.
1195 2663 1237 2746 Et

114 2749 215 2808 uidem
238 2747 387 2821 existumo,
420 2745 568 2808 Christum
590 2745 657 2804 data
676 2763 786 2826 opera,
814 2753 847 2801 ut
866 2740 1026 2804 scribarum
1047 2741 1236 2824 supercilium

94 2771 246 2897 deiicerit,
264 2845 281 2882 a
301 2823 401 2904 pueris
420 2817 699 2901 mutu'o'sumpaisse
719 2817 1237 2904 obiurgationismateriam,sigdi-

93 2903 201 2975 beans,
231 2900 416 2980 quantumvis
440 2900 606 2976 emineant,
637 2896 673 2957 ad
699 2917 751 2957 eos
776 2908 876 2957 tamen
900 2895 1083 2958 damnandus
1107 2911 1238 2974 carmen,

92 2980 177 3060 qnod
196 2978 229 3036 in
249 2977 319 3038 loro
339 2976 493 3038 cantillam
510 2971 665 3036 ludibundi
685 2974 781 3055 pueri,
795 2971 946 3033 'suilieere
1044 3009 1049 3020 ι
1157 2969 1183 2999 ’·

170 3060 221 3120 33
262 3051 447 3113 Venerantur
464 3051 599 3112 [ommes.
630 3051 698 3125 llic,
719 3067 808 3130 quum
828 3049 887 3110 rita
907 3061 1022 3110 austera
1041 3062 1130 3126 esset,
1149 3057 1237 3110 tona·

92 3143 141 3194 ret
165 3131 397 3211 poenitentiam¹
411 3142 443 3190 et
460 3149 575 3192 severas
594 3127 856 3208 reprehensiones,
886 3127 969 3208 quasi
989 3125 1146 3210 lugubrem
1166 3142 1237 3187 can·-

94 3222 157 3270 tum
185 3206 303 3268 cecinit.
344 3206 493 3268 Dominus
518 3217 625 3267 autent·
641 3205 706 3284 ipse
730 3225 794 3265 non
819 3223 902 3264 secus
931 3223 965 3263 ac
990 3201 1074 3265 laeto·
1095 3215 1126 3264 et
1150 3201 1238 3263 bilarl

96 3296 186 3348 unta
205 3283 342 3344 blandius
363 3303 414 3344 eos
434 3284 471 3344 ad
483 3283 602 3351 Patrem
614 3279 735 3342 illicere
753 3281 873 3342 studuit
904 3279 998 3354 Quod
1017 3277 1247 3361 neuteo·modo'

95 3361 255 3452 quicquum
274 3360 444 3440 proiectum
465 3371 519 3437 est,
539 3359 609 3440 quid
629 3377 733 3420 causae
753 3357 810 3418 luit
825 3367 947 3438 praeter
960 3351 1240 3448 febream'ipsortlm

118 3438 313 3499 efficaciam?
342 3437 500 3498 Caeterum
520 3437 610 3498 docet
630 3435 675 3496 bie
696 3434 788 3510 locus,
809 3445 997 3501 certantum
1007 3445 1145 3494 externae
1158 3443 1240 3494 ‘miae

119 3515 257 3576 'serimen
278 3511 368 3575 luerit
386 3515 465 3574 inter
479 3513 628 3576 Christum
649 3512 857 3594 etbaptistam,
878 3511 928 3590 qui
947 3521 1046 3572 tamen
1065 3511 1146 3573 idem
1159 3525 1238 3590 age-

95 3593 185 3652 bant:
206 3611 315 3684 nempe
336 3591 389 3652 bac
409 3591 551 3654 varietate
570 3589 666 3651 voluit
674 3588 832 3664 Dominus,
852 3587 934 3668 quasi
955 3587 1080 3649 ffirersas
1095 3595 1239 3666 personas
1336 3607 1339 3616 ¹

89 3667 251 3742 ¹indueret,
276 3666 448 3731 rncrednlos
473 3667 565 3752 magis
591 3666 786 3741 convincere,
817 3663 898 3745 qnod
917 3684 981 3726 sese
1000 3661 1064 3744 ipse
1084 3661 1240 3720 inflectens

96 3757 129 3805 et
148 3745 361 3806 transformans
381 3745 418 3806 ad
439 3764 542 3806 eorum
561 3762 660 3804 mores
681 3763 743 3802 non
763 3754 863 3803 tamen
884 3758 935 3801 eos
955 3737 1078 3800 flexerit.
1120 3735 1239 3811 Quodsi

97 3821 176 3882 illins
202 3821 312 3882 saeculi
336 3821 504 3882 bominibus
529 3820 667 3882 adimitur
691 3819 785 3880 omnis
811 3817 976 3893 excusatio,
1014 3814 1065 3896 qni
1090 3810 1239 3903 duplicem

97 3897 158 3958 Dei
181 3897 388 3960 invitationem
415 3899 580 3980 praefracta
605 3896 715 3958 malitia
739 3895 929 3977 repulerunt,
968 3911 1023 3982 nos
1054 3907 1175 3971 quoque
1206 3907 1239 3947 rn

100 3995 204 4034 eornm
223 3995 353 4056 persona
371 3977 416 4038 rei
431 3977 613 4058 peragimur:
640 3973 760 4053 quando
779 3972 892 4032 nullum
910 3968 1058 4031 melodiae
1100 3979 1172 4027 urna
1192 3965 1250 4028 vel·

97 4051 188 4113 tristis
208 4073 243 4112 ac
263 4053 356 4114 severi
376 4053 511 4115 carminis
530 4053 612 4114 Deua
632 4050 757 4128 omittit,
784 4071 844 4130 quo
863 4067 919 4109 nos
938 4047 975 4108 ad
995 4065 1026 4104 se
1045 4055 1089 4103 tra
1112 4053 1157 4118 at,
1183 4056 1240 4101 nos

98 4145 172 4190 vero
191 4130 270 4188 saxei
289 4129 423 4200 iacemus.
452 4129 684 4191 Daemonium
702 4127 846 4187 loannem
866 4123 1024 4198 vocabant,
1042 4119 1128 4184 sicuti
1146 4117 1250 4212 uulgo¹

98 4205 177 4266 rnalc
201 4225 290 4266 sanae
314 4207 420 4268 mentis
443 4207 592 4286 beminen,
620 4203 669 4266 vel
695 4201 821 4265 cerebro
847 4201 942 4262 minus
966 4198 1045 4261 bene
1071 4193 1240 4278 composui,

225 4283 277 4344 tici
294 4295 447 4345 vocantur.
831 4295 856 4310 ‘·
1243 4343 1247 4354 .

99 4282 226 4424 mils-
261 4356 457 4422 Venerius
466 4356 597 4424 dominu.
609 4397 614 4406 Δ
627 4355 726 4420 Edere
744 4372 771 4419 et
787 4353 881 4417 bibere
900 4355 958 4415 boc
977 4351 1047 4414 loco
1066 4349 1240 4412 tantundem

102 4435 183 4499 valet
201 4445 289 4516 atque
307 4437 476 4520 promiscuo
495 4458 580 4501 more
600 4435 712 4500 vivere:
745 4434 830 4498 sicuti
850 4433 994 4496 Ioannem
1016 4429 1148 4518 Cbrisncs
1169 4423 1240 4484 dicit
