2768 4834
405 279 468 356 (37.
488 277 570 340 Iesus
590 277 663 362 legit
680 277 864 360 discipulos.)
1138 283 1197 348 123
1258 227 1264 234 1

53 433 148 496 salutis
167 455 215 492 aaa
266 432 413 495 itndinem
434 455 479 494 am
502 433 600 494 lilicat.
633 432 766 508 Galilaea
786 433 912 494 inferior
930 441 1034 494 vocata
1044 429 1101 492 luit
1110 432 1196 494 Gen-

55 515 121 572 tium
148 511 220 572 Gali
236 531 306 585 aea,
338 530 403 570 non
428 453 518 570 modo
538 521 663 591 propter
680 508 817 571 viciniam
836 509 910 591 Tyri
930 521 961 570 et
981 509 1118 583 Sidonis,
1145 512 1196 571 sed

54 592 115 668 qnia
158 591 308 648 ermixtae
331 585 393 648 illie
414 599 497 647 eraut
516 587 631 648 ludaeis
652 586 782 662 Gentes,
807 588 980 668 praesertim
1000 607 1034 648 ex
1054 605 1114 668 quo
1132 586 1197 668 Da7

54 669 96 728 sid
117 611 242 745 alequot
261 653 352 724 urbes
372 665 438 747 regi
458 663 560 724 Hiram
581 675 774 724 concesserat

92 899 176 975 (37.)
215 895 459 962 Matutam.
491 893 541 960 18.
563 891 741 959 Ambulans
762 898 866 959 autem
891 895 979 962 lesus
1000 897 1087 962 ituta
1108 919 1199 963 mare

56 999 231 1064 Galilaeae
254 995 338 1062 vidit
360 997 442 1062 duos
463 994 587 1072 fratres,
607 995 769 1061 Simonem
792 999 985 1082 cognomine
1007 999 1145 1078 Petrum,
1167 1011 1202 1064 et

55 1102 221 1168 Andream
254 1099 386 1164 ltatrom
415 1101 498 1175 eius,
532 1099 687 1164 iacientes
714 1107 783 1161 rete
811 1101 844 1164 in
872 1119 973 1165 mare:
1005 1121 1078 1166 nam
1107 1110 1201 1167 erant

56 1208 248 1290 piscatores.
294 1201 344 1266 19.
371 1199 412 1264 Et
434 1196 513 1262 dicit
534 1196 613 1276 illis,
646 1197 832 1283 Sequaruini
854 1219 920 1278 me,
950 1199 1115 1268 etfaciam
1140 1224 1200 1269 vos

56 1309 238 1390 p'ucatores
259 1301 433 1366 bominum.
480 1301 532 1372 20.
566 1300 608 1362 At
629 1295 678 1362 illi
699 1295 820 1360 relictis
841 1295 909 1362 illic
930 1299 1052 1367 retibus
1072 1306 1202 1390 sequuti

57 1416 127 1470 tunt
150 1426 241 1470 eum.
283 1402 335 1468 21.
357 1403 399 1466 Et
421 1421 610 1488 progressus
631 1395 736 1474 illinc,
766 1395 847 1464 vidit
869 1396 951 1466 alios
974 1399 1057 1468 duos
1078 1403 1201 1482 fratres,

59 1505 215 1572 Iacobum
244 1501 348 1568 lilium
379 1500 560 1580 Zebedaei,
592 1509 625 1564 ct
647 1498 805 1587 ,loannem
828 1498 957 1566 fratrem
980 1505 1050 1570 eius
1070 1506 1105 1570 in
1126 1507 1202 1570 navi

60 1629 127 1672 cnm
158 1603 341 1670 zebedaeo
369 1613 460 1688 patre
486 1624 562 1678 suo,
600 1600 776 1664 sarcientes
801 1604 882 1666 retia
908 1621 981 1672 sua:
1021 1614 1054 1670 et
1074 1607 1204 1672 vocavit

61 1730 124 1774 eos
174 1709 229 1772 22
262 1704 314 1769 1111
342 1715 448 1770 autem
476 1705 622 1789 protinus
648 1697 761 1792 relicta
786 1706 861 1768 navi
890 1714 922 1769 et
947 1715 1038 1793 patre
1064 1729 1126 1774 sno
1153 1731 1203 1776 ae.

61 1811 151 1896 qunti
179 1816 257 1873 sunt
286 1827 369 1872 eum.
415 1805 467 1868 23.
497 1803 539 1900 lit
565 1797 752 1866 circumibat
778 1812 877 1868 totam
906 1805 1086 1874 Galilaeam
1105 1811 1204 1892 lesus,

64 1911 188 1976 docens
227 1911 262 1972 in
300 1907 474 1994 synagogis
506 1901 655 1980 illorum,
696 1920 734 1964 ao
769 1903 959 1986 praedicans
990 1910 1203 1998 Evangelium

63 2013 185 2096 Regni,
219 2019 251 2074 et
273 2027 393 2074 sanans
414 2027 541 2072 omnem
563 1999 726 2081 morbum,
754 2015 786 2068 ct
807 2028 935 2076 omnem
958 2009 1147 2097 languorem
1168 2019 1204 2082 iu

64 2111 197 2199 populo.
239 2110 295 2176 24„
315 2109 357 2172 Et
377 2111 518 2172 manavit
538 2105 619 2170 lama
640 2101 728 2168 illius
748 2105 782 2169 in
805 2116 902 2176 totam
924 2111 1066 2198 Syriam:
1093 2126 1126 2184 et
1147 2118 1204 2185 ad·

66 2211 230 2278 ducebant
259 2209 300 2274 ad
328 2207 419 2274 illum
435 2228 562 2276 ’omues
591 2202 674 2269 male
701 2203 859 2278 habentes
878 2215 981 2279 variis‘
997 2217 1135 2297 morbis,
1167 2241 1205 2286 ao

66 2311 258 2380 torminibus
280 2303 485 2392 constrictos,
517 2321 549 2376 et
569 2308 815 2394 daemoniacos,
848 2323 887 2380 et.
901 2313 1075 2396 lunatico„
1097 2327 1129 2384 et
1148 2343 1208 2408 Pa:

67 2415 233 2500 ralyticos
254 2410 456 2499 sanabatquc
477 2412 562 2479 illos.
595 2417 647 2480 25.
669 2419 711 2483 Et
731 2424 887 2502 sequutae
909 2425 983 2482 sunt
1004 2419 1205 2486 eumturhae

69 2517 183 2581 multae
207 2537 226 2580 a
247 2513 413 2592 Galilaea,
435 2525 466 2579 et
488 2515 667 2604 Decapoli,
688 2527 721 2584 et
742 2516 997 2603 Hierosolymis,
1019 2528 1051 2583 et
1073 2519 1206 2602 Iudaea,

72 2630 101 2684 et
120 2621 258 2704 regione
280 2629 369 2682 trans
389 2615 569 2684 Iordanem.

148 2745 293 2818 MARC.
321 2751 343 2816 l.
387 2751 436 2816 16.
468 2751 578 2849 Quum
601 2764 706 2819 autem
731 2748 909 2817 ambularet
929 2752 1014 2818 iuxta
1032 2773 1119 2820 mare
1142 2753 1209 2822 Ga·
1300 2769 1303 2774 '

71 2852 199 2931 lilaeae,
236 2851 328 2916 videt
353 2849 517 2919 Simonem
545 2865 577 2920 et
603 2855 766 2921 Andrean
793 2854 921 2919 fratrem
945 2856 1028 2934 eius,
1064 2856 1208 2926 iacentes

72 2967 136 3022 rete
157 2957 193 3020 in
215 2974 321 3018 mare:
343 2963 434 3018 erant
456 2957 539 3021 euim
562 2959 750 3042 piscatores.
790 2956 839 3024 17.
861 2956 903 3022 Et
924 2955 1002 3022 dixit
1021 2953 1088 3023 illis
1110 2959 1209 3039 lesus,

73 3057 258 3143 sequamini
279 3075 340 3132 me,
363 3066 395 3118 et
416 3045 539 3138 faciam,
559 3059 689 3124 utfiatis
699 3063 877 3145 piscatores
887 3057 1061 3125 bominum.
1090 3059 1139 3130 18
1161 3065 1209 3128 Ao
1299 3134 1305 3145 ,

73 3161 219 3242 protinus
244 3154 369 3222 relictis
389 3149 518 3224 ¹retibus
544 3163 610 3224 suis
632 3162 760 3246 sequuti
780 3169 855 3225 sunt
877 3180 958 3224 eum.
1001 3161 1055 3242 19.
1071 3161 1114 3228 Et
1134 3149 1237 3252 prost

75 3279 199 3344 gressus
226 3256 321 3322 illinc
348 3256 513 3342 pusillum,
545 3259 627 3325 vidit
654 3260 807 3326 lacobum
833 3258 936 3324 lilium
959 3258 1142 3342 Zebedaei,
1176 3277 1210 3331 ot

75 3361 228 3425 loannem
256 3355 388 3422 fratrem
418 3361 503 3438 eius,
535 3364 590 3448 qui
621 3373 652 3428 et
680 3365 742 3448 ipsi
769 3365 802 3428 in
829 3363 904 3426 navi
932 3364 1210 3435 reconcinnabaut

74 3463 161 3532 retia
203 3460 255 3524 20.
278 3458 463 3544 ,Statimque
484 3467 619 3528 vocavit
633 3462 723 3528 illos:
760 3471 793 3527 et
812 3461 874 3541 1111,
900 3462 1015 3530 relicto
1036 3476 1128 3552 patra
1148 3489 1210 3534 suo

76 3559 252 3627 zebedaeo
274 3563 309 3624 in
330 3563 405 3626 navi
427 3583 498 3626 cum
520 3549 735 3640 mercenariis,
755 3565 883 3649 sequuti
903 3579 978 3630 sont
999 3585 1083 3634 cum.

156 3693 261 3761 LUC.
285 3695 326 3760 V.
367 3694 395 3759 1.
422 3693 554 3762 Factum
577 3709 625 3764 est
647 3708 766 3776 autem,
783 3720 880 3786 quum
901 3655 995 3766 tuscha
1016 3701 1150 3766 instaret
1172 3663 1212 3780 ei,

77 3807 110 3862 ut
133 3797 266 3862 audiret
290 3793 425 3862 verbum
447 3796 527 3874 Dei,
560 3801 682 3885 etipse
703 3797 807 3863 stabat
828 3802 915 3866 iuxta
936 3811 1080 3886 stagnum
1103 3799 1213 3868 Gene-

77 3899 188 3964 saretb.
231 3897 262 3961 2.
291 3897 335 3962 Et
361 3897 441 3964 vidit
463 3897 543 3966 duas
564 3921 664 3965 naves
684 3911 804 3966 stantes
825 3899 866 3964 ad
888 3911 1044 3986 stagnum:
1075 3902 1215 3986 piscato-

78 4021 126 4064 res
152 4011 262 4064 antem
292 3997 529 4066 descenderant
555 4021 592 4066 ex
618 4001 697 4080 illis,
728 4015 760 4068 ct
782 3999 961 4068 abluebant
981 4003 1072 4067 retia.
1112 4004 1142 4074 3.
1163 4002 1214 4069 ln·

78 4121 202 4185 gressus
231 4110 337 4166 autem
364 4102 398 4166 in
419 4123 516 4166 unam
538 4105 681 4182 navium,
713 4125 796 4192 quae
818 4103 1061 4182 eransimonis,
1090 4108 1216 4190 rogavit
1338 4152 1344 4162 ·

81 4221 163 4282 eum,
197 4211 235 4266 ut
262 4221 281 4266 a
308 4211 393 4266 terra
420 4200 597 4268 abduceret
621 4203 790 4291 pusillum:
823 4216 854 4269 et
881 4203 999 4268 sedena
1028 4203 1168 4270 docebat
1195 4225 1214 4270 e

79 4307 151 4368 navi
173 4301 297 4369 turbas.
337 4305 366 4370 4.
394 4307 440 4372 Ut
460 4317 566 4370 autem
589 4309 724 4371 cessavit
745 4305 852 4392 loqui,
880 4303 957 4372 dixit
979 4305 1020 4370 ad
1041 4305 1215 4400 Simonem,

79 4403 153 4482 Duc
173 4408 209 4472 in
232 4404 345 4484 altum,
374 4417 406 4474 et
427 4405 531 4474 laxate
553 4408 634 4474 retia
653 4419 759 4474 vestra
780 4410 815 4473 in
836 4407 1007 4493 capturam.
1048 4409 1077 4472 5.
1104 4407 1146 4470 Et
1164 4423 1216 4468 re·
