2790 4838
385 257 449 333 (72.
472 253 654 316 Adolescens
672 255 854 337 Naiuensis.)
1129 267 1188 328 m

48 405 148 466 ricinis
170 405 349 484 regionibus
370 418 511 468 venturos
531 427 593 468 esse
613 407 711 482 docet,
730 410 782 468 sed
802 409 840 469 ab
860 407 969 470 ultimis
991 408 1071 470 orbis
1091 422 1185 472 terra·
1226 461 1249 482 .,

48 505 107 542 rum
128 483 252 542 linibus.
292 484 361 544 lloc
385 505 457 544 vero
483 483 554 546 licet
578 484 681 546 multis'
696 485 912 564 Prophetarum
931 486 1077 546 taticiniis
1096 499 1186 548 testa-

48 571 104 616 tum
128 559 224 632 soret,
246 559 333 618 initio
346 570 444 622 tamen
466 557 622 620 absurdum
643 572 673 621 et
691 561 866 622 incredibile
887 562 1001 626 Iudaeis
1021 563 1113 624 visum
1133 576 1188 642 cst,

9 671 10 696 r
49 635 92 724 qui
113 634 218 694 Deum
239 636 345 716 generi
366 636 501 696 Abrahae
522 637 694 697 obstrictum
718 659 781 698 esse
801 630 962 720 fingebanl.
1002 640 1103 716 Quare
1123 657 1186 700 non

48 733 105 771 siue
125 713 332 772 admiratione
354 707 562 772 hoc‘anditom
583 713 857 789 fuit,1domesticos
882 715 967 794 regni
987 717 1045 776 Dei
1066 730 1097 776 et
1116 718 1186 777 hae·

48 789 128 850 redes
151 788 238 864 sore,
259 789 310 867 qui
330 800 402 848 tunc
422 789 550 849 extranei
571 802 664 850 erant.
701 791 806 870 Neque
826 791 854 852 id
874 792 985 868 solum,
1009 794 1060 854 sed
1080 794 1186 855 foedus

48 864 144 926 salutis
171 885 242 924 mox
263 864 471 946 publicandum
497 885 581 926 esse*
616 878 650 926 ut
667 878 746 927 totus
772 868 853 930 orbis
873 869 904 930 iu
925 891 1014 928 unum
1034 869 1186 931 Ecclesiae

48 963 154 1022 corpus
176 943 377 1016 coalesceret,
397 942 463 1002 dum
506 942 567 1001 enti
580 963 626 1016 es,
646 941 695 1022 qui
715 944 751 1003 ad
771 944 858 1004 fidem
879 945 1034 1020 accedent,
1054 947 1186 1007 eiusdem

48 1039 107 1078 cum
128 1019 301 1093 Abraham,
332 1019 413 1078 Isaac
438 1029 469 1077 et
485 962 579 1078 laceb
598 1019 698 1080 salutis
717 1020 875 1101 participes
899 1022 966 1082 lore
987 1022 1066 1082 dicit.
1105 1023 1186 1083 Hinc

48 1109 127 1156 certo
146 1094 329 1176 colligimus,
350 1093 483 1169 eaodem,
504 1115 579 1174 quae
598 1094 685 1156 nobis
706 1096 833 1160 exhibita
853 1111 898 1158 est
915 1099 946 1160 in
962 1097 1094 1175 Christo,
1113 1099 1186 1162 olim

48 1173 180 1304 patribus
207 1191 329 1252 quoque
354 1169 440 1231 luisse
470 1172 654 1252 promissam:
684 1193 782 1251 neque
812 1174 891 1234 enim
919 1175 1081 1236 communis
1107 1176 1187 1237 foret

65 1249 230 1322 acreditas,
251 1248 308 1307 uisi
327 1269 385 1308 una
406 1259 482 1308 esset
502 1247 584 1322 tides,
605 1267 679 1327 quae
699 1262 745 1308 est
763 1248 824 1309 eius
837 1249 1018 1311 obtinendae
1038 1253 1123 1312 ratio.
1147 1253 1185 1311 In

48 1326 139 1386 rerbo
159 1323 349 1386 mearat
367 1323 469 1383 allusio
490 1336 536 1384 εει
554 1325 590 1382 ad
609 1345 736 1384 mensas:
766 1325 835 1406 quia
856 1336 952 1418 tamep
973 1327 1094 1401 scimm,
1114 1347 1185 1388 coe-

48 1401 151 1462 lestem
176 1403 270 1461 vitam
295 1420 358 1459 non
381 1400 515 1480 indigere
534 1400 604 1460 cibo
631 1411 661 1460 ει
679 1412 769 1492 potu,
799 1401 922 1481 perinde
946 1403 1025 1464 valet
1048 1403 1184 1484 loquutio
1237 1419 1244 1430 '

49 1479 102 1540 acsi
123 1479 238 1539 dietum
262 1477 356 1550 soret,
379 1476 492 1536 Eadem
511 1476 646 1536 fruentur
665 1489 733 1538 visa.

120 1563 170 1621 ι’).
210 1553 287 1615 Filii
303 1575 372 1613 uero
389 1555 480 1630 regei.
521 1553 685 1690 (puomodo
705 1553 780 1616 lilios
800 1554 886 1636 regni
907 1554 1045 1646 appellat,
1066 1556 1118 1637 qui
1138 1555 1185 1615 ni-

49 1631 85 1690 hil
104 1633 206 1692 minus
233 1642 321 1691 eraut
343 1650 430 1709 quam
449 1629 531 1690 Abra
553 1650 587 1690 ae
606 1629 678 1689 filii?
716 1652 784 1690 nam
811 1641 891 1692 certe
912 1654 963 1711 qm
982 1655 998 1694 a
1019 1633 1186 1693 fidealieni

49 1723 128 1782 sunt,
166 1709 201 1768 in
226 1707 288 1767 Dei
319 1725 410 1790 grege
441 1707 555 1767 censeri
585 1707 705 1767 minime
734 1727 860 1788 aequum
891 1721 943 1768 est
990 1709 1184 1790 Respondeo:

67 1788 178 1846 uamvis
205 1805 241 1846 ex
260 1785 322 1846 Dei
341 1782 473 1844 Ecclesia
497 1803 567 1844 vere
592 1803 655 1844 nou
676 1795 788 1859 esseut,
828 1784 896 1863 quia
917 1797 1015 1846 nmen
1034 1785 1131 1848 locum
1153 1786 1186 1845 in

49 1807 180 1923 icelesia
200 1859 392 1940 occupabant
431 1859 509 1919 hunc
528 1859 598 1940 ipsis
618 1860 732 1920 titulum
754 1861 900 1921 concedit.
937 1862 1056 1924 Deinde
1076 1875 1187 1923 notan-

51 1941 114 1998 dum
127 1950 184 2014 est,
203 1937 281 1997 tanti
298 1937 386 1996 luisse
429 1936 456 1996 ei
469 1935 583 2012 foedus,
604 1957 691 2016 qoam
704 1936 753 1996 diu
773 1936 856 1998 stetit
872 1937 903 1997 in
916 1959 1026 2020 genere
1036 1939 1185 2016 Abrahae,

50 2029 79 2074 ut
101 2018 139 2077 ad
167 2015 249 2095 ipsos
274 2013 396 2094 proprie
422 2023 568 2092 spectaret
591 2013 678 2095 regni
702 2013 838 2074 coelestis
868 2015 1046 2076 haereditas:
1080 2015 1184 2077 saltem

50 2092 58 2150 i
91 2094 135 2153 ius
155 2092 217 2152 Dei
236 2101 374 2170 respectu
393 2100 465 2149 tuuc
478 2087 572 2150 adhuc
592 2090 665 2150 rami
685 2091 779 2150 sancti
799 2103 883 2152 erant
902 2112 936 2152 ex
955 2103 1055 2154 sancta
1074 2094 1184 2154 radice.

50 2114 177 2230 liliano
219 2157 276 2228 hae
296 2177 400 2258 postea
418 2177 540 2243 sequuta
566 2178 612 2226 εει
629 2166 776 2227 abdicatio
797 2167 864 2228 satis
886 2170 1030 2244 ostendit,
1061 2181 1132 2230 tunc
1153 2171 1185 2229 iu

50 2245 105 2306 Dei
130 2189 245 2306 familia
270 2243 360 2302 fuisse
389 2252 530 2302 retentos.
582 2241 721 2302 Secundo
753 2244 916 2303 notandum
943 2257 1002 2322 est,
1033 2243 1185 2306 Christum

52 2343 108 2382 nou
129 2324 170 2383 de
189 2320 316 2403 siugulis
336 2317 444 2380 hahere
464 2337 645 2393 sermonem,
676 2318 727 2378 sed
748 2320 784 2379 de
800 2330 866 2380 tota
887 2333 985 2402 gente.
1025 2322 1093 2383 Hoc
1112 2343 1186 2383 vero
1296 2389 1300 2394 ¹
1385 2345 1386 2376 ι

52 2397 137 2482 longe
158 2399 261 2460 durius
282 2406 347 2456 erat
366 2415 452 2476 quam
471 2395 604 2476 gentium
622 2395 756 2455 vocatio:
786 2417 853 2454 nam
879 2408 983 2478 gentes
1006 2397 1097 2458 inseri
1137 2419 1184 2458 ra-

52 2478 118 2534 tuita
137 2474 306 2557 adoptione
332 2472 363 2530 in
382 2472 460 2532 idem
480 2491 588 2550 corpus
609 2493 675 2532 cum
694 2469 831 2530 Abrahae
856 2473 998 2551 posteris,
1026 2419 1185 2535 tolerabile

52 2565 135 2612 utcuu
160 2573 198 2612 ue
220 2550 340 2623 luisset,
371 2549 421 2608 sed
442 2548 568 2608 Iudaeos
588 2547 667 2628 ipsos
688 2546 809 2625 expelli,
837 2559 870 2606 ut
894 2548 1043 2608 inlocum
1062 2569 1186 2610 vacuum

53 2575 243 2691 succederent
262 2636 377 2708 gentes,
396 2625 426 2684 id
445 2644 517 2684 vero
538 2635 680 2704 portento
699 2623 793 2683 simile
814 2623 945 2684 habitum
965 2624 1030 2684 suit.
1061 2627 1185 2688 Utrum·

55 2727 105 2784 que
123 2719 226 2768 tamen
248 2703 316 2763 lore
337 2700 470 2762 Christus
494 2699 685 2781 pronuntiat,
715 2711 749 2759 ut
773 2699 907 2761 admittat
924 2702 1006 2762 Deus
1031 2713 1185 2764 extraneos

54 2783 80 2840 in
98 2784 195 2843 sinum
208 2779 358 2852 Abrahae,
378 2777 454 2837 filios
474 2790 572 2837 autem
591 2777 717 2838 abdicet
755 2777 791 2835 ln
810 2777 931 2838 mebris
949 2783 1078 2840 woemt's
1096 2779 1186 2842 tacita

54 2861 201 2920 antithesis
220 2856 331 2918 subest.
351 2873 354 2880 ·
371 2854 524 2937 Significat
543 2854 621 2915 euim
640 2854 722 2914 Deus
743 2865 821 2913 extra
841 2875 965 2937 regnum
985 2877 1084 2933 suum,
1104 2857 1185 2936 quod

55 2949 94 2995 εει
112 2958 146 2996 re
169 2956 240 2995 nuru
261 2931 364 3006 Lucis,
384 2951 446 2991 non
466 2931 522 2989 nisi
542 2931 679 2991 tenebras
698 2951 839 3011 regnare:
864 2933 1067 3013 metaphorice
1086 2935 1185 2994 autem

55 3033 103 3092 per
121 2957 279 3073 Τξεειπεε
300 3007 451 3088 Scriptura
477 3007 657 3069 horrendum
682 3029 851 3068 moerorem
876 3010 1026 3092 designat,
1058 3010 1109 3090 qui
1128 3033 1186 3072 uec

54 3089 148 3150 verbis
167 3085 382 3168 expriml,.nec
401 3105 488 3144 sensu
508 3085 720 3164 comprehendi
740 3093 840 3164 potest
858 3085 889 3145 iu
908 3087 963 3148 hac
982 3087 1051 3146 vita.

124 3173 174 3231 13.
213 3161 282 3237 Att,
301 3176 328 3222 et
345 3159 582 3242 quenadmodum
600 3159 708 3235 credis,
726 3165 768 3221 ito
777 3163 837 3242 fiet
853 3161 913 3223 tibi.
953 3163 1032 3224 Hinc
1052 3179 1187 3256 apparet,

57 3263 138 3322 quam
157 3241 291 3323 benigne
312 3239 435 3320 gratiam
453 3257 534 3297 suam
554 3239 688 3298 effundat
708 3237 852 3314 Christus,
872 3240 922 3299 uhi
942 3261 991 3300 vas
1010 3242 1078 3302 fider
1098 3263 1184 3324 aper-

58 3329 112 3378 tum
132 3329 235 3379 nactus
256 3327 309 3376 est.
349 3315 412 3374 Etsi
433 3315 511 3374 enim
533 3313 575 3374 his
587 3314 684 3375 verbis
698 3313 914 3377 Centuriouem
933 3318 1103 3398 alloquitur,
1123 3342 1186 3382 non

59 3395 184 3455 dubium·
204 3406 305 3454 tamen
335 3403 394 3466 est,
433 3391 504 3472 quin
529 3391 583 3452 suh
609 3393 669 3451 eius
695 3411 823 3470 persona
846 3413 902 3454 uos
929 3414 1030 3456 omnes
1051 3397 1088 3456 ad
1107 3396 1187 3458 hene

56 3491 68 3530 s
137 3471 229 3532 udum
253 3468 369 3529 invitet.
410 3467 568 3528 Caeterum
595 3469 664 3528 hinc
690 3488 808 3547 quoque
835 3470 976 3531 docemur
1028 3493 1081 3534 eur
1104 3473 1187 3535 Deus

71 3492 226 3628 lamque
247 3545 287 3606 sit
304 3565 375 3629 erga
395 3565 450 3606 uos
474 3544 648 3620 restrictior,
668 3547 736 3640 quia
755 3545 868 3606 scilicet
886 3516 1186 3613 incredulitasuostra
1260 3563 1263 3582 ι

57 3568 204 3686 h'heratem
226 3643 290 3684 esse
310 3643 373 3682 uon
392 3621 510 3702 patitur.
538 3623 631 3712 ¹Ergo
657 3645 682 3684 ει
708 3624 766 3683 fide
792 3623 984 3702 patefacimus
1003 3628 1046 3688 illi
1065 3628 1187 3702 aditum,

57 3713 120 3761 rota
138 3713 241 3763 nostra
261 3719 425 3781 precesque
445 3699 587 3760 exaudiet.

95 3983 178 4062 (ta)
209 3969 314 4049 LUC.
335 3979 407 4045 vlt.
448 3977 498 4047 11.
519 3978 772 4060 Acciditautem,
793 4005 890 4070 quum
906 4005 1052 4070 egressus
1075 3993 1131 4068 εει,
1151 3997 1187 4050 ut

59 4082 317 4163 proficisceretur
338 4082 370 4146 io
392 4080 514 4159 urbem,
536 4091 618 4166 qua‘e
638 4081 816 4150 vocabatur
835 4085 929 4164 Nain,
950 4095 982 4148 et
998 4084 1092 4152 simul
1115 4107 1187 4151 cum

61 4201 96 4246 eo
108 4182 248 4269 proiecti
260 4181 437 4248 suntmulti
456 4181 525 4248 eius'
538 4181 696 4270 discipuli,
718 4183 866 4249 et‘turba
887 4182 994 4248 multa.
1016 4185 1065 4252 12.
1076 4185 1187 4275 Quum

59 4301 132 4350 roro
160 4283 441 4371 appropinquaret
468 4283 509 4350 nd
535 4295 662 4372 portam
688 4283 791 4365 urbis,
824 4282 1023 4352 ellerohatur
1043 4299 1188 4356 mortuns

58 4387 241 4473 unigenitus
261 4386 371 4450 matris
391 4405 485 4452 suaes
512 4395 545 4454 ot
565 4383 647 4452 haec
666 4385 765 4461 vidua
787 4397 864 4466 eret,
886 4395 918 4454 et
937 4383 1031 4456 turha
1052 4389 1189 4456 civitatis
