2756 4838
881 75 886 106 l

383 167 466 308 (fbf.
505 225 640 288 Praemia
659 225 745 308 regni
764 203 880 304 diviti.)
1155 235 1215 296 1oe

69 397 116 450 aut
139 383 267 465 fratres,
309 393 364 450 aut
390 403 536 460 uxorem,
578 393 633 448 aut
656 379 781 447 liberos
813 391 949 468 propter
981 403 1115 470 regnum
1140 384 1215 466 Dei,

68 489 112 554 30.
142 489 209 575 Qui
235 511 302 555 ncn
329 499 519 574 recepturus
538 489 579 550 sit
599 484 701 552 multo
728 485 822 571 plura
850 487 884 550 in
907 485 970 551 boc
989 498 1149 573 tempore,
1181 501 1215 556 et

69 593 97 656 in
120 583 249 658 saeculo
274 602 412 657 venturo
439 594 535 656 vitam
564 600 734 655 aeternam.
797 591 894 654 XXll.
936 590 986 654 28.
1014 592 1085 656 Vos
1107 602 1215 657 autem

70 699 150 773 estis,
191 697 244 782 qui
274 697 493 780 permansistis
520 714 642 757 mecum
664 695 697 757 in
719 691 952 761 tentationibus
971 696 1060 762 meis.
1101 697 1152 762 29.
1173 697 1244 762 Et·

70 819 122 880 ego
143 797 282 884 dispono
304 797 415 874 vobis,
446 799 528 863 sicut
555 795 714 896 disposuit
740 797 818 862 mibi
840 799 936 862 Pater
962 779 1052 864 meus
1072 819 1216 885 reguum,

68 900 111 963 30.
150 899 195 965 Ut
222 899 325 966 edatis
352 912 384 967 et
404 899 524 966 bibatis
544 921 643 987 super
662 921 802 966 mensam
829 921 931 966 meam
953 905 987 966 in
1008 922 1110 988 regno
1132 922 1215 983 meo,

68 1011 95 1068 et
113 1001 251 1068 sedeatis
271 1025 369 1090 super
388 1001 486 1082 solia,
507 1002 685 1070 iudicantes
706 1003 877 1071 duodecim
899 1002 1002 1071 tribus
1023 1003 1131 1071 lsrael.

130 1217 238 1280 Tacite
258 1242 289 1282 se
309 1233 340 1282 ct
358 1221 432 1284 alios
452 1220 609 1304 discipulos
621 1222 703 1284 diviti
714 1222 819 1283 Petrus
839 1233 1000 1302 comparat,
1021 1242 1107 1314 quem
1127 1243 1214 1282 muu-

68 1295 113 1354 dus
132 1296 310 1358 alienaverat
329 1299 496 1360 a'Cbristo.
537 1300 615 1376 Quia
641 1311 738 1361 autem
757 1301 877 1380 inopem
904 1310 934 1359 et
953 1309 1105 1359 erraticam
1125 1300 1214 1358 vitam

68 1391 122 1430 uon
140 1374 202 1433 siue
222 1375 337 1455 probro
358 1389 388 1437 et
406 1376 547 1437 molestiis
562 1377 720 1450 ducebant,
739 1397 794 1436 nec
814 1377 919 1436 melior
938 1376 969 1434 in
990 1376 1118 1436 futurum
1138 1388 1213 1435 tem-

65 1468 113 1526 pus
132 1451 263 1511 conditio
283 1472 315 1512 se
335 1453 526 1525 ostendebat,
555 1453 663 1514 merito
704 1451 815 1527 uaerit,
845 1475 883 1512 an
903 1453 1009 1512 frustra
1029 1451 1141 1531 relictis,
1158 1452 1215 1512 suis

66 1525 192 1613 omnibus
211 1549 245 1588 se
257 1526 378 1588 Christo
398 1527 568 1590 addixerint.
587 1475 756 1590 Absurdum
776 1529 853 1590 enim
875 1540 948 1602 erat,
966 1529 1107 1620 spoliatos
1120 1549 1136 1588 a
1148 1528 1215 1588 Do-

66 1621 138 1662 mino
158 1625 218 1665 non
240 1605 355 1666 restitui
375 1607 406 1666 in
425 1607 538 1666 melius.
569 1603 630 1668 Sed
642 1627 717 1699 quae
737 1617 822 1667 erant
840 1606 889 1666 illa
911 1605 1027 1668 omnia?
1048 1627 1114 1664 nam
1125 1627 1215 1684 quum

66 1675 203 1756 ignobiles
224 1693 322 1742 esseut
341 1695 371 1744 et
391 1682 562 1764 pauperculi
581 1683 727 1756 hommes,
745 1683 791 1743 vix
811 1683 867 1742 fnit
880 1681 960 1742 domi
973 1683 1053 1762 quod
1065 1682 1215 1762 relinque-

64 1768 137 1814 rent:
157 1757 281 1819 ridicula
300 1779 333 1819 er
356 1779 374 1820 o
394 1760 486 1822 videri
507 1760 606 1840 potuit
624 1761 697 1820 baec
716 1760 861 1820 iactantia.
880 1761 922 1819 Et
936 1771 1016 1819 certe
1036 1759 1217 1838 experientia

65 1834 196 1910 ostendit,
216 1857 303 1916 quam
322 1779 484 1898 liberaliter
502 1858 553 1898 sua
574 1857 643 1920 erga
655 1837 752 1897 Deum
766 1823 863 1896 officia
873 1835 964 1916 vulgo
985 1836 1139 1896 aestiment
1158 1835 1215 1896 bo-

64 1907 164 1986 mines,
187 1913 275 1972 sicuti
294 1914 383 1974 bodie
404 1915 453 2008 qui
472 1913 537 1974 fere
555 1913 683 1976 mendici
703 1925 787 1974 erant
811 1913 842 1972 in
862 1914 991 2004 Papatu,
1017 1913 1145 1974 fastuose
1166 1933 1216 1972 ex-

64 1985 201 2062 probrant
219 1989 419 2083 seEvangelir
439 2011 523 2051 causa
543 2011 680 2076 magnam
700 1992 839 2050 iacturam
860 1989 973 2050 fecisse.
1012 1990 1149 2050 Excusari
1168 2000 1215 2048 ta-
1273 2027 1282 2038 ·

64 2079 124 2120 men
144 2078 271 2144 possunt
289 2066 441 2147 discipuli,
460 2068 540 2147 qnod
561 2067 630 2130 licet
648 2088 798 2146 nunquam
816 2065 987 2146 splendidae
1009 2066 1132 2126 fuissent
1152 2066 1215 2125 for·
1265 2096 1275 2112 ·

64 2146 160 2216 tunae,
189 2143 349 2202 manuariis
372 2155 469 2204 tamen
495 2143 593 2223 operis
618 2164 681 2203 non
705 2145 801 2204 minus
823 2143 958 2202 hilariter
977 2143 1057 2202 domi
1077 2142 1216 2202 vivebant

65 2231 143 2291 quam
164 2219 400 2298 opulentissimus
421 2219 553 2298 quisque.
578 2223 620 2280 Et
638 2220 753 2292 scimus,
772 2231 876 2279 tenues
896 2217 1029 2286 homines
1070 2219 1164 2278 uictae
1185 2227 1216 2276 et

64 2291 179 2368 pudicae
199 2295 277 2354 vitae
305 2306 435 2354 assuetos
460 2295 496 2355 ab
521 2295 660 2355 uxoribus
684 2307 715 2355 ct
739 2293 838 2354 liberis
863 2293 977 2374 aegrius
1002 2239 1100 2367 avelli,
1128 2314 1216 2373 quam

82 2387 130 2428 uos
156 2370 247 2431 iactat
271 2371 410 2445 ambitio,
447 2368 495 2430 vel
521 2390 682 2462 prosperae
707 2369 843 2429 fortunae
869 2389 938 2429 auca
963 2369 1020 2429 buc
1039 2367 1108 2428 illuc
1129 2370 1215 2448 rapit.

65 2385 148 2504 Certe
168 2445 227 2504 nisi
246 2444 394 2523 discipulis
414 2446 544 2526 reposita
564 2447 666 2506 fuisset
685 2445 781 2525 aliqua
792 2465 914 2519 merces,
934 2444 1021 2504 stulte
1031 2463 1123 2530 genus
1136 2447 1215 2508 vitae

62 2530 226 2581 mutassent.
265 2518 425 2580 Caeterum
444 2533 477 2581 ut
495 2521 525 2580 in
545 2523 600 2583 bac
619 2533 703 2603 parte
724 2520 899 2582 excusabiles
919 2521 987 2595 sint,
1005 2520 1036 2580 in
1058 2541 1095 2580 eo
1115 2532 1215 2584 tamen

63 2607 197 2672 peccant,
218 2597 298 2677 quod
317 2597 421 2674 utilitia
440 2598 573 2658 nondum
594 2597 727 2660 defuncti
746 2599 802 2657 iam
821 2595 877 2656 sibi
896 2596 1077 2678 triumphum
1096 2598 1216 2662 decerni

63 2673 218 2749 postulent.
242 2673 318 2734 Tale
331 2695 432 2734 morae
443 2675 572 2736 taedium
585 2675 609 2735 si
629 2674 746 2754 qnando
767 2672 854 2734 nobis
875 2672 1011 2754 obrepat,
1030 2693 1065 2734 ac
1084 2694 1139 2734 nos
1159 2676 1217 2736 im-

63 2749 198 2824 patientia
217 2749 368 2827 sollicitet,
388 2751 529 2813 discamus
548 2752 675 2832 primum
693 2762 832 2841 reputare
851 2749 964 2824 solatia,
985 2749 1090 2831 quibus
1110 2749 1139 2808 in
1158 2752 1216 2813 boc
1273 2757 1283 2770 '

63 2827 166 2888 mundo
187 2827 281 2888 crucis
300 2827 490 2889 acerbitatem
509 2828 655 2889 Dominus
675 2826 765 2902 lenit,
797 2826 903 2887 deinde
923 2828 960 2886 ad
978 2847 1060 2909 spem
1081 2828 1216 2890 coelestis

62 2900 134 3032 gitae
153 2923 209 2964 nos
230 2904 355 2990 erigere.
394 2906 470 2967 Nam
489 2905 534 2967 his
553 2905 668 2966 duobus
685 2903 825 2966 membris
839 2901 950 2964 Christi
967 2903 1122 2986 responsio
1142 2912 1216 2990 cont

86 2991 176 3040 netur.

133 3055 238 3118 Mattb.
257 3061 304 3123 28
342 3057 441 3119 Amen
459 3057 525 3120 dico
541 3057 643 3124 nodia
665 3059 712 3118 Ne
732 3079 763 3118 sc
784 3077 905 3139 operam
924 3055 1026 3120 lusisse
1045 3069 1151 3139 putent
1170 3057 1216 3118 di-

64 3127 170 3220 acipuli,
189 3147 280 3216 atque
300 3155 351 3195 eos
370 3134 481 3216 incepti
501 3157 600 3196 cursus
620 3134 787 3271 pboenitcat,
808 3135 941 3196 Christus
961 3137 1111 3211 admonet,
1129 3135 1217 3218 regni

65 3225 104 3264 tua
141 3210 258 3285 loriam,
278 3232 353 3292 quae
372 3223 443 3275 tunc
459 3213 554 3274 adbuc
569 3211 627 3272 late
651 3222 689 3285 at,
708 3210 950 3272 manifestandam
961 3213 1038 3289 fore,
1057 3213 1116 3274 acsi
1136 3214 1216 3274 dice-

64 3293 116 3357 ret,
162 3309 202 3348 ou
224 3300 269 3348 est
287 3309 340 3347 cur
357 3309 411 3350 vos
430 3291 486 3350 ista
506 3287 736 3368 contemptibilis
753 3288 873 3348 fortuna
891 3287 1039 3351 debilitet:
1058 3311 1126 3350 nam
1147 3309 1217 3369 ego,

63 3359 109 3489 gui
127 3364 173 3426 vix
191 3365 271 3425 inter
289 3375 455 3444 postremos
474 3365 571 3438 iaceo,
588 3365 707 3424 tandem
723 3363 880 3424 maiestatis
892 3365 998 3425 solium
1011 3368 1216 3428 conscendam.

88 3437 211 3520 aulispcr
228 3441 320 3524 igitur
331 3442 444 3518 durate,
463 3440 625 3522 usquedum
645 3441 782 3501 adveniat
796 3441 1026 3504 manifestandae
1045 3463 1128 3502 meae
1148 3441 1216 3523 glo-

64 3507 120 3598 riae
140 3526 263 3602 tempus.
302 3516 383 3596 Quid
402 3529 499 3578 autem
519 3517 576 3578 illis
595 3528 666 3578 tunc
687 3517 853 3654 promittit?
873 3538 979 3600 nempe
1000 3520 1128 3580 eiusdem
1141 3515 1218 3653 glo-

64 3605 121 3646 rtte
141 3592 206 3654 fore
225 3595 333 3656 socios.
371 3591 456 3653 Solio
476 3595 554 3654 enirn
574 3593 630 3654 illis
649 3593 687 3654 tri
710 3615 792 3669 nens,
812 3615 847 3654 ex
867 3593 971 3673 quibus
990 3595 1121 3656 iudicent
1160 3611 1217 3652 uo-

65 3659 152 3726 decim
170 3671 265 3732 tribus
285 3671 394 3745 Israel,
423 3671 527 3764 legatis
547 3691 598 3734 eoa
618 3681 785 3750 comparat,
804 3669 852 3730 vel
871 3671 971 3753 primis
991 3667 1162 3732 consiliariis
1182 3689 1219 3728 ac

65 3744 256 3822 praesidibus,
282 3747 331 3828 qui
352 3745 383 3806 in
403 3767 488 3829 regio
509 3767 647 3808 consessu
666 3747 774 3827 primas
789 3747 875 3814 sedes
896 3759 1052 3826 occupant.
1092 3745 1219 3820 Scimus,

64 3815 219 3896 Apostolos
240 3823 396 3883 duodecim
416 3844 540 3883 nurnero
568 3823 654 3884 fuisse
681 3822 808 3898 electos,
845 3834 879 3883 ut
897 3822 939 3882 ita
964 3833 1101 3883 testatum
1121 3819 1217 3896 beret,

66 3889 155 3955 Deum
174 3901 308 3962 adhibito
322 3899 442 3966 Christo
463 3900 605 3979 dispersas
624 3900 729 3981 populi
747 3899 792 3959 sui
812 3899 948 3989 reliquias
967 3897 1045 3959 velle
1064 3897 1218 3979 colligere.

66 3965 141 4031 Haec
160 3997 269 4038 summa
289 3989 353 4039 crat
372 3977 512 4069 dignitas,
543 3978 595 4037 sed
615 3977 709 4038 adbuc
728 3975 860 4036 occulta:
881 3977 949 4036 adeo
971 3971 1104 4036 Christus
1124 3993 1217 4052 usque

66 4045 98 4102 ad
117 4049 244 4112 ultimam
263 4053 349 4136 regni
367 4075 411 4114 sur
430 4051 698 4114 manifestationem
719 4073 822 4113 eorum
831 4063 902 4112 vota
915 4051 1075 4130 suspendit,
1093 4063 1127 4112 ut
1145 4062 1218 4110 tunc

67 4119 175 4186 demum
199 4129 354 4194 electionis
378 4151 447 4190 suae
472 4113 600 4195 fructum
626 4129 799 4210 percipiant.
849 4128 1028 4208 Quanquam
1058 4141 1155 4190 autem
1184 4128 1218 4188 in

66 4193 213 4283 Evangelii
233 4206 452 4296 praedicatione
471 4205 567 4284 aliqua
588 4228 622 4266 ex
642 4217 726 4287 parte
746 4203 852 4266 enituit
870 4223 995 4286 regnum
1013 4204 1137 4281 Christi,
1153 4225 1217 4266 non

67 4281 159 4336 umen
179 4279 298 4342 dubium
319 4293 376 4355 est,
401 4282 472 4362 quin
493 4283 530 4342 de
550 4293 680 4343 extremo
701 4281 750 4343 die
770 4281 817 4342 bic
836 4280 975 4360 loquatur
995 4283 1138 4345 Christus.
1175 4279 1217 4340 ln

67 4361 279 4427 namnam.
319 4359 448 4436 Quidam
474 4359 550 4420 banc
582 4358 755 4440 particulam
778 4359 816 4421 ad
844 4370 1017 4440 sequentem
1046 4370 1214 4424 contextum

452 4473 459 4504 l
