2768 4834
347 261 501 340 (at-tlt
527 207 608 324 lists
628 261 718 323 docet
736 223 968 340 astantiam*
1049 351 1055 378 ἱ
1162 255 1221 334 lte

70 412 225 488 tudinem,
244 425 280 474 ιιι
300 413 421 482 discant
439 413 555 490 fideles,
580 435 642 476 uon
663 415 777 478 curiose
797 415 948 496 inquirere
966 415 1042 476 ultra
1062 419 1148 496 quam
1168 439 1217 480 ex-

68 490 164 568 pedit,
196 491 254 555 sed
273 491 335 552 Dei
356 491 468 572 placito
489 491 687 571 acquiescere:
713 505 801 573 atque
821 495 878 556 hoc
898 512 989 554 uuum
1008 492 1066 552 illis
1084 493 1218 574 sufficiat,

66 565 232 628 exhibitam
260 567 352 628 luisse
374 567 405 626 iu
429 567 548 630 Christo
568 569 706 643 salutem,
751 569 848 629 nando
869 569 908 630 ita
929 567 996 630 Deo
1015 570 1107 629 visum
1128 582 1179 630 est

138 651 194 709 20-
243 644 387 719 Omnium
406 648 438 704 in
455 665 606 724 synagoga
623 647 707 706 nodi,
776 666 815 706 ou
835 645 957 721 dubito,
1030 647 1059 705 in
1079 645 1161 708 Deus
1180 647 1217 706 il-

64 717 162 779 ionun
186 723 286 782 corda
306 723 361 782 teti
386 722 452 794 erit,
472 731 504 780 ut
523 721 677 782 admiratio
697 723 788 806 magis
808 726 937 783 attentos
956 742 989 782 re
1011 723 1109 794 deret,
1129 733 1217 803 atque

62 796 99 854 ita
125 797 322 858 audientiam
345 742 468 859 &bristo
494 797 629 877 loquenti
655 799 795 860 iacerent.
832 800 959 860 Necesse
985 797 1064 858 euim
1090 799 1146 859 init
1165 820 1216 862 eos

63 873 213 948 retineri,
234 895 274 933 nc
294 875 394 934 statim
415 873 638 954 obstreperent,
668 876 716 936 vel
736 876 839 937 saitem
859 875 1069 957 abrumperent
1087 876 1215 937 medium

60 951 217 1010 sermonis
238 971 376 1026 cursum,
402 973 497 1087 quum
523 951 633 1032 alioqui
653 953 745 1036 magis
765 964 862 1014 esseut
880 953 1022 1033 propensi
1048 954 1084 1014 ad
1106 953 1217 1016 Christi

63 1038 297 1108 contemptum,
317 1039 351 1087 ut
371 1028 399 1088 vi
422 1027 541 1088 ebimus.
804 1087 806 1094 ,

137 1110 198 1168 21.
238 1102 344 1164 Hodie
359 1105 479 1180 impleto
496 1119 545 1164 est.
583 1105 653 1164 Non
678 1125 745 1166 usus
771 1117 815 1165 est
833 1117 946 1166 tautum
972 1105 1017 1166 his
1034 1105 1129 1167 tribus
1148 1125 1214 1167 ver·

63 1177 105 1238 his
128 1181 295 1254 Christus,
313 1182 367 1241 sed
388 1201 421 1240 re
442 1182 502 1272 ipsa
522 1181 673 1261 probavit,
693 1183 750 1241 iam
771 1183 870 1242 adesse
888 1194 1020 1264 tempus,
1047 1203 1107 1262 quo
1127 1181 1217 1246 vellet

61 1255 145 1315 ileus
168 1258 323 1336 perditam
345 1258 507 1318 Ecclesiam
528 1259 695 1330 restituere,
714 1271 747 1318 nt
766 1258 948 1318 auditoribus
968 1259 1116 1319 luculenta
1136 1259 1214 1319 Pro·
1252 1289 1263 1301 =

63 1333 192 1410 phetiae
214 1334 362 1414 expositio
385 1347 546 1395 constaret:
569 1334 815 1414 quemadmodum
834 1336 890 1396 rite
911 1345 941 1393 et
960 1335 1064 1395 ordine
1080 1335 1215 1416 Scriptu-

63 1429 128 1468 ram
139 1423 278 1470 tractarit
297 1411 488 1490 interpretes,
508 1413 578 1472 dum
597 1429 661 1470 eam
682 1413 718 1472 ad
738 1422 930 1491 praesentem·
942 1433 1026 1470 usum
1046 1431 1214 1471 accommo-

64 1483 148 1545 dant.
191 1487 277 1546 Dicit
297 1498 398 1546 autem
422 1487 573 1566 impietanl
596 1487 627 1547 in
654 1487 773 1548 auribus
798 1487 911 1568 potius,
944 1507 1031 1568 quam
1056 1486 1087 1546 in
1113 1485 1216 1560 oculis,
1312 1502 1322 1518 '

67 1562 136 1640 quia
167 1563 268 1626 nudus
298 1574 477 1644 conspectus
509 1585 612 1646 parum
643 1564 776 1641 valebat,
814 1565 871 1624 uisi
900 1564 1034 1624 doctrina
1059 1562 1216 1646 primatum

67 1641 225 1700 nnussset.
259 1641 271 1648 ‘

144 1724 196 1780 Ἡ,
239 1717 452 1777 Testimonium
474 1717 521 1775 illi
544 1715 660 1777 dabant.
701 1717 759 1778 Hic
782 1717 883 1797 priore
910 1716 979 1776 loco
999 1735 1068 1776 vere
1088 1715 1215 1776 divinam

122 1793 214 1867 tiam,
246 1814 323 1873 quae
352 1793 484 1873 spirabat
509 1795 540 1853 iu
562 1813 614 1855 ore
636 1793 762 1870 Christi,
792 1793 879 1854 uobis
900 1794 1088 1854 commendat
1107 1787 1216 1854 Lucas:

68 1811 182 1930 ffinde
203 1870 359 1930 hominum
381 1870 409 1930 in
448 1871 620 1932 atitndinem
639 1871 675 1930 nt
696 1872 790 1932 vivum
812 1869 955 1953 depingit.
979 1871 1214 1945 monagra-

69 1949 127 2004 aaa
147 1959 237 2010 vocat
257 1947 358 2028 pbra'si
379 1947 415 2005 he
439 1947 531 2020 raica,
555 1947 585 2006 in
606 1948 711 2027 quibus
731 1947 889 2026 conspicua
910 1959 985 2008 esset
1010 1949 1052 2007 vis
1073 1959 1104 2007 et
1122 1947 1216 2028 gratia

73 2023 204 2104 Spiritus
223 2024 329 2084 sancti.
369 2023 452 2106 Ergo
471 2023 569 2084 Deum
594 2025 625 2083 iu
652 2025 771 2086 Christo
799 2025 971 2104 loquentem
996 2047 1062 2084 cum
1089 2023 1215 2084 admira-

70 2102 155 2160 tione
181 2120 349 2183 agnoscere
376 2113 523 2181 coguntur
542 2102 697 2162 Nazaraei:
728 2102 841 2162 interea
860 2113 959 2161 tamen
984 2121 1016 2162 se
1034 2101 1115 2181 ipsos
1136 2099 1215 2159 ultro

71 2178 256 2259 impediunt,
277 2197 316 2236 ne
336 2175 460 2236 coelesti
472 2176 581 2238 Christi
602 2178 754 2238 doctrinae
775 2199 857 2236 suum
878 2197 911 2237 ac
932 2176 1068 2258 debitum,
1082 2175 1216 2236 tribuant

73 2255 231 2314 honorem.
271 2255 348 2313 Nam
370 2274 460 2332 quum
480 2252 641 2327 obiiciunt,
662 2274 724 2314 esse
745 2253 836 2312 filium
856 2253 981 2332 Ioseph,
1008 2275 1069 2312 nou
1089 2251 1215 2332 amplifl-

73 2344 144 2391 cant
161 2344 195 2392 ut
216 2330 345 2392 decebat
365 2329 420 2389 hac
440 2329 655 2390 circumstantia
675 2329 734 2390 Dei
753 2329 878 2411 gloriam
900 2330 951 2388 sed
971 2329 1138 2390 scandalum
1159 2327 1215 2388 sibi

73 2410 203 2492 maligne
224 2418 392 2480 arcessunt,
411 2417 444 2466 nt
463 2407 579 2486 possint
597 2407 733 2496 specioso
754 2405 858 2466 colore
878 2425 1018 2484 respuere
1039 2401 1178 2484 quicquid
1198 2425 1215 2463 a

75 2485 135 2545 ttio
167 2484 279 2574 Ioseph
312 2483 427 2542 dicitur.
477 2481 636 2542 lta.hodre
663 2482 792 2542 videmus
822 2481 998 2560 plerosque,
1030 2479 1214 2559 quantumvis

75 2562 204 2624 convicti
223 2572 294 2635 sint,
313 2559 437 2619 verbum
458 2577 520 2618 esse
539 2559 598 2618 Dei
618 2559 699 2637 quod
719 2556 851 2630 audiunt,
870 2555 989 2615 frivolas
1009 2567 1108 2614 umen
1129 2573 1215 2615 excu-

74 2641 203 2698 sationes
224 2649 360 2717 captare,
381 2633 536 2715 quihus'se
557 2633 593 2694 ab
615 2632 798 2712 obsequendi
818 2630 993 2691 necessitate
1013 2631 1148 2691 eximant.
1174 2629 1214 2689 Et

73 2736 143 2776 sane
204 2715 246 2774 od
272 2735 335 2774 non
360 2712 484 2792 perinde
509 2710 654 2772 afficimur
672 2707 828 2792 Evangelii
847 2707 971 2784 virtute,
1000 2719 1033 2770 ut
1059 2715 1218 2788 patescet,

75 2813 135 2852 non
156 2792 277 2852 aiuude
297 2789 448 2870 contingit
471 2787 526 2848 nisi
553 2789 634 2867 quod
659 2787 747 2847 nobis
773 2785 842 2866 ipsis
862 2805 959 2845 sumus
984 2781 1157 2856 obstaculo,
1186 2793 1218 2844 et

76 2869 186 2942 lucem,
225 2867 309 2928 cuius
336 2865 457 2926 obiectu
481 2863 568 2925 etiam
592 2865 676 2927 inviti
699 2883 869 2939 movemur,
906 2859 1086 2922 sullocamus
1115 2869 1216 2921 nostra

77 2946 195 3007 malitia.

116 3181 201 3259 (35.)
245 3173 348 3244 LUC.
374 3177 430 3239 iV.
481 3175 533 3240 23.
559 3175 602 3239 Et
628 3176 677 3238 ait
704 3170 787 3249 iliis,
815 3171 966 3238 Omnino
996 3169 1109 3236 dicetis
1139 3169 1219 3234 mibi

79 3281 159 3345 banc
178 3277 437 3364 similitudinem,
464 3273 610 3353 Medicc,
635 3294 710 3339 cura
732 3285 765 3339 te
787 3277 906 3360 ipsum:
928 3293 1140 3360 quaeeunque
1163 3291 1219 3336 au·

82 3383 215 3449 divimus
242 3379 328 3446 lacta
357 3379 391 3442 iu
414 3377 636 3462 Capernaum,
667 3375 721 3439 iao
747 3386 779 3440 et
800 3376 854 3440 hic
879 3377 913 3440 in
936 3375 1039 3460 patria
1061 3383 1124 3440 tua.
1166 3349 1217 3436 ib

82 3487 133 3550 an
154 3493 270 3559 autem,
291 3481 397 3545 Amen
418 3477 494 3543 dico
515 3470 619 3554 vobis,
639 3489 736 3542 nemo
757 3475 921 3560 Propheta
944 3483 1097 3560 acceptus
1118 3481 1166 3538 est
1183 3473 1218 3536 iu

83 3587 182 3670 patria
205 3582 367 3650 stia.‘'*25.
393 3577 460 3644 Sed
487 3581 520 3643 in
547 3582 681 3642 veritate
691 3569 783 3643 ,dico
811 3574 920 3654 vobis,
951 3573 1076 3641 Multae
1098 3571 1218 3637 viduae

85 3698 171 3752 eruut
197 3689 232 3752 iu
260 3680 380 3749 diebus
405 3678 500 3745 Eliae
531 3681 563 3744 iu
586 3676 700 3754 israel,
736 3676 869 3764 quando
896 3675 1039 3742 clausum
1067 3687 1116 3738 est
1143 3691 1218 3736 coe·
1322 3729 1326 3742 ,

87 3787 146 3852 lum
169 3789 262 3853 aunis
284 3781 388 3848 tribus
410 3791 442 3846 et
463 3779 628 3844 mensibus
649 3801 712 3856 sex,
734 3788 770 3843 ut
786 3777 882 3846 fieret
904 3777 1004 3841 lomes
1022 3790 1219 3858 magnaper

86 3899 177 3954 totam
204 3899 334 3954 terram.
376 3883 427 3948 26.
452 3881 495 3946 Et
522 3877 712 3945 adnullant
741 3878 868 3944 iliarum
902 3867 1016 3942 mis'sus
1047 3879 1095 3938 est
1121 3867 1218 3948 Elias,

86 3993 200 4063 nisiiu
223 3987 363 4074 Sarepta
389 3981 521 4050 Sidonis
548 3979 600 4045 ad¹
616 3979 783 4048 mulierem
804 3979 943 4045 viduam.
982 3977 1034 4042 27.
1062 3973 1105 4038 Et
1125 3969 1218 4038 mitltl

86 4089 201 4177 leprosi
224 4098 319 4154 etant
340 4087 373 4149 in
396 4081 497 4151 lsrael
517 4080 578 4147 sub
592 4079 723 4148 Elisaeo
743 4081 912 4168 Propheta,
934 4088 967 4142 et
986 4095 1084 4140 nemo
1106 4094 1219 4140 eorum

90 4192 253 4258 mundatus
276 4197 341 4264 est,
359 4189 423 4252 nist
444 4187 589 4251 Naaman
612 4183 723 4268 Syrus.
764 4183 814 4248 28
837 4181 878 4246 Et
901 4197 1012 4245 omnes
1033 4177 1081 4242 ira
1101 4173 1221 4262 repleti

87 4305 151 4358 sunt
185 4296 221 4359 in
257 4307 424 4376 synagoga
459 4287 540 4378 haec
573 4283 750 4352 audientes
814 4283 864 4348 29.
897 4281 940 4346 Et
969 4281 1223 4358 insurrexerunt,

88 4385 319 4480 eieceruntque
351 4411 425 4456 eum
447 4397 535 4456 extra
555 4385 683 4466 urbem,
720 4396 753 4451 et
775 4384 936 4452 duxeruut
962 4401 1035 4448 eum
1057 4374 1224 4466 usquead
1304 4425 1311 4434 .
