2764 4854
409 167 558 245 (wil-d.
599 135 679 227 Iesus
700 185 799 228 coram
821 167 960 248 Caipba.)
1207 177 1262 237 311

102 312 200 382 alren
220 317 330 400 absque
353 321 488 454 prosectu
509 319 575 380 lore
596 322 673 400 apttd
694 319 867 390 obstinatos.
906 322 977 380 Noa
1004 323 1082 380 enim
1109 324 1262 402 audierant
1363 361 1365 369 ν

99 395 207 468 solum,
226 397 276 456 scd
298 397 388 456 ornis
409 403 622 476 conspexerant
641 397 789 470 miracula,
810 418 885 476 quae
906 409 1022 457 tacente
1045 397 1164 459 Christo
1187 423 1259 462 coe*

100 471 258 533 lesteur'ac
278 473 405 534 divinam
417 474 477 534 eius
491 473 655 552 potentiam
667 486 841 548 assererent,
861 475 996 552 adeoque
1009 473 1177 550 clamarent,
1197 472 1256 538 Rc-

100 550 286 630 demptorem
307 571 369 611 esse
389 549 459 609 olim
480 550 663 630 promissum.
703 551 819 610 Deinde
831 549 986 611 subiicitur
996 551 1155 626 confessio,
1172 576 1257 634 quae,

100 627 215 687 ῑιιιιὲιιί
235 626 367 705 pluribus
391 627 488 687 verbis
513 627 642 686 refertur
666 648 680 686 a
705 627 744 686 ud
769 627 964 701 lllattlraeunr,
989 628 1133 687 diversum
1160 631 1256 692 tam'en

85 724 214 762 ‘sensum
236 722 298 762 non
318 703 461 762 continet.
501 702 541 764 Se
562 724 634 784 ergo
656 649 805 764 Christum
827 723 888 764 esse
909 703 1058 784 praedicat
1078 705 1173 782 lesus,
1194 709 1256 766 no'n

98 779 291 840 declinandae
310 779 412 839 mortis
433 800 528 854 causa,
547 781 599 842 sed
641 781 718 839 otius
728 792 761 838 ut
772 781 899 840 hostium
919 779 1030 842 rabiem
1051 782 1125 842 inse
1139 783 1255 844 iollam-

38 851 45 865 *
98 866 169 916 met.
210 855 290 930 Quia
310 875 381 916 vero
402 869 472 918 tuuc
491 857 545 916 sub
565 801 687 916 sordido
709 857 809 916 babitu
830 857 1061 947 contemptibilis
1089 873 1168 934 erat,
1193 859 1254 920 imo

98 932 162 992 lere
183 932 360 1006 exinanitus,
379 954 410 993 se
431 933 548 994 tandem
567 953 621 994 suo
646 943 782 1012 tempore
807 955 872 994 cunr
898 955 981 1016 regia
1007 935 1156 1000 nraiestate
1183 929 1260 997 ven-¹

98 1021 195 1068 turum
216 1008 319 1084 edicit,
339 1021 373 1068 ut
391 1009 518 1070 iudicem
544 1009 736 1083 exhorreant,
760 1031 846 1090 quem
872 1033 951 1072 nunc
974 1012 1073 1072 salutis
1100 1026 1251 1074 auctorem

96 1105 261 1177 agnoscere
280 1107 342 1146 non
362 1087 515 1147 sustinent
554 1087 663 1147 Sensus
690 1107 763 1168 ergo
784 1099 843 1162 est,
869 1088 947 1168 ipsos
974 1109 1155 1180 magnopere
1182 1091 1254 1166 falli,

96 1185 121 1222 sr
142 1183 175 1222 ex
195 1163 344 1241 praesenti
363 1162 470 1223 intuitu
489 1163 654 1237 aestiment,
675 1164 807 1242 quisnam
828 1165 880 1224 sit:
902 1165 970 1246 quia
992 1163 1252 1226 hunrilrarietserc

96 1239 129 1298 iu
149 1237 277 1298 nibilum·
292 1239 355 1300 redi
380 1239 388 1297 i
409 1251 557 1318 oporteat,
577 1250 734 1320 antequam
760 1255 901 1320 appareat
920 1263 962 1302 re
976 1242 1005 1300 ni
1024 1243 1068 1302 sui
1088 1241 1252 1324 insignibus

96 1327 128 1376 et
138 1315 304 1395 ‘magnifico
325 1260 485 1396 splendore
505 1329 634 1377 ornatus.
673 1317 750 1378 Nam
770 1317 824 1380 bac
865 1263 984 1378 articula
1001 1317 1123 1394 posthaec
1141 1341 1249 1380 secun-

96 1394 166 1453 dum
190 1415 273 1451 suurn
300 1393 457 1453 adveutum
477 1414 494 1452 a
514 1392 614 1472 priore
641 1392 802 1476 distinguit.
841 1339 940 1456 l’orro
966 1395 1034 1456 ltine
1059 1396 1126 1456 elici
1152 1408 1251 1476 potest

94 1467 174 1530 utilis
194 1468 339 1543 doctrina,
359 1491 433 1550 quae
453 1469 503 1530 lon
528 1471 571 1533 ius
591 1481 702 1549 pateat:
727 1471 806 1530 unde
826 1471 904 1530 enirn
924 1483 1004 1532 tanta
1024 1472 1120 1552 impiis
1140 1474 1249 1531 securi-

96 1538 157 1608 tas?
177 1547 255 1604 uude
274 1558 355 1605 tanta
376 1491 539 1606 rebellandi
559 1545 723 1625 protervia,
747 1547 804 1607 ‘uisi
829 1549 895 1628 quia
916 1549 996 1608 Iesus
1017 1548 1167 1613 crucifixus
1188 1569 1249 1607 non
1270 1581 1274 1596 .

94 1622 125 1680 iu
146 1643 254 1704 magno
281 1625 358 1704 apud
379 1643 430 1684 eos
455 1623 552 1702 pretio
578 1623 641 1683 est'l
671 1623 754 1704 Ergo
780 1625 940 1686 revocandi
963 1628 1087 1686 suntad
1108 1625 1249 1702 horribile
1303 1635 1308 1663 ’

94 1699 244 1772 iudicium,
263 1699 342 1778 quod
362 1721 417 1759 suo
436 1711 558 1780 stupore
578 1721 640 1758 non
661 1699 821 1794 effugient,
856 1699 1032 1782 Quanquam
1052 1702 1251 1764 auteurinsta'r

91 1773 209 1834 fabulae
229 1775 419 1852 subsannant,
439 1777 519 1856 quod
540 1777 576 1837 de
597 1775 697 1836 luturo
711 1777 821 1838 Lbrisu
842 1779 969 1838 adventu
989 1777 1106 1850 dicitur,
1126 1799 1187 1838 non
1203 1791 1248 1838 ta-

93 1872 161 1911 men
187 1852 293 1912 srustra
317 1853 402 1914 iudex
422 1853 484 1934 ipse
505 1874 557 1914 eos
576 1855 613 1913 ad
633 1852 762 1913 tribuual
788 1876 871 1913 urum
898 1857 984 1928 citat,
1009 1875 1042 1914 ac
1063 1855 1145 1916 citari
1165 1854 1249 1914 iubet

91 1928 245 2010 Evangelii
265 1929 308 1989 sui
328 1931 581 2011 praeconio,'quo
602 1951 647 1988 ma
671 1931 693 1989 is
713 1931 873 1991 reddantur
885 1931 1103 1992 inexcusabiles.
1128 1931 1246 1992 Praeci-

91 2027 181 2084 puum
200 2026 272 2065 nero
292 2007 369 2086 apud
390 2007 489 2067 fideles
509 2029 590 2068 usum
613 1949 701 2068 babet
724 2008 795 2067 baec
816 2008 1016 2081 denuntiatio,
1043 2021 1075 2068 ut
1101 2010 1157 2067 iam
1183 2009 1245 2088 spei

90 2081 183 2142 oculis
200 2081 349 2142 Christum
369 2083 400 2142 in
420 2083 506 2144 coelo
528 2085 563 2143 ad
585 2084 731 2142 dexteram
753 2084 848 2142 Patris
867 2085 1018 2145 sedentem
1040 2097 1191 2163 quaerant,
1212 2107 1245 2144 ae

88 2159 238 2292 patienter
248 2170 439 2248 exspectent,
464 2159 531 2218 dum
551 2159 704 2231 adveniat,
727 2159 871 2238 simulque
896 2171 1039 2230 statuant,
1059 2181 1119 2218 non
1141 2161 1245 2220 frustra

100 2235 222 2296 ascivire
246 2255 352 2312 nnpros
379 2247 482 2294 cotrtra
506 2234 672 2294 absentent:
702 2234 769 2310 quia
794 2257 906 2294 sursum
927 2257 943 2294 e
964 2235 1050 2295 coelo
1075 2236 1245 2296 venientem

89 2311 221 2389 aspicere
241 2322 401 2390 cogentur,
421 2330 508 2388 quem
528 2329 606 2368 nune
627 2313 689 2368 non
710 2310 799 2369 modo
821 2310 1001 2390 despiciunt,
1020 2312 1071 2370 scd
1092 2311 1180 2370 etiam
1202 2312 1216 2369 l
1232 2351 1244 2360 -

87 2400 135 2446 stu
155 2407 208 2444 suo
229 2385 413 2444 conculcant
451 2385 625 2464 Metaphora
646 2384 676 2443 in
697 2385 818 2445 nomine
837 2385 976 2446 deantes-ne
997 2388 1064 2446 satis
1092 2399 1162 2450 nota
1182 2409 1245 2448 esse

86 2461 189 2536 debet,
208 2461 275 2541 quia
296 2459 468 2540 frequenter
486 2461 515 2520 in
538 2461 698 2550 seripturis
718 2462 856 2523 occurrit.¹
874 2463 1096 2524 Diciturantenr
1110 2463 1244 2524 Christus

85 2537 191 2600 sedere
211 2539 248 2598 ad
267 2537 413 2600 dexteram
432 2537 543 2611 Patris,
564 2558 630 2616 qura
650 2559 776 2596 summus
802 2539 862 2598 llex
890 2540 1064 2598 constitutus
1091 2540 1156 2618 (qui
1182 2541 1244 2600 cius

85 2615 208 2676 nomine
228 2616 368 2692 mundum
388 2613 550 2696 gubernet)
570 2613 652 2694 quasi
671 2615 827 2674 secundam
849 2615 884 2674 ab
907 2637 943 2675 eo
965 2616 1086 2674 honoris
1107 2615 1241 2698 etirnpe-

86 2691 125 2752 rii
150 2694 249 2753 sedem
278 2691 403 2752 obtinet.
443 2691 536 2750 Sedet
560 2709 633 2772 ergo
655 2689 788 2750 Christus
809 2693 845 2750 ad
865 2692 960 2751 Patris
983 2687 1148 2766 dexteram,
1175 2693 1241 2771 qnia

85 2770 148 2830 eius
169 2783 214 2831 est
231 2769 369 2831 vicarius:
389 2779 418 2828 et
438 2769 507 2828 ideo
527 2780 650 2828 vocatur
670 2767 741 2828 baec
761 2767 878 2830 dextera
891 2769 1013 2839 virtutis,
1030 2769 1101 2847 ¹quia
1115 2789 1175 2827 non
1188 2768 1242 2828 nisi

84 2867 143 2926 per
161 2869 278 2908 manum
297 2845 366 2906 Filii
384 2846 428 2905 sui
452 2843 588 2906 virtutem
604 2861 693 2904 ‘suam
720 2865 799 2904 nuuc
824 2845 905 2904 Deus
929 2843 1049 2918 exserit,
1073 2866 1106 2905 ae
1127 2845 1174 2904 die
1196 2844 1241 2904 ul-

85 2924 160 2984 timo
181 2923 319 2984 iudicium
339 2922 483 3003 proferet.
1064 2939 1070 2950 ·

162 3007 209 3069 65.
250 3001 338 3060 Tunc
366 3021 494 3060 summus
520 2996 684 3059 sacerdos*
714 2998 792 3058 Hinc
817 2999 1025 3090 perspicimus,
1053 3019 1138 3078 quam
1167 2997 1239 3058 nihil

83 3078 254 3158 proluerint
273 3077 350 3168 apud
368 3079 408 3138 im
432 3077 476 3138 ios
487 3077 557 3138 istos
568 3075 719 3150 miracula,
739 3075 1137 3155 quibusllrvinitatemsuam
1151 3087 1239 3136 testa·

84 3167 131 3215 tus
151 3165 214 3214 erat
229 3153 370 3214 Cbrrstus.
410 3099 471 3214 §ed
491 3152 563 3212 nihil
583 3153 688 3211 mirum
708 3164 762 3229 est,
780 3152 834 3214 sub
856 3153 956 3212 humili
966 3153 1042 3212 servi
1056 3153 1151 3212 lorma
1164 3173 1238 3212 con·

82 3242 227 3312 temptum
247 3229 283 3290 ab
304 3229 361 3290 illis
381 3229 469 3290 luisse
489 3227 675 3302 DeiFilium,
695 3250 769 3320 quos
789 3223 867 3289 nulla
888 3230 1029 3320 tangebat
1047 3228 1146 3289 salutis
1166 3248 1238 3308 pro-

81 3309 186 3368 missae
206 3329 283 3368 cura.
322 3307 385 3367 Nisi
405 3307 482 3366 eninr
502 3305 622 3384 pr'orsus
643 3317 788 3366 exuissent
800 3327 917 3365 omnem
940 3307 1045 3373 aetatis
1064 3322 1191 3378 sensum,
1207 3305 1237 3362 in

83 3397 160 3445 statu
180 3383 335 3474 deplorato
346 3383 471 3444 sollicite
485 3383 521 3442 ad
533 3383 763 3462 llerlemptorem
775 3403 826 3442 eos
836 3329 989 3444 attendere
1001 3381 1137 3442 decebat:
1159 3403 1237 3440 nunc
1259 3385 1262 3400 '

81 3461 151 3522 dum
171 3483 275 3521 omrssa
295 3460 486 3540 inquisitione
508 3457 639 3517 oblatum
658 3459 715 3520 sibi
734 3471 886 3549 respuunt,
907 3481 944 3518 an
965 3481 1025 3517 non
1039 3458 1237 3538 exstinguunt,

85 3550 226 3616 quantum
251 3539 282 3597 ῐιι
307 3558 338 3597 se
365 3547 426 3610 est,
451 3555 552 3594 omues
577 3535 636 3595 Dei
661 3536 890 3614 promissrones't'
928 3537 972 3596 Ac
998 3535 1095 3614 primo
1121 3533 1238 3612 quidem

81 3637 208 3674 summus
227 3613 364 3674 sacerdos
385 3612 534 3672 Christum
555 3610 727 3690 pronuntiat
746 3610 961 3691 blasphemum:
982 3611 1090 3669 deinde
1109 3608 1236 3668 subseri-

82 3691 158 3751 bunt
182 3691 240 3750 alii.
279 3693 324 3750 Ae
346 3690 471 3750 vestium
495 3689 634 3748 laceratio
660 3687 738 3748 clare
764 3688 908 3761 ostendit,
934 3709 1020 3766 qoam
1045 3685 1182 3744 audacter
1202 3707 1236 3744 ac

82 3767 218 3858 improbe
246 3766 349 3826 falsum
368 3765 462 3826 zelum
490 3764 654 3826 obtendant
675 3764 793 3844 prol'ani
816 3763 875 3822 Dei
900 3774 1127 3841 contemptores.
1169 3762 1236 3820 lloc
1259 3796 1263 3803 ·

81 3846 200 3924 quadem
219 3864 332 3905 summo
351 3843 505 3902 sacerdote
524 3841 645 3920 dignum
666 3853 744 3917 erat',
770 3863 858 3920 quum
878 3841 937 3899 Dei
963 3859 1071 3898 nomen
1092 3835 1236 3916 probrose
1281 3841 1288 3854 ⁸

80 3921 185 3982 violari
205 3921 328 3996 audiret,
348 3941 409 3980 nou
429 3918 519 3979 modo
539 3917 617 3976 intus
635 3917 681 3977 uri
698 3939 731 3978 ac
752 3916 885 3990 cruciari,
904 3917 955 3975 sed
976 3914 1177 3974 detestationis
1196 3913 1236 3970 si·
1312 3957 1316 3962 .

80 4017 170 4080 gnum
191 3997 286 4078 palam
308 3999 389 4057 dare:
410 3994 461 4056 sed
482 4013 600 4054 eramen
620 3995 789 4074 repudians,
808 4005 998 4072 praepostere
1015 3990 1071 4050 sibi
1084 3989 1236 4070 ipseblas-

80 4075 225 4153 plremiarn
246 4071 396 4135 confinxit
435 4071 554 4131 Interea
575 4082 671 4130 tameo
694 4071 818 4150 perfidus
839 4067 1002 4148 hypocrita,
1022 4065 1145 4128 alienam
1168 4087 1235 4146 per-

10 4189 12 4196 ,
79 4171 181 4210 sonam
200 4151 355 4226 sumendo,
374 4149 431 4210 Dei
451 4148 539 4208 servis
560 4147 757 4228 praescripsit,
777 4167 863 4223 qnam
884 4145 1011 4226 graviter
1029 4143 1168 4204 ferendae
1178 4143 1236 4202 sint

78 4225 289 4306 blasphemiae,
309 4248 421 4308 suoque
443 4221 577 4304 exemplo
590 4237 705 4304 ttupem
717 4243 820 4283 eorum
832 4221 978 4302 ignaviam
989 4221 1146 4294 darrrnavit,
1162 4241 1236 4300 quos
