2814 4846
182 186 241 253 m
318 269 323 278 .
441 178 596 247 SECTIO
616 182 654 244 X.
691 183 785 244 lasus
805 195 848 242 nr
867 133 1061 246 tiemari
1125 257 1131 264 ,

182 337 215 398 iu
235 355 323 420 quem
349 336 439 420 finem
463 336 740 418 usurpet'Christus
764 336 832 400 istas
857 335 1026 417 parabolas:
1056 319 1219 418 eiprobrat
1237 335 1325 400 enim

182 407 346 476 Pharisaeis
367 412 518 490 Christus,
542 415 625 495 quod
642 424 818 494 conceptam
841 411 920 475 intus
939 413 1079 474 malitiam
1097 413 1196 478 verbis
1217 416 1325 478 decla-

181 503 260 552 rent.
296 488 384 552 Adde
409 491 489 570 qnod
510 489 622 552 iuratos
646 492 745 552 hostes
768 510 831 550 esse
854 508 1055 574 cognosceus,
1086 511 1149 552 sum
1173 504 1202 552 ta
1228 513 1326 554 occa-

181 568 267 630 sione
286 566 323 629 ab
343 589 402 628 una
422 567 567 628 calumnia
585 579 678 627 totam
698 587 801 628 eorum
819 566 909 627 vitam
928 567 1072 642 traducit,
1101 580 1132 628 et
1150 513 1241 628 idem
1262 569 1325 632 illis

181 646 277 784 :lli
290 643 1324 800 nlllffisl‘tttlllffltttttlttlmtlllssl'ttftltt

180 799 286 858 intimo
313 796 404 858 corde
428 809 550 857 manant
572 797 645 858 boni
668 816 837 870 sermones,
866 798 918 858 sed
943 743 982 861 ill<
1000 799 1119 859 summis
1150 743 1323 878 (utlltiunt)

181 874 269 936 labris
288 887 463 946 nascuntur,
484 885 528 934 est
546 886 646 936 tamen
666 874 724 936 hoc
743 885 890 954 perpetuo
909 895 1027 951 verum,
1050 873 1144 936 malos
1163 896 1322 938 sermones

180 951 250 1012 mali
270 949 367 1013 cordis
386 961 475 1012 testes
496 969 568 1011 esse.
652 987 655 995 Δ

254 1033 303 1093 36.
352 1025 403 1088 Da
433 1047 601 1119 quomoqra
629 1024 724 1090 undo.
772 1026 987 1110 Argumentum
1017 1039 1062 1088 est
1092 1049 1109 1088 a
1137 1026 1249 1090 minori
1281 1029 1322 1091 ad

178 1104 285 1165 mains:
324 1125 393 1164 nam
421 1125 445 1164 er
477 1125 573 1164 omnis
601 1123 697 1164 sermo
722 1103 831 1164 inutilis
857 1105 893 1165 ad
918 1103 1060 1176 calculum
1085 1106 1234 1167 vocandus
1261 1119 1320 1182 est,
1389 1125 1392 1150 ι

180 1181 332 1260 quomodo
352 1180 514 1242 manifestis
527 1179 715 1262 blasphemiis
730 1193 866 1259 pasceret
876 1180 958 1242 Deus
979 1193 1010 1244 et
1027 1181 1190 1264 sacrilegae
1209 1202 1319 1244 eorum

178 1257 371 1347 petulantiae,
391 1257 441 1338 qui
461 1254 597 1320 adversus
634 1255 738 1316 loriam
758 1256 819 1320 eius
838 1255 965 1320 latrant?
1005 1257 1111 1319 Sermo
1125 1257 1235 1318 otiosus
1278 1281 1317 1320 ro

178 1334 275 1395 inutili
295 1333 453 1416 accipitur,
479 1333 530 1412 qui
550 1334 612 1394 nih'
644 1331 856 1396 aedilicnfienis
875 1333 922 1396 vel
941 1334 1053 1396 fructus
1073 1335 1171 1395 all'ert
1209 1337 1242 1395 lll
1277 1335 1316 1396 tis

177 1409 236 1473 ltoc
255 1413 372 1474 videtur
390 1410 476 1473 nimis
495 1409 520 1470 ri
545 1411 638 1470 'duma
676 1430 778 1472 verum
802 1410 827 1470 si
854 1422 1036 1491 reputamus,
1065 1413 1101 1472 ad
1120 1431 1210 1491 quern
1230 1435 1318 1474 usum

177 1485 322 1550 formatae
342 1490 401 1550 sint
420 1487 507 1549 nobis
522 1431 661 1570 linguae,
687 1485 795 1548 merito
814 1508 884 1548 reos
903 1487 968 1548 lieri
988 1487 1160 1561 fatebimur,
1193 1489 1245 1568 qui
1266 1510 1318 1550 eas

176 1575 290 1627 temere
315 1565 430 1627 frivolis
453 1563 540 1646 nugis
564 1561 719 1638 addicunt,
748 1564 884 1643 adeoque
913 1564 1101 1644 prostituunt
1151 1567 1217 1626 Nec
1241 1587 1317 1630 vcro

177 1640 243 1705 lere
264 1644 402 1704 delictum
429 1651 489 1714 est,
518 1651 668 1720 tempore,
700 1639 783 1719 quod
806 1639 934 1702 sollicite
959 1641 1104 1702 redimere
1127 1663 1184 1704 nos
1205 1641 1316 1702 Paulus

177 1719 261 1780 iubet
280 1719 364 1800 (Col.
384 1725 419 1791 4,
437 1721 498 1791 5.),
527 1715 563 1776 ad
589 1736 635 1777 res
661 1715 781 1776 frivolas
800 1716 891 1777 abuti.
932 1716 1033 1792 Quum
1051 1739 1123 1780 ¹vcro
1142 1739 1234 1779 nemo
1254 1731 1316 1780 tam

115 1861 121 1880 „
176 1817 281 1886 parcus
300 1796 340 1856 sit
357 1792 521 1874 loquendo,
539 1804 659 1873 tamque
691 1795 831 1854 rudenter
850 1793 906 1854 sibi
926 1805 1082 1874 temperet,
1102 1793 1173 1874 quin
1184 1794 1315 1856 subinde

175 1893 208 1932 ru
227 1872 341 1951 aliquos
359 1889 511 1932 sermones
531 1869 644 1930 otiosos
663 1813 794 1947 dillluat,
813 1881 894 1930 certa
913 1869 1031 1950 quidem
1050 1892 1105 1932 nos
1125 1891 1231 1934 omues
1249 1894 1315 1932 ma-

175 1959 229 2010 net
253 1947 435 2084 desperatio,
474 1946 498 2008 si
521 1966 635 2008 summo
659 1946 724 2007 iure
747 1945 902 2014 nobiscum
927 1959 1030 2030 agqret
1052 1946 1211 2008 Dominus.
1251 1949 1316 2011 Sed

177 2024 245 2103 quia
259 2025 290 2086 in
332 2045 369 2085 oc
389 2023 509 2083 lundata
527 2035 572 2084 est
586 2021 685 2084 salutis
705 2035 823 2084 nostrae
843 2023 960 2099 fiducia,
980 2024 1062 2104 quod
1079 2023 1162 2085 Deus
1182 2025 1214 2085 in
1234 2026 1314 2086 iudi·

176 2101 254 2163 cium
273 2121 336 2162 non
353 2099 478 2161 intrabit
496 2099 666 2175 uobiscum,
696 2111 728 2160 et
768 2111 883 2176 eccata,
913 2121 988 2181 quae
1012 2101 1180 2162 innumeras
1199 2115 1315 2164 mortes

174 2190 340 2254 merentur,
366 2176 492 2262 gratuita
512 2176 664 2237 oblivione
683 2195 754 2310 sepe
768 2175 823 2252 'et,
842 2197 904 2237 non
925 2177 1106 2252 dubitemus,
1146 2178 1199 2237 uiu
1220 2179 1314 2241 totius

174 2254 252 2316 vitae
272 2267 391 2316 nostrae
410 2264 524 2314 reaturo
543 2251 667 2314 abolens
687 2274 722 2314 cu
757 2273 803 2313 am
816 2198 1151 2334 vaniloquentiaesimdl
1164 2255 1313 2346 ignoscat.

173 2333 249 2394 Nam
269 2331 422 2412 Scriptura
455 2329 492 2390 de
521 2329 631 2392 iudicio
656 2327 716 2389 Dei
736 2273 866 2410 loquens
891 2342 1082 2411 peccatorum
1107 2331 1313 2396 remissionem

173 2407 294 2470 minime
314 2410 429 2470 evertit.
467 2405 587 2468 Interea
606 2425 695 2466 nemo
714 2405 770 2466 sibi
789 2407 957 2490 indulgeat,
975 2406 1028 2467 sed
1047 2405 1130 2468 anxie
1150 2410 1312 2490 unusquis.

174 2507 232 2565 qne
251 2487 368 2548 studeat
385 2485 516 2576 linguam
534 2503 616 2544 suam
636 2483 763 2544 itenere.
801 2483 932 2544 Primum
951 2495 985 2544 ut
1003 2483 1041 2544 de
1060 2483 1148 2546 sacris
1164 2484 1224 2546 Dei
1244 2509 1311 2568 my-

173 2563 268 2625 steriis
292 2583 356 2625 non
381 2562 436 2622 nist
461 2569 635 2621 reverenter
657 2571 688 2620 et
706 2558 806 2620 sobrie
830 2559 1003 2640 loquamur,
1032 2559 1139 2622 deinde
1162 2572 1198 2620 ut
1217 2561 1311 2624 absti-

172 2660 293 2702 neamus
313 2660 330 2701 a
348 2636 463 2700 scurrili
482 2636 662 2718 loquacitate
682 2636 821 2717 saumque
842 2637 965 2712 facetiis,
984 2635 1136 2716 multoque
1155 2638 1251 2720 magis
1270 2641 1311 2701 ab

171 2713 272 2778 hostili
297 2714 515 2777 maledicentia:
555 2713 684 2792 denique
712 2733 804 2795 opera
830 2713 925 2776 danda
946 2724 1005 2790 est,
1033 2725 1067 2774 ut
1086 2735 1183 2776 sermo
1205 2729 1313 2780 noster

129 2853 136 2864 ,
171 2793 232 2856 sale
251 2794 290 2854 sit
309 2793 444 2855 conditus
464 2788 549 2869 (Cot.
568 2797 598 2864 4,
616 2793 670 2864 6.).

246 2877 295 2938 37.
332 2869 389 2930 Ex
412 2866 497 2928 dicti-r
513 2869 570 2926 tuis
587 2862 796 2946 uuuficnderis.
833 2866 1029 2928 Proverbium
1053 2867 1176 2950 vulgare
1195 2870 1310 2949 aptavit

170 2948 209 3010 ad
228 2957 413 3027 praesentem
434 2965 563 3005 causam:
594 2963 693 3025 neque
719 2941 798 3002 enim
823 2943 944 3019 dubito,
973 2944 1044 3023 quin
1065 2945 1174 3005 dictum
1194 2945 1252 3006 hoc
1272 2947 1308 3008 in

169 3043 225 3086 ure
249 3021 354 3104 populi
378 3020 497 3082 ce'lebre
523 3031 613 3094 esset,
642 3041 693 3093 sua
719 3039 866 3099 quemque
892 3020 1080 3082 confessione
1104 3021 1151 3084 vel
1173 3023 1309 3084 damnari

169 3099 219 3161 rel
248 3098 371 3160 absolvi.
420 3095 554 3158 Christus
579 3115 652 3160 vero
676 3097 714 3156 ad
737 3117 853 3157 sensum
879 3096 968 3179 paulo
994 3097 1140 3160 diversum
1167 3099 1311 3178 inflectit,

192 3176 252 3238 uod
270 3196 368 3237 sermo
390 3193 558 3256 perversus,
582 3185 617 3234 ut
634 3171 721 3234 index
741 3185 785 3234 est
804 3173 920 3236 latentis
940 3173 1084 3250 malitiae,
1104 3177 1141 3238 ad
1161 3175 1307 3238 damuan-

191 3273 240 3327 nm
264 3251 415 3313 homiuem
444 3249 579 3312 sufficiat.
630 3248 725 3324 Quod
751 3261 848 3311 autern
873 3249 1011 3332 Papistae
1041 3254 1077 3313 ad
1106 3255 1310 3316 enervandam

169 3329 240 3391 fidei
259 3329 397 3392 iustitiam
416 3328 474 3389 hoc
494 3339 645 3407 torquent,
664 3325 780 3407 puerile
792 3338 844 3389 est.
881 3327 1060 3390 iustificetur
1081 3329 1170 3390 homo
1191 3351 1226 3390 ex
1245 3331 1310 3392 stris

70 3396 77 3413 ⁸
138 3406 270 3483 'dictis,
308 3426 372 3467 nou
392 3406 477 3486 'qaod
499 3423 597 3466 sermo
622 3403 750 3466 iustitiae
773 3405 811 3464 sit
834 3425 934 3480 causa,
973 3406 1219 3496 quemadmodum
1243 3407 1308 3468 Dei

169 3484 304 3568 gratiam,
322 3495 357 3544 ut
374 3503 431 3544 nes
470 3501 504 3544 ro
524 3480 606 3543 iustis
626 3493 755 3562 reputet,
774 3481 833 3543 lde
848 3501 1067 3574 consequimur,
1085 3481 1137 3543 sed
1157 3485 1226 3563 quia
1245 3505 1305 3576 pu-

168 3581 218 3626 rus
237 3580 334 3622 sermo
354 3578 409 3622 uos
428 3503 569 3635 alsolvit,
599 3578 638 3619 ne
664 3558 920 3638 deprehendamur
946 3580 977 3619 rn
1002 3558 1104 3642 lingua
1123 3573 1225 3643 nostra
1245 3582 1307 3622 rm-

168 3637 266 3735 probi.
304 3639 353 3698 An
365 3657 428 3698 uon
445 3635 552 3698 insulse
572 3655 607 3696 ex
626 3654 663 3696 eo
683 3634 821 3712 insertur,
838 3635 946 3696 mereri
965 3637 1099 3698 homines
1119 3657 1219 3698 eoram
1230 3637 1305 3698 Deo

167 3714 296 3777 institiae
326 3711 461 3796 guttam?
500 3709 584 3786 Quin
609 3711 707 3791 potius
732 3713 885 3778 doetrinae
910 3724 1029 3774 nostrae
1053 3711 1143 3774 sullra
1168 3725 1232 3774 atur
1251 3714 1308 3778 hie

167 3792 264 3854 locus:
294 3811 363 3852 nam
389 3789 442 3852 etsi
469 3789 505 3850 de
531 3809 616 3850 causa
642 3787 769 3850 iustitiae
793 3802 913 3853 nostrae
937 3811 999 3851 non
1020 3789 1135 3850 disserit
1146 3733 1310 3869 gChristus,

165 3868 322 3942 antithesis
339 3879 440 3928 tamen
459 3865 537 3928 inter
556 3865 615 3927 duo
635 3865 739 3944 rerba,
757 3865 828 3946 quid
842 3865 964 3928 rerbtnn
975 3869 1134 3945 isamficnrr
1142 3867 1166 3930 si
1209 3867 1308 3947 ificet,

122 3997 140 4014 „
167 3945 307 4006 ostendit.
345 3943 470 4024 Papistis
490 3942 646 4004 absurdum
666 3955 725 4017 est,
753 3945 834 4022 quod
860 3943 980 4005 dicimus
1000 3943 1150 4004 hominem
1167 3888 1233 4004 ilde
1254 3945 1306 4006 iu·-

165 4022 300 4097 stifieari,
337 4021 405 4100 quia
430 4021 538 4084 iustum
562 4041 595 4081 re
616 4020 678 4099 ipsa
698 4019 762 4081 lieri
788 4031 819 4081 et
837 4040 900 4083 esse
920 4032 1086 4100 exponunt:
1125 4040 1181 4081 nos
1201 4033 1308 4086 autem

166 4098 274 4158 iustum
294 4097 408 4158 censeri
428 4109 459 4158 et
478 4118 578 4158 coram
596 4097 655 4156 Dei
675 4095 784 4158 iudicio
805 4095 918 4160 absolvi
936 4095 1137 4180 intelligimus,
1178 4099 1303 4158 uemad-

165 4173 287 4236 modum
316 4194 353 4236 ex
381 4194 448 4238 com
471 4173 582 4236 lurilaur
606 4172 776 4256 scripturae
803 4171 978 4236 testimoniis
1007 4173 1110 4254 liquet.
1156 4120 1205 4236 ln
1236 4197 1302 4241 non

165 4251 244 4314 idem
263 4251 418 4391 epplirmat
438 4195 585 4332 διώκω,
610 4270 700 4338 quum
724 4250 881 4316 iustificare
901 4263 932 4314 et
950 4250 1149 4320 condemnare
1167 4251 1248 4318 inter
1266 4273 1304 4318 se

165 4343 307 4413 opponi.
