2756 4838
140 255 198 318 112
414 237 530 306 SECT.
548 231 632 314 'xvi
671 253 751 300 ruso
770 254 803 301 ru
826 251 1027 299 reousmrr.

221 400 326 481 (159.)
373 398 545 464 ΜΛΤἹἯ.
571 397 653 462 xlx.
707 397 756 462 16.
784 395 825 462 Et
853 417 930 461 ecoe
957 415 1042 460 unus
1070 392 1235 460 oeoedens
1263 396 1309 460 eit

136 507 198 582 1111,
219 501 498 590 magisteriam,
526 500 605 588 quid
634 497 714 566 boni
741 498 873 577 faeiem,
903 509 939 564 ut
968 495 1105 563 habeam
1132 501 1233 562 vitam
1256 521 1309 564 se·

135 611 276 676 teroem?
321 606 368 672 ¹7.
400 603 468 692 Qui
490 603 567 670 dixit
590 607 635 682 ei,
664 599 735 670 Cur
756 623 807 668 me
828 621 926 668 voees
947 600 1091 668 bonomi
1125 600 1239 666 nullus
1262 611 1308 666 est

135 713 258 788 bouus,
278 711 354 780 oisi
381 729 465 773 unus
489 706 598 772 Deus:
629 706 746 794 quodsi
773 707 822 771 vis
850 705 891 773 ad
918 708 1014 771 vitem
1045 703 1196 791 ingredi..
1216 725 1308 770 serva

136 813 293 882 mandata.
338 811 386 878 18.
409 811 498 874 Dicit
518 809 582 888 iili,
608 809 724 894 Quae?
750 808 840 873 iesus
862 818 968 876 eutem
991 805 1085 887 dixit,
1107 809 1187 874 Non
1210 807 1307 874 indies

138 916 354 984 homicidium.
410 914 487 978 Non
526 915 703 978 committes
737 911 941 978 adulterium.
997 913 1074 977 Non
1110 911 1214 976 iacies
1244 911 1308 976 iur-

137 1035 213 1088 tum.
257 1021 332 1085 Non
363 1014 478 1082 falsum
507 1014 595 1080 dices
624 1016 850 1082 testimonium.
892 1014 941 1081 19.
970 995 1115 1082 Honora'
1130 1023 1255 1100 patrem
1277 1023 1309 1080 et

107 1135 114 1146 “
138 1135 280 1189 matrem.
324 1122 380 1198 Er,
408 1118 533 1202 Diliges
560 1122 738 1204 proximum
760 1127 849 1183 tuum
871 1128 906 1184 ut
927 1129 959 1183 te
981 1120 1095 1204 ipsum.
1139 1119 1189 1182 2⁰.
1217 1118 1309 1182 Dicit

136 1225 187 1292 1111
214 1223 419 1302 adolescens,
448 1221 568 1288 Omnia
597 1221 677 1287 haec
704 1223 830 1288 servavi
857 1241 875 1285 e
903 1215 1070 1288 iuventute
1099 1241 1184 1287 mee:
1222 1217 1304 1305 quid

138 1329 243 1398 adhuc
269 1327 345 1394 mihi
374 1325 485 1393 deest?
530 1325 582 1390 21.
611 1327 664 1390 Ait
692 1325 742 1391 illi
770 1325 873 1403 iesus,
899 1324 1009 1392 Siris
1036 1323 1200 1410 perfectus
1223 1343 1305 1400 esse,

79 1421 87 1445 ²
137 1433 237 1511 vade,
262 1429 386 1505 vende,
413 1450 497 1515 quae
517 1427 633 1506 hebes,
661 1437 693 1491 et
715 1426 756 1492 da
778 1426 991 1514 pauperihus,
1020 1438 1052 1491 et
1080 1423 1220 1492 hebebis
1238 1423 1309 1490 the-

138 1557 264 1600 saurum
291 1537 324 1598 in
346 1530 457 1598 coelo:
490 1543 521 1598 et
540 1534 632 1611 veni,
664 1539 812 1616 sequere
830 1550 891 1596 me.
944 1531 996 1598 22.
1030 1527 1142 1615 Quum
1166 1526 1321 1606 audisset¹
1368 1527 1369 1534 ’

76 1627 81 1634 ’
138 1649 243 1704 autem
266 1635 457 1702 adolescens
479 1657 551 1700 eum
573 1654 769 1714 sermonem,
799 1632 880 1700 abiit
906 1636 1018 1700 tristis:
1052 1645 1121 1700 eret
1145 1635 1233 1698 euim
1255 1631 1308 1696 he-

139 1742 221 1808 bens
242 1741 464 1826 possessiones
485 1736 608 1805 multas.

222 1969 361 2038 Mene.
382 1971 420 2034 X.
472 1970 521 2035 17.
564 1970 607 2036 Et
633 1991 730 2058 quum
760 1974 862 2037 exiret
882 1975 916 2038 in
938 1976 1038 2052 viam,
1071 1973 1213 2039 occurrit
1241 1975 1308 2057 qui·

123 2077 230 2154 dem,
258 2084 290 2139 et
317 2055 414 2160 duum
442 2093 546 2159 genua
576 2071 729 2153 flexisset,
753 2077 963 2164 interrogovit
991 2097 1079 2152 eum,
1108 2071 1308 2162 Praeceptor

139 2179 246 2256 boue,
273 2175 351 2264 quid
374 2176 503 2254 inciam,
530 2187 565 2242 ut
585 2180 682 2242 vitam
702 2189 865 2246 ueternum
887 2179 1091 2267 possideam?
1134 2179 1186 2244 18.
1220 2179 1309 2244 iesus

140 2293 245 2347 eutem
268 2279 346 2345 dixit
367 2278 423 2359 1111,
446 2279 517 2346 Cur
537 2300 588 2346 me
615 2280 695 2347 dieis
715 2280 860 2350 bonum?
889 2302 986 2349 nemo
1008 2277 1118 2347 bonus
1137 2283 1204 2348 nisi
1228 2301 1308 2346 unus

139 2373 241 2450 Deus.
290 2384 339 2449 19.
371 2383 547 2472 Praecepto
581 2387 680 2450 nosti:
720 2384 772 2454 Ne
800 2388 977 2453 committas
1003 2381 1209 2452 adulterium.
1258 2383 1309 2452 Ne

141 2487 279 2555 occidus.
315 2485 367 2552 Ne
389 2486 515 2552 fureris.
556 2489 608 2554 Ne
632 2485 746 2554 falsum
767 2491 983 2556 testimonium
1007 2486 1106 2554 dices.
1148 2489 1203 2553 Ne
1225 2488 1310 2554 {reu

125 2584 207 2657 'des
251 2591 387 2656 Honora
423 2601 544 2675 patrem
573 2603 661 2655 tuom
691 2602 722 2655 et
748 2601 888 2658 matrem.
930 2593 982 2656 20.
1015 2593 1060 2656 At
1086 2590 1144 2656 ille
1173 2573 1311 2680 resdon·

141 2693 222 2760 deos
244 2691 323 2760 dixit
344 2696 383 2771 ei,
405 2693 615 2780 Praeceptor,
637 2692 717 2758 hoec
737 2697 846 2760 omnio
870 2696 996 2760 servavi
1017 2691 1059 2758 eb
1082 2692 1310 2764 odolescentia

66 2783 69 2796 ¹
138 2819 219 2862 mee.
260 2797 310 2861 21.
342 2797 431 2862 lesus
458 2808 563 2862 autem
590 2791 840 2876 intuitos'eum,
874 2796 987 2864 dilexit
1012 2801 1133 2884 ipsum,
1169 2810 1204 2864 et
1232 2801 1310 2868 dixit

94 2985 102 2996 ἱ
140 2899 201 2975 1111,
233 2899 341 2987 Unum
367 2899 427 2965 tibi
453 2901 559 2978 deest,
586 2897 654 2977 sbi,
682 2920 896 2991 quaecuuque
923 2900 1025 2968 hebes
1052 2901 1176 2983 rende,
1208 2913 1243 2971 et
1270 2905 1310 2971 ds

122 2997 352 3089 ·psuperibus‚
380 3011 412 3066 et
434 2999 568 3070 habebis
591 3002 773 3070 thesaurum
796 3006 830 3069 in
852 3002 965 3070 coelo:
993 3016 1026 3073 et
1047 3009 1138 3084 veni,
1165 3029 1309 3095 sequere

118 3107 206 3182 'rue,
232 3101 359 3169 sublate
386 3107 419 3170 in
448 3105 598 3174 humeros
620 3127 724 3172 cruce.
767 3107 819 3174 22
853 3106 913 3174 ille
939 3128 1019 3173 vero
1047 3109 1198 3176 molestie
1228 3113 1309 3178 atte-

141 3218 209 3272 otos
231 3216 365 3292 propter
379 3211 582 3288 sermonem,
608 3209 688 3275 obiit
718 3231 881 3278 moerens:
906 3209 1048 3277 habebut
1070 3214 1156 3278 enim
1179 3237 1310 3300 posses-

140 3313 249 3377 siones
269 3307 393 3376 mulius.

223 3527 324 3596 LUC.
353 3529 465 3593 XVlii.
509 3528 557 3595 18.
586 3531 626 3596 Et
653 3535 862 3618 interrogovit
890 3555 962 3599 eum
990 3534 1119 3621 quidem
1143 3537 1305 3622 princeps,

140 3631 267 3710 dicens,
294 3633 448 3717 Magister
474 3629 575 3711 boue,
604 3634 681 3720 quid
711 3635 839 3716 faciem,
867 3647 901 3701 ut
929 3657 1110 3724 consequar
1131 3643 1231 3706 vitem
1249 3661 1304 3704 ee-

116 3739 280 3802 aternam?
323 3733 372 3798 19.
400 3733 488 3798 Dixit
515 3747 619 3800 eutem
648 3741 677 3802 ei
702 3742 802 3819 iesus,
830 3738 926 3827 ,Quid
960 3762 1012 3834 me
1045 3741 1127 3808 dieis
1160 3743 1307 3810 bonum?

137 3861 234 3908 nomo
265 3837 372 3904 bonos
404 3839 465 3902 nisi
500 3859 583 3904 unus
611 3839 711 3906 Deus.
772 3841 823 3906 20.
867 3843 1045 3930 Praecepto
1081 3829 1185 3912 nosti:
1228 3849 1310 3914 Non

138 3946 316 4008 committes
343 3924 560 4014 adulterium.x
616 3943 693 4009 Non
720 3945 857 4010 occides
932 3945 1009 4013 Nou
1047 3947 1149 4016 facies
1176 3951 1310 4018 furtim

138 4044 215 4109 Non
237 4045 350 4110 ialsuru
373 4047 588 4112 testimonium
616 4045 712 4111 dices.
756 4047 892 4114 Honora
920 4060 1044 4135 putrem
1071 4063 1161 4120 tuum
1186 4066 1220 4120 et
1240 4077 1310 4121 ms-

137 4157 218 4210 trem
237 4157 332 4212 tuom.
364 4149 488 4231 utor
509 4145 566 4214 iiie
588 4148 679 4225 dixit,
707 4151 798 4216 Haec
819 4157 926 4219 omnia
945 4159 1072 4221 servavi
1093 4177 1111 4222 e
1133 4159 1308 4225 iuventute

137 4267 218 4310 mea.
262 4247 311 4314 22.
340 4251 568 4336 Quoaudito‚
593 4254 681 4318 lesos
703 4257 747 4322 uit
769 4255 833 4338 iili,
859 4257 976 4324 Adhuc
996 4281 1095 4326 uuum
1117 4259 1177 4327 tibi
1200 4262 1308 4353 deest,

135 4351 242 4413 orooia
264 4371 475 4448 quaecunque
503 4353 619 4436 hebes,
646 4356 767 4436 vende,
796 4369 829 4425 et
856 4359 1014 4432 distribue
1041 4363 1241 4454 pauperibus
1273 4378 1306 4432 et
