2790 4838
315 302 379 379 (lb
408 297 490 362 Iesus
510 319 576 360 cuin
596 297 758 380 publicanis
778 267 932 382 coenans.)
991 319 996 329 ·
1069 279 1074 284 .
1128 311 1185 376 211

53 454 188 516 Christus
216 471 385 513 sermonem
409 449 446 512 ad
470 471 573 514 eorum
599 463 716 533 captum
735 457 954 534 accommodat,
982 455 1032 536 qui
1050 468 1083 518 ut
1102 471 1199 520 erant:

51 529 212 603 animales,
243 529 371 590 externis
397 527 485 610 signis
504 529 597 611 magis
616 530 827 608 movebantur,
877 554 943 592 uani
961 544 1056 594 totas
1081 532 1186 596 irituali

53 605 166 668 Christi
193 604 321 681 virtute,
352 626 428 686 quae
452 600 488 665 ad
513 619 662 667 aeternam
686 607 808 666 salutem
833 549 958 670 vaiebit
998 609 1047 669 Sic
1058 555 1186 672 ioannis

51 691 82 756 5,
105 689 160 746 28.
186 682 349 742 efficaciam
373 680 527 763 Evangelii
552 683 588 742 ad
616 683 748 744 homiues
774 683 962 747 vivificandos
979 683 1049 745 iude
1091 687 1188 762 rebat,

51 761 134 840 quod
154 758 262 818 ultimo
283 759 331 818 die
351 769 484 818 mortuos
503 777 576 818 voce
596 780 646 818 sua
667 761 803 822 excitabit
823 783 840 820 e
859 762 1011 842 sepulcris.
1081 764 1139 822 oci'
1162 764 1186 822 i-

50 849 98 896 tur
119 835 159 895 ad
181 855 233 895 eos
253 834 434 909 relellendos
453 833 520 895 satis
541 835 666 894 validum
687 835 742 896 tuit
760 851 975 918 argumentum,
995 838 1100 919 quibus
1113 785 1187 900 nibil

53 912 147 994 pluris
172 923 239 970 erat
263 933 351 1002 quam
371 910 540 971 miraculum
559 909 688 988 visibile,
719 925 752 973 ut
771 934 882 1005 negare
902 935 964 974 non
985 903 1105 996 posient
1125 917 1188 976 iure

52 1001 176 1070 peccata
202 988 348 1047 remisisse
368 985 547 1068 paralytico,
579 988 647 1046 dum
668 989 759 1050 robur
778 991 820 1050 illi
841 990 1033 1083 vigoremque
1053 992 1187 1066 restituit,

54 1066 121 1146 quia
145 1085 181 1124 ex
201 1064 260 1124 boc
281 1063 392 1124 ellectu
411 1064 546 1144 apparuit
565 1075 752 1142 peccatorum
771 1067 913 1127 remissio.
1227 1077 1230 1086 “
1280 1067 1287 1084 ”

131 1147 160 1206 ti
200 1141 374 1200 Paccium
396 1136 499 1200 dudem
520 1143 553 1198 in
576 1155 663 1200 tei-ro.
702 1143 783 1203 Haec
801 1154 930 1223 potestas
949 1143 1041 1226 louge
1061 1145 1116 1204 alia
1137 1157 1190 1220 est,

116 1295 126 1310 ·
170 1237 247 1296 quae
272 1215 425 1296 Apostolis
449 1215 586 1307 mandata
610 1215 682 1306 luit,
711 1229 742 1278 et
767 1240 823 1308 qua
842 1219 932 1280 bodie
952 1219 1113 1310 iunguntur
1131 1223 1190 1282 Ec-

54 1315 162 1356 cesiae
184 1303 333 1372 pastores:
353 1313 414 1352 non
436 1313 514 1353 enim
533 1303 592 1351 tam
608 1294 836 1374 remittuntipsi,
855 1309 1191 1374 quamremissatestan-

53 1385 120 1446 tur,
152 1372 222 1431 dum
246 1370 408 1429 iniunctam
426 1368 483 1428 sibi
502 1367 681 1449 legationem
701 1369 899 1452 promulgant
937 1371 990 1431 His
1009 1384 1106 1432 aulem
1125 1395 1191 1432 ver-

56 1450 100 1508 bis
122 1445 260 1508 Cbristus
280 1467 343 1506 nou
362 1466 392 1505 se
412 1445 575 1506 ministrum
596 1455 626 1504 et
644 1456 749 1526 testem
769 1445 864 1506 solum
883 1446 967 1506 buius
986 1449 1114 1538 gratiae,
1141 1449 1193 1508 sed

58 1525 145 1584 etiam
171 1532 326 1582 auctorem
350 1521 535 1602 pronuntiat
580 1521 641 1581 Sed
669 1543 807 1602 quorsum
833 1523 965 1604 pertinet
989 1525 1136 1584 restrictio
1161 1527 1194 1582 in

56 1605 155 1660 mei
197 1599 271 1678 quid
300 1598 378 1657 enim
403 1597 529 1672 iurabit,
559 1615 615 1657 nos
637 1597 683 1657 bic
703 1598 817 1658 reniam
838 1600 960 1678 adeptos
980 1619 1057 1677 esse,
1088 1599 1144 1659 nisi
1163 1600 1194 1659 id

58 1679 88 1738 in
121 1675 210 1738 coelo
243 1685 339 1734 ratum
370 1673 426 1736 sit?
459 1675 578 1754 ,Nempe
605 1674 702 1734 dicere
727 1663 822 1736 voluit
848 1673 998 1753 Christus,
1026 1697 1065 1737 ne
1089 1676 1194 1756 procul

59 1753 229 1835 quaerenda
249 1750 288 1812 sit
307 1761 494 1830 peccatorum
514 1750 658 1826 remissio,
676 1751 708 1809 in
727 1772 778 1812 sua
798 1772 926 1831 persona
946 1753 1027 1832 quasi
1044 1753 1080 1814 ad
1092 1773 1194 1813 manus

60 1851 121 1890 esse
147 1827 322 1888 bominibus
349 1825 514 1886 exhibitam.
552 1828 626 1886 Nam
647 1829 743 1906 (quae
762 1841 862 1890 nostra
883 1830 982 1890 estad
1002 1825 1195 1890 diffidentiam

58 1905 246 1988 propensio)
273 1923 422 1982 uunquam
446 1913 573 1963 statiuere
593 1903 746 1978 audemus,
774 1903 872 1964 Deum
892 1926 962 1988 erga
981 1927 1037 1966 nos
1057 1924 1118 1966 esse
1140 1905 1195 1966 mi-

61 1983 255 2056 sericordem,
275 1977 330 2039 nisi
350 1999 446 2061 prope
466 1980 607 2040 accedeus
626 2000 659 2039 se
678 1979 765 2040 nobis
779 1980 960 2042 familiariter
968 1983 1102 2064 explicet.
1133 1983 1196 2042 Iam

81 2061 127 2122 uia
153 2061 209 2118 hac
236 2057 273 2117 de
300 2077 384 2116 causa
411 2056 562 2116 deseendit
587 2055 720 2117 Cbristus
746 2057 927 2134 interram,
955 2073 989 2122 ut
1013 2071 1196 2140 praesentem

60 2081 119 2196 bei
144 2134 273 2226 gratiam
294 2131 462 2192 bominibus
482 2131 623 2207 ollerret,
654 2131 761 2192 dicitur
780 2153 878 2201 ceram
898 2147 1018 2215 peccata
1037 2135 1198 2208 remittere,

63 2214 129 2292 quia
152 2233 183 2270 in
205 2231 243 2269 eo
265 2219 296 2268 et
314 2229 370 2299 per
389 2227 454 2270 eum
476 2209 620 2288 patefacta
640 2207 766 2268 luitDci
785 2208 932 2286 voluntas,
952 2231 1025 2292 quae
1038 2211 1197 2271 seeundum
1290 2281 1295 2295 ,

63 2290 157 2352 carnis
176 2306 296 2348 sensum
317 2307 396 2364 prius
416 2296 480 2345 erat
498 2305 585 2365 supra
604 2283 697 2345 nubes
716 2285 897 2348 abscondita.
1070 2351 1073 2358 ,

138 2370 169 2430 8
211 2361 333 2422 Tuscae
349 2383 432 2436 vero,
457 2383 532 2440 quoe
548 2359 687 2423 vidmont.
726 2361 785 2428 Pro
805 2361 996 2427 ridmirmimw
1035 2363 1116 2424 cuius
1136 2383 1198 2424 me-

65 2441 265 2514 minitLucas,
284 2437 390 2518 reliqui
410 2437 468 2496 duo
489 2448 618 2501 ἔκστασιν
636 2435 681 2496 vel
692 2447 844 2528 stuporem
856 2451 985 2516 ponunt:
1001 2407 1098 2498 'Lucas
1112 2438 1199 2499 etiam

63 2525 194 2578 timoren
213 2515 356 2597 adiungit.
395 2514 535 2574 Omnium
555 2523 652 2572 tamen
673 2513 825 2571 consilium
846 2525 890 2573 est
909 2515 1029 2587 docere,
1048 2534 1110 2573 nou
1129 2513 1199 2574 sim-

66 2596 183 2676 pliciter
207 2591 300 2652 modo
324 2589 453 2673 agnitam
478 2589 566 2654 luisse
590 2586 649 2648 Dei
670 2588 823 2664 virtutem,
847 2589 899 2650 sed
920 2589 1111 2649 admiratione
1131 2609 1200 2668 per·

68 2671 163 2732 culsos
184 2669 272 2730 luisse
293 2687 405 2742 omncs,
425 2678 459 2726 ut
476 2665 545 2726 Deo
566 2664 692 2748 gloriam
712 2665 781 2724 dare
802 2677 989 2747 cogerentur.
1022 2665 1129 2724 Timor
1147 2686 1200 2724 au-
1231 2676 1234 2691 ¹

67 2761 143 2820 tem,
172 2747 224 2826 qui
249 2743 473 2804 admirationem
496 2753 634 2822 sequutus
659 2752 717 2813 est,
748 2743 783 2802 ad
809 2741 828 2799 h
852 2742 991 2818 evaluit,
1020 2763 1058 2801 ne
1081 2739 1202 2800 Christo

69 2825 293 2904 obstreperent,
332 2821 382 2880 sed
412 2832 584 2880 reverenter
605 2834 645 2878 'se
676 2817 719 2877 illi
750 2763 957 2878 submitterent
981 2831 1120 2896 tanquam
1141 2817 1201 2876 Dei

68 2901 242 2982 prophetae.
277 2897 442 2958 Matthaeus
463 2896 570 2956 diserte
590 2893 734 2975 exprimit,
753 2893 932 2977 glorificasse
951 2895 1060 2968 Deum,
1078 2893 1128 2972 qui
1148 2893 1202 2954 de-

70 2980 152 3038 derat
176 2974 266 3036 talem
287 2983 462 3053 potestatem
483 2972 666 3045 bominibus,
695 2972 725 3030 in
747 2993 806 3052 quo
826 2973 963 3032 videntur
982 2970 1118 3032 nonnihil
1139 2970 1202 3032 bal-

68 3053 202 3114 lucinati:
223 3071 294 3110 nain
315 3049 368 3109 etsi
387 3051 537 3110 bominem
558 3049 649 3110 oculis
669 3047 828 3128 aspiciunt,
848 3047 998 3108 debebant
1017 3047 1126 3128 aliquid
1145 3047 1203 3106 ho-

72 3131 148 3190 mine
174 3129 260 3188 altius
287 3127 318 3184 in
338 3147 375 3185 eo
395 3139 494 3186 mente
513 3126 678 3206 percipere.
717 3125 809 3184 Recte
829 3126 886 3186 boc
908 3125 1041 3204 quidem,
1072 3123 1151 3203 quod
1171 3123 1203 3182 in

73 3225 228 3268 commuue
255 3202 375 3264 hnmani
400 3203 515 3284 generis
542 3203 654 3262 bouum
679 3201 804 3274 quinis
831 3213 963 3261 naturam
982 3213 1067 3260 tanto
1088 3199 1204 3259 bonore

74 3283 103 3342 iii
134 3281 254 3342 Christo
286 3279 423 3338 allectam
448 3299 509 3339 esse
528 3278 721 3359 praedicant,
758 3279 810 3337 sed
835 3277 902 3357 quia
926 3278 1058 3337 nondum
1084 3277 1206 3356 capiunt

73 3359 167 3423 Deum
193 3358 226 3417 in
251 3377 340 3418 carne
365 3356 593 3430 manifestatum,
624 3353 663 3413 ali
686 3375 724 3412 uo
751 3373 853 3414 errore
878 3353 1018 3433 implicita
1039 3365 1082 3414 est
1102 3373 1205 3414 eorum

76 3435 229 3498 confessio.
268 3434 306 3492 ln
325 3453 435 3492 summa
454 3451 555 3490 verum
576 3441 650 3504 erat,
700 3449 765 3489 eum
786 3429 901 3490 dedisse
921 3429 1008 3490 talem
1029 3439 1206 3509 potestatem

76 3511 258 3585 hominibus,
288 3509 340 3569 sed
364 3507 410 3568 isti
437 3508 524 3569 dandi
548 3509 668 3568 modum
689 3515 720 3564 et
736 3507 881 3566 rationem
901 3506 1034 3566 nondum
1054 3505 1206 3578 tenebant,

76 3589 178 3670 quibus
197 3589 304 3672 ignota
324 3595 387 3645 erat
404 3585 464 3646 Dei
483 3585 615 3646 maiestas
635 3603 701 3644 cum
721 3603 809 3648 carne
830 3581 996 3644 coniuncta.

115 3819 198 3898 (75.)
241 3815 412 3880 ΜΑΤΊῊ.
441 3817 492 3880 ix.
534 3817 563 3878 9.
590 3814 631 3877 Et
657 3813 857 3899 praeteriens
881 3813 970 3876 lesus
992 3809 1095 3884 illiue,
1128 3804 1209 3869 vidit
1270 3809 1271 3814 ’

76 3912 237 3984 bominem
259 3915 423 3982 sedentem
447 3915 489 3982 ad
511 3911 675 3992 telonium,
696 3914 895 3980 Malthaeum
915 3913 1056 3990 nomine,
1077 3917 1109 3974 et
1132 3906 1210 3973 dicit

78 4023 115 4096 ei,
134 4019 285 4105 Sequere
305 4039 366 4083 me.
399 4018 506 4103 Atque
528 4019 554 4078 is
576 4033 708 4100 surgens
728 4025 884 4102 sequutus
906 4025 953 4078 est
964 4015 1076 4096 ipsum.
1105 4008 1154 4073 10.
1168 4007 1209 4070 Et

78 4115 192 4182 iactum
223 4129 284 4192 est,
317 4129 352 4183 ut
379 4121 447 4204 ipsc
477 4113 681 4180 accumberet
709 4118 742 4180 in
771 4113 859 4178 illius
888 4113 1036 4188 aedibus,
1073 4119 1105 4174 et
1133 4129 1209 4185 eece

78 4219 165 4284 multi
185 4217 353 4305 publicani
376 4231 408 4285 et
428 4229 629 4304 peccatores,
661 4217 716 4300 qui
736 4223 910 4292 venerant,
937 4207 1030 4278 simul
1051 4206 1212 4276 accubue-

79 4333 150 4384 runt
177 4343 251 4384 etun
276 4321 349 4384 lesu
377 4331 409 4386 et
430 4316 597 4403 discipulis
618 4317 697 4380 eius.
741 4317 790 4380 11.
819 4315 861 4379 Et
881 4312 1028 4378 videntes
1049 4312 1211 4376 Pharisaei

80 4419 226 4487 dixeritnt
246 4419 412 4506 discipulis
432 4423 516 4498 eius,
547 4415 622 4484 Cur
640 4437 710 4506 cuni
732 4413 914 4515 publicanis
933 4421 971 4559 pq
980 4407 1212 4536 peccatoribus
