2764 4846
485 279 576 376 ANN5
597 267 738 340 tibiis.
827 359 832 364 ·
1088 297 1203 344 xxxvii

44 451 146 489 carnin
168 429 432 509 blasphemiarum
453 441 617 506 auctorem,
648 433 708 492 imo
736 433 823 492 etiarn
844 445 876 492 tit
937 435 1117 496 idtlicismo
1137 437 1199 498 iit'e

43 507 287 566 Mshumeiismo
314 507 425 566 aditum
452 509 599 584 aperuerit
625 509 809 568 calumniari:
850 511 899 601 qui
924 533 955 576 us
981 507 1199 620 ⁴tamen'pltiirtp¹
1226 549 1229 557 ·

44 584 250 642 stertentibus
273 604 323 642 eas
344 583 421 662 ipsas
443 583 637 664 blasphemias
658 586 768 664 primus
787 585 989 660 Calvinus,⁴ac
1009 597 1104 668 paene
1119 601 1198 650 uuus

45 671 151 718 iiostm
176 671 321 739 tempore
343 670 428 720 tantu
450 659 553 719 labore
572 663 718 744 coarguit.
760 662 893 722 Lutetiae
918 669 1004 722 vero'
1023 668 1072 743 (ut
1095 666 1132 723 ad
1154 666 1196 723 bi-

43 737 170 796 storiam
199 748 337 796 nostram
364 739 512 811 revertar)
545 736 708 797 Cardinalis
734 737 785 798 ille
803 739 1017 822 Lotbariugus,
1044 759 1091 800 »eii
1116 728 1202 802 cuius'

45 825 115 871 nutu
137 823 256 873 cuncta
277 813 342 872 Reii
362 811 599 888 administrabat,
629 811 757 873 criminis
782 816 937 876 haereseos
958 813 1197 898 cdgnitionema

44 889 196 950 iudicibus
220 889 383 950 ordinariis
403 901 434 950 et
454 888 543 964 laicis,
564 909 637 969 quos
656 901 775 964 vocarit,
795 891 831 951 ad
846 892 1028 952 Triumviros
1051 891 1195 954 Casilina-

46 963 86 1024 lcs
105 967 283 1026 traducere·
297 977 431 1040 conatus,
452 977 636 1046 repugnante
647 967 785 1028 divinitus
806 968 903 1048 potius
923 989 1009 1047 quam
1030 969 1195 1030 humanitus

48 1042 212 1102 parisiensi
234 1041 445 1116 Parlamento,
466 1053 570 1122 utpote
591 1044 670 1122 quod
690 1063 770 1103 suam
791 1044 890 1123 ipsius,
910 1065 973 1103 non
995 1044 1107 1105 Christi
1122 1049 1194 1118 cau-

47 1139 104 1178 sam
125 1129 249 1212 ageret,
270 1129 368 1178 totum
380 1119 451 1179 illud
465 1117 606 1178 nefarium
618 1121 771 1190 consilium
784 1119 890 1180 omisit.
919 1121 980 1182 Sed
994 1129 1136 1182 extremus
1148 1123 1203 1184 bic'

47 1215 140 1255 aniius
161 1195 285 1254 initium
304 1195 392 1266 nobis
413 1195 530 1254 maioris
550 1195 643 1256 luctus
664 1196 775 1270 attulit,
802 1209 944 1276 correpto
962 1210 1102 1276 quartana
1124 1198 1194 1259 Cal-

47 1273 117 1331 rino
139 1292 249 1332 mense
265 1271 408 1346 Octobri,
429 1291 515 1351 quem
528 1272 665 1332 morbum
686 1273 795 1352 experti
815 1271 934 1332 tandem
953 1283 1049 1360 suip'us
1062 1275 1194 1358 'tiii'nium

48 1370 116 1408 rere
138 1350 244 1409 dicere
270 1349 403 1408 medicos
429 1347 547 1407 senibus
574 1348 853 1420 mortiferumcsse.
885 1349 1052 1420 'Etsigenim
1072 1351 1202 1412 morbus*
1306 1393 1310 1404 ι

49 1425 96 1484 illc
118 1425 255 1487 Calvino
278 1424 457 1485 octimestris
475 1436 588 1492 tantum
610 1423 686 1498 luit,
712 1426 757 1484 sic
775 1433 874 1484 tamen
898 1426 1102 1504 corpusculum
1122 1427 1194 1496 illud

49 1503 243 1561 macilentum
266 1514 297 1561 et
317 1501 472 1561 laboribus
491 1521 524 1560 ae
544 1487 655 1561 viribus
676 1501 806 1561 attritum
828 1499 974 1574 coniecit,
993 1509 1026 1560 itt
1045 1509 1194 1581 utinquam
1229 1532 1233 1546 -

50 1593 150 1657 postea
171 1579 296 1658 penitus
318 1577 512 1638 convaluerit
552 1577 673 1636 Interim
693 1577 760 1651 ille,
814 1577 976 1636 uantumvis
1002 1579 1202 1650 monentibus·

50 1655 168 1714 nrdic'u
191 1666 223 1714 et
246 1655 466 1714 obtestantibus
486 1653 589 1726 nobis,
609 1665 641 1712 ut
660 1673 723 1714 sese
742 1597 861 1714 taciem
881 1653 1041 1732 aliquando
1062 1655 1191 1748 respice-

51 1743 103 1805 ret,
122 1731 279 1792 abstinere
301 1731 423 1810 quidem
443 1731 607 1790 necessario
629 1751 644 1790 a
666 1731 858 1790 concionibus
880 1740 909 1790 et
929 1729 1191 1809 praelectionibus,

50 1807 259 1868 intereavero
281 1807 376 1868 literis
402 1805 529 1885 undique
553 1827 589 1866 ue
615 1806 757 1866 dictandis
775 1817 814 1866 ¹et
837 1805 929 1868 variis·
948 1805 1203 1881 seribendit¹'dies;

50 1905 82 1944 ac
100 1895 207 1945 noctes
230 1883 424 1964 impendere,
455 1890 509 1942 nec
530 1827 607 1942 alliud
628 1881 736 1946 babere
751 1881 939 1962 'frequentius
959 1882 995 1940 iu
1010 1903 1079 1958 ore,
1104 1891 1202 1964 quadi·

49 1961 101 2020 siti
120 1961 264 2020 acerbam
286 1981 350 2020 esse
368 1960 459 2020 vitani
479 1971 511 2016 ut
530 1959 593 2039 ipse
613 1958 711 2018 aiebat
724 1959 865 2034 otiosam,
885 1964 974 2038 quum
996 1979 1051 2018 nos
1071 1959 1190 2019 interim

49 2038 178 2098 valentes
198 2037 290 2097 otiosi
312 2056 385 2116 prae
405 2034 459 2094 illo
479 2035 570 2096 videri
591 2056 748 2114 possemus.
787 2036 858 2096 Eius
877 2035 920 2094 rei
947 2046 1035 2094 testes
1055 2049 1123 2098 suot
1140 2037 1189 2096 nl·

51 2113 118 2174 tima
145 2113 339 2174 Christianae
366 2111 561 2171 institutionis
597 2112 688 2171 editio
713 2123 775 2170 tum
800 2111 889 2171 latina
914 2123 976 2184 tum
1006 2111 1127 2191 gallica,
1160 2122 1203 2172 ct·

51 2187 266 2250 commentarii
288 2190 320 2248 in
332 2187 457 2248 Iesaiam
476 2188 571 2248 abeo
590 2209 653 2247 non
673 2199 731 2247 tani
753 2187 899 2248 emendati
919 2186 1033 2266 (quales
1047 2189 1111 2249 illos
1125 2190 1202 2250 G'aa'

51 2265 133 2328 lasiiis
154 2288 190 2326 ex
210 2287 264 2328 ore
284 2264 487 2347 praelegentis
508 2277 645 2346 exceptos
661 2265 828 2344 ediderat),
870 2283 955 2344 quam
981 2265 1050 2325 riori
1069 2285 1188 2346 prorsus

51 2343 154 2404 missi.
668 2347 674 2370 ⁸
736 2355 738 2360 ’
1037 2353 1061 2365 ”
1199 2353 1202 2362 ’

347 2451 350 2458 i
810 2442 813 2455 i
869 2447 872 2456 .
939 2427 964 2454 ia
1019 2444 1041 2456 ,·
1090 2442 1124 2459 ,0
1198 2439 1204 2454 ι

122 2499 243 2578 (1559.)
270 2495 403 2580 insignis
424 2497 478 2559 luit
503 2517 595 2559 annus
617 2515 801 2576 consequeris
822 2495 946 2556 duorum
967 2491 1202 2578 potentisslmm'

53 2595 114 2632 rum
132 2595 239 2657 regum
261 2595 336 2654 pace
358 2575 515 2634 arctissima
538 2595 574 2633 ue
596 2585 747 2634 contracta
767 2571 926 2644 affinitate,
947 2579 1089 2658 extrempp
1109 2567 1187 2655 idem

54 2651 172 2710 lortasse
195 2651 371 2710 Genevensi
392 2651 499 2710 civitati
518 2597 644 2724 iuturus,
664 2647 719 2708 nisi
739 2645 962 2706 Pontificionim
983 2640 1116 2732 consilia,
1136 2661 1186 2730 ppi

53 2727 139 2808 llcgis
157 2727 284 2788 Hearici
304 2726 492 2806 simplicitate
512 2724 720 2800 abutebantur,
740 2723 876 2783 divinitus
897 2721 1019 2781 fuissent
1033 2715 1187 2806 impedita.

55 2801 179 2864 Constat
197 2805 276 2864 enini
298 2802 478 2877 Henricum,
511 2803 698 2866 severissimis
723 2800 829 2884 positis
846 2797 970 2881 ¹edictis,
1001 2797 1135 2884 adeoqpe
1154 2811 1187 2850 iii

53 2901 198 2940 carcerem
217 2880 362 2940 coniectis
384 2879 496 2958 aliquot
508 2879 720 2939 Parisiensibus
740 2873 1021 2955 senatoriburmai
1034 2882 1201 2962 tantispers

54 2958 117 3015 duni
138 2955 324 3026 Concilium¹
338 2955 705 3038 universalecogeretur,
744 2954 840 3013 anitius
866 2953 897 3011 iii
923 2968 1007 3011 causa
1030 2947 1191 3038 religionis

54 3035 198 3114 agendum
208 3032 398 3108 censebant),
419 3033 475 3092 boc
496 3053 585 3091 unum
606 3031 746 3112 imprimis
757 3029 815 3090 sibi
833 3029 1019 3110 propositum
1039 3025 1186 3098 babuisse,

54 3122 83 3167 ut
101 3109 237 3170 restituta
258 3129 312 3168 suo
333 3107 412 3168 Duci
432 3109 578 3168 Sabaudia
600 3109 751 3168 Generum
778 3105 909 3165 funditus
927 3111 1088 3165 everteret:
1119 3100 1199 3177 Gi?

54 3205 141 3248 uerae
161 3199 266 3246 contra
287 3185 443 3244 laborante
463 3186 603 3264 imprimis
616 3183 743 3245 Calvino
757 3176 1185 3262 quantumvisraletudinario,

54 3275 137 3342 atque
157 3275 220 3321 tinia
241 3260 413 3342 gravissime
438 3261 561 3321 afflictas
588 3262 723 3327 ecclesias
745 3269 926 3394 'cunctosp’ue
946 3257 1049 3347 iratres
1075 3251 1185 3345 ¹coufir-¹

52 3350 162 3416 nante,
199 3352 264 3399 tum
291 3337 379 3400 etiam
404 3337 541 3418 precibus
569 3337 689 3398 assiduis
715 3357 802 3416 opem
829 3355 844 3394 a
898 3353 997 3394 omino
1024 3333 1185 3467 Ηεέιῐαιιὶς.

52 3415 127 3476 Ecce
147 3435 221 3476 vero
241 3417 273 3476 in
294 3415 395 3474 medio
415 3414 466 3474 illo
486 3427 548 3474 tum
569 3414 673 3495 procul
692 3425 754 3474 tuin
775 3433 808 3471 ex
822 3409 1054 3492 proximoGene
1074 3424 1119 3465 am
1139 3419 1206 3464 ria
1252 3417 1259 3434 ¹

53 3503 138 3572 gente
166 3505 286 3552 terrore
312 3491 376 3550 Rex
406 3491 437 3549 in
466 3489 531 3551 iso
562 3490 802 3550 celebrandarum
835 3487 1001 3566 uuptiprum
1033 3493 1185 3564 apparatu,

54 3569 152 3647 quibus
173 3590 279 3650 pacem
299 3565 450 3643 firmabat,
478 3513 603 3627 ludicro
629 3567 773 3634 hastarum
798 3580 943 3626 concursu
968 3560 1056 3622 letale
1080 3557 1184 3618 vulnus
1276 3581 1279 3586 ·

53 3645 190 3736 accipit,
211 3645 303 3724 idque
325 3644 454 3704 eiusdem
478 3644 554 3702 illius
569 3644 715 3717 bominis,
757 3639 871 3702 comitis
896 3639 1033 3699 videlicet
1052 3637 1184 3766 blonplo-

53 3723 132 3784 inerii
152 3743 252 3798 manu,
273 3722 332 3794 cui,
352 3720 440 3802 regiis
459 3720 650 3799 stipatoribus
669 3733 739 3779 tunc
750 3717 918 3791 Praefecto,
937 3715 1096 3774 Senatores
1116 3731 1125 3766 ι
1151 3727 1184 3767 os

53 3797 346 3879 comprehendendos
392 3796 463 3855 aulo
485 3807 552 3856 ante
575 3797 635 3856 lter
664 3795 726 3930 ippe
754 3796 933 3884 mandaram·
958 3811 1043 3882 quam
1064 3786 1184 3877 caedem
1281 3867 1288 3878 Β

53 3887 149 3953 postea
172 3872 342 3936 Cardiualis
362 3817 559 3954 [lotharingus
579 3873 659 3932 XXI.
707 3871 834 3932 eccmbr.
855 3873 1019 3957 doctissimi
1033 3865 1183 3952 Iuriscon-

54 3951 114 4010 sulti
133 3974 167 4013 ac
190 3949 377 4028 integerrimi
398 3950 560 4023 Senatoris,
580 3947 752 4010 sanctissimi
771 3947 897 4026 denique
910 3943 1019 4006 Christi
1039 3949 1183 4019 martyris,

55 4029 151 4089 Annae
171 4023 286 4108 Burgii
301 4040 397 4086 morte
417 4023 594 4105 iniquissima
615 4027 709 4086 videri
727 4025 821 4085 voluit
838 4022 992 4158 expiasse..
1006 4021 1046 4079 At
1059 4018 1182 4105 Genera

54 4104 188 4186 singulari
201 4103 264 4162 Dei
284 4101 435 4171 benefitio
452 4102 483 4160 in
502 4114 612 4162 tantam
633 4099 841 4168 confidentiam
862 4100 871 4158 i
897 4098 919 4156 is
938 4096 1018 4177 ipsis,
1038 4093 1184 4182 quodum

56 4180 190 4240 credibile
211 4179 260 4256 sit,
280 4178 465 4259 temporibus
485 4189 581 4240 erecta
603 4178 667 4254 luit,
687 4191 825 4258 tanquam
838 4175 971 4236 Domino
993 4192 1026 4232 ex
1046 4173 1182 4261 depensi-

56 4257 103 4315 mis
125 4256 259 4317 tcncbris
286 4253 514 4337 limpidissimam
538 4256 633 4315 lucem
658 4257 763 4315 iterum
790 4266 877 4332 atque
902 4251 1007 4310 iterum
1028 4256 1182 4320 excitante,

57 4345 98 4408 ut,
130 4353 191 4426 quo
221 4353 304 4394 anno
328 4345 358 4393 et
382 4351 476 4412 paene
501 4344 652 4394 momento
672 4332 703 4390 iii
724 4331 810 4411 ipsius
830 4326 948 4418 exitiqm
967 4339 1025 4386 tam
1041 4332 1182 4462 potentes

58 4411 201 4492 principes
222 4410 429 4484 coniurareut,
465 4409 628 4495 magnificis
648 4407 768 4469 aedibus
788 4405 930 4488 gymnasii
950 4405 1037 4486 a'lun
1060 4409 1182 4461 amentis

1234 2788 1255 2820 N
