2768 4834
192 218 250 282 lta
348 221 355 228 '
400 213 554 276 SECTIO
575 213 613 276 V.
651 213 802 278 Muneris
823 212 900 274 Iesu
919 179 1119 288 immolatam.

193 363 360 438 G'enliom:
404 371 453 437 to.
474 367 631 456 Populus,
653 373 710 457 qui
730 366 866 435 sedebat
887 371 920 435 in
943 367 1095 447 tenebris,
1115 367 1199 436 vidit
1222 369 1338 439 lucem

192 493 352 558 magnam:
374 483 406 538 et
428 475 483 558 qni
504 469 663 536 sedebant
684 473 718 536 iu
740 473 873 558 regione
895 468 1028 536 umbrae
1050 474 1170 579 mortis,
1190 471 1250 537 lux
1260 483 1340 539 orta

193 577 319 640 osteis.
368 610 369 618 κ
1155 583 1159 590 “

267 760 314 820 13„
360 749 402 810 Et
425 749 528 812 relicto
555 749 713 812 Nazareth
752 751 851 830 ,llunc
875 753 1016 813 Matthaei
1043 753 1140 814 locum
1166 755 1339 816 narrationi

191 831 291 890 Lucae
320 829 388 906 ideo
413 827 559 890 subiicere
572 829 676 890 *visum
697 839 755 903 est,
788 829 854 908 quia
875 850 909 890 ex
929 841 1067 890 contextu
1088 830 1158 892 licet
1177 832 1245 891 ooll'
1271 853 1339 907 cre,

193 928 284 988 quum
316 905 449 969 Christus
479 906 620 966 hactenus
651 893 755 966 solitds
789 917 864 966 esset
891 907 1079 986 frequentare
1106 907 1209 968 urbem
1265 930 1338 969 aza-

191 982 268 1056 reth,
287 993 321 1041 ut
339 981 475 1066 periculo
493 983 627 1057 cederet,
649 982 703 1042 illa
723 1001 841 1062 prorsus
861 983 959 1046 valere
980 985 1069 1056 iussa,
1090 983 1120 1043 in
1142 986 1339 1118 Capernaum

192 1071 224 1119 et
246 1059 357 1120 vicinas
382 1057 470 1120 urbes
489 1059 534 1124 ,mi
573 1079 644 1122 asse.
690 1059 772 1119 llaec
798 1059 918 1120 bistoria
938 1060 1012 1120 nihil
1032 1059 1121 1120 habet
1141 1061 1187 1122 dil
1206 1061 1338 1138 cultatis,

192 1135 250 1195 nisi
271 1137 351 1214 quod
371 1079 716 1216 Matthaeusllrophetae
734 1135 907 1196 testimonio
927 1137 1032 1196 abusus
1052 1138 1169 1198 videtur
1188 1137 1219 1196 in
1240 1137 1333 1198 alium

191 1230 317 1272 sensum.
352 1213 465 1280 Veram
484 1212 509 1272 si
528 1225 678 1272 teneamus
698 1212 860 1294 genuinum
873 1213 1042 1294 Prophetae
1061 1233 1189 1287 sensum,
1210 1225 1280 1294 apta
1301 1227 1336 1275 et

191 1287 286 1350 facilis
312 1288 368 1350 erit
386 1290 634 1350 'accommodatio
656 1288 692 1348 ad
718 1301 905 1380 praesentem
931 1310 1055 1350 cainam.
1105 1291 1213 1351 Iesaias
1241 1291 1337 1367 enirn,

213 1377 346 1445 ortquam
373 1363 411 1424 de
435 1365 602 1448 gravissima
621 1364 726 1447 populi
746 1364 830 1426 clade
848 1365 940 1427 verba
960 1365 1045 1441 lecit,
1066 1371 1108 1425 'ut
1126 1368 1271 1427 moerori
1281 1389 1335 1428 so-

190 1385 294 1504 ltatium
312 1441 460 1518 adhibeat,
480 1443 636 1522 promittit,
656 1441 708 1501 ubi
727 1441 764 1506 ad
784 1453 913 1502 extrema
932 1444 1068 1504 redactus
1087 1445 1176 1504 luerit
1193 1443 1337 1524 populus,

190 1519 288 1580 statim
306 1520 494 1598 sequuturam
513 1518 732 1590 liberationem,
751 1539 826 1597 quae
847 1518 971 1580 discussa
993 1520 1119 1602 caligine
1140 1521 1237 1581 lucem
1249 1521 1333 1582 vitae

140 1617 144 1627 ·
166 1594 169 1600 ⁴
190 1597 334 1657 restituet.
374 1595 473 1655 Verba
492 1607 578 1673 sunt,
605 1595 676 1654 Non
697 1593 917 1671 obscurabitur,
944 1597 990 1656 cui
1011 1597 1167 1680 continget
1185 1597 1259 1657 baec
1279 1619 1336 1656 an-

157 1726 160 1734 ,
246 1673 286 1744 tia
306 1672 383 1731 iuxta
402 1682 461 1730 tem
484 1693 517 1730 us
536 1671 678 1751 primum,
698 1689 758 1750 quo
779 1671 1038 1754 leviteepercussa
1058 1673 1114 1733 luit
1129 1684 1211 1734 terra
1233 1673 1336 1734 Sebu-

203 1771 243 1809 ou
276 1759 307 1808 et
334 1693 505 1827 naphthali:
545 1768 600 1809 nec
630 1747 706 1807 iuxta
735 1759 794 1808 tem
817 1769 850 1807 us
879 1750 1054 1822 secundum,
1093 1769 1182 1830 quum
1214 1751 1334 1832 gravius

190 1824 293 1888 afflicti
312 1835 381 1884 sunt
399 1823 477 1883 iuxta
496 1823 571 1883 mam
590 1823 677 1884 maris
696 1825 772 1884 ultra
792 1769 951 1887 lordanem
971 1826 1001 1886 in
1022 1825 1154 1888 Galilaea
1176 1826 1334 1888 Gentium.

176 1901 324 1982 ‚Populus
352 1898 430 1959 enim
455 1899 606 1961 ambulans
632 1900 663 1960 in
687 1900 818 1962 tenebris
842 1901 956 1962 videbit
980 1901 1075 1962 lucem
1100 1905 1334 1995 magnamtles.

86 2019 92 2028 ,
190 1980 291 2054 9,1.).
322 1975 445 2067 Duplici
464 1977 628 2038 calamitate
646 1969 705 2037 iam
725 1978 858 2058 oppressi
878 1979 996 2038 lucrant
1016 1981 1181 2040 lsraelitae:
1202 2002 1333 2061 prunum

192 2075 282 2134 quum
302 2075 318 2112 a
339 2051 461 2136 Trglatb
473 2053 586 2114 Pilesar
605 2054 748 2116 abductae
769 2067 868 2134 essent
886 2055 917 2114 in
939 2055 1069 2115 exsilium
1090 2069 1218 2136 quatuor
1235 2057 1335 2118 tribus

190 2131 239 2192 vel
260 2129 393 2190 circiter:
414 2129 521 2190 deinde
542 2152 632 2211 quum
644 2130 844 2192 Salmanassar
862 2143 960 2192 totum
979 2151 1103 2214 regnum
1116 2132 1232 2194 Israelis
1253 2135 1335 2194 exei-

192 2207 235 2266 dit
252 2205 309 2288 (11.
329 2207 404 2299 Reg.
424 2213 471 2282 15,
491 2209 537 2272 29.
560 2219 589 2267 et
608 2212 656 2282 18,
674 2211 728 2284 9.).
757 2207 900 2267 Restabat
917 2209 1004 2268 tertia
1025 2207 1130 2284 clades,
1151 2230 1239 2288 quam
1251 2211 1333 2270 Pro-

213 2285 281 2344 heta
301 2303 433 2344 omnium
452 2284 661 2347 atrocissimam
681 2283 748 2344 sore
769 2284 879 2346 dixerat
900 2285 977 2346 circa
997 2285 1086 2344 finem
1106 2287 1203 2346 octavi
1217 2286 1335 2368 capitis.

220 2371 400 2440 uocantem
425 2361 456 2421 in
482 2361 595 2434 verbis,
626 2381 702 2439 quae
721 2361 889 2436 retulimus,
917 2361 1049 2441 sequitur
1067 2362 1230 2454 mitigatio:
1261 2365 1334 2443 quia

189 2437 272 2496 Deus
288 2438 410 2518 populo
434 2456 489 2497 suo
515 2457 633 2497 manum
655 2438 807 2520 porriget,
840 2449 966 2497 mortem
988 2438 1053 2498 lore
1073 2459 1165 2522 magis
1183 2440 1334 2502 tolerabi-

189 2513 263 2589 lem,
280 2535 382 2596 ·quam
406 2513 486 2595 prius
511 2513 622 2574 luerint
640 2511 746 2574 morbi.
785 2515 931 2588 Tametsi,
963 2514 1074 2596 inquit,
1103 2527 1181 2576 totus
1201 2519 1334 2596 populus

190 2590 352 2666 delebitur,
373 2592 420 2652 lux
437 2603 537 2652 tamen
557 2591 668 2682 gratiae
687 2589 834 2672 all‘ulgens
855 2586 981 2666 efficiet,
1000 2603 1031 2650 ut
1053 2591 1146 2652 minus
1166 2593 1206 2652 sit
1225 2594 1334 2678 caligi-

189 2668 236 2729 uis
255 2669 287 2728 in
307 2667 364 2729 boe
406 2678 536 2730 ostremo
557 2667 695 2742 interitu,
727 2685 814 2745 quam
834 2667 974 2727 fueritin
994 2667 1103 2748 duplici
1122 2669 1206 2728 ruina
1227 2671 1334 2732 decem

189 2744 330 2806 tribuum.
401 2761 471 2806 orro
496 2743 567 2802 mibi
594 2743 714 2802 dubium
738 2763 799 2801 nou
822 2755 879 2818 est,
908 2744 980 2823 quin
1000 2743 1156 2826 promissio
1177 2743 1213 2806 ad
1233 2758 1334 2809 totum

189 2821 295 2904 populi
314 2841 432 2902 corpus,
454 2819 533 2899 quod
575 2839 700 2897 eraeque
720 2817 750 2878 in
771 2819 919 2898 specimen
939 2820 1033 2880 videri
1052 2834 1170 2902 poteret
1179 2823 1332 2904 perditum

190 2909 222 2958 ct
240 2898 442 2978 deploratum,
462 2839 579 2956 ertenli
599 2895 713 2962 debeat.
753 2895 948 2977 Praepostere
969 2898 1047 2957 enirn
1069 2899 1169 2960 ludaei
1191 2901 1227 2960 ad
1243 2899 1329 2960 tite-

119 3001 126 3012 ·
190 2974 337 3037 rationem
357 2972 437 3033 urbis
458 2971 683 3054 Hierosolymae
702 2973 901 3054 restringunt,
949 2973 1009 3034 uasi
1030 2975 1077 3034 lux
1096 2975 1190 3037 vitalis
1210 2976 1330 3037 reddita

190 3047 291 3123 fuerit,
311 3052 379 3109 dum
400 3049 593 3132 sugato'rege
615 3047 799 3110 Sannaberib
820 3051 916 3111 soluta
928 2995 999 3110 luit
1013 3050 1139 3112 obsidio.
1180 3053 1274 3114 Certe
1294 3075 1331 3114 ex

190 3136 331 3188 'contextu
355 3125 443 3206 plane
470 3125 562 3204 liquet
581 3125 698 3217 longius
718 3125 865 3208 respicere
886 3127 1077 3206 Prophetam.
1118 3127 1219 3204 Quum
1238 3129 1333 3212 igitur

191 3223 377 3263 communem
410 3202 498 3264 totius
529 3202 681 3264 Ecclesiae
699 3202 954 3264 instaurationem
985 3204 1157 3283 promittat,
1195 3207 1333 3287 sequitur

189 3291 300 3345 terram
324 3278 459 3339 Sebulon
485 3291 515 3340 et
538 3273 649 3340 terrim
667 3279 826 3370 Naphtbali
847 3292 877 3338 et
896 3279 1059 3340 Galilaearn
1081 3282 1332 3346 Gentiumeom-
1372 3315 1373 3324 κ

190 3356 335 3436 preltendi
353 3355 384 3416 in
406 3377 509 3420 eorum
528 3377 662 3430 numero,
682 3357 787 3436 quibus
808 3355 950 3415 tenebrae
970 3357 1073 3418 mortis
1094 3359 1124 3417 in
1138 3360 1215 3420 vitae
1228 3361 1329 3422 lucem

190 3433 347 3492 mutandae
371 3443 463 3492 erant.
508 3433 601 3494 Huius
628 3433 700 3493 lucis
726 3433 841 3493 initium
868 3443 898 3492 et
917 3434 1000 3511 quasi
1020 3455 1126 3495 aurora
1146 3436 1202 3495 fuit
1222 3438 1330 3528 populi

189 3510 301 3570 reditus
322 3531 356 3572 ex
374 3508 542 3595 Babylone:
568 3512 686 3571 tandem
706 3510 798 3590 pleno
818 3509 977 3590 splendore
999 3511 1116 3572 emersit
1134 3513 1180 3572 sol
1199 3513 1330 3574 iustitiae

191 3587 341 3661 Christus,
366 3587 416 3666 qui
436 3586 538 3648 mortis
557 3588 693 3647 tenebras
714 3586 830 3668 penitus
850 3605 904 3646 suo
925 3587 1053 3647 adventu
1073 3587 1213 3649 abolevit.
1253 3591 1330 3650 ldeo
1370 3611 1373 3622 ‘¹

190 3663 298 3723 Paulus
323 3665 359 3726 ad
383 3665 493 3744 Ephes.
518 3684 582 3745 cap.
607 3671 642 3736 5,
669 3669 732 3736 te,
764 3661 793 3720 in
819 3681 856 3722 eo
883 3662 1036 3743 impletum
1062 3663 1149 3726 fuisse
1176 3668 1330 3741 admonet,

190 3741 272 3820 quod
291 3741 404 3822 passim„
416 3741 545 3800 occurrit
564 3741 641 3822 apud
651 3739 826 3820 Prophetas,
848 3739 943 3825 Surge
960 3742 1009 3820 qui
1022 3741 1142 3815 dormis,
1162 3754 1194 3803 et
1203 3763 1329 3826 exsurge

190 3837 206 3876 a
226 3819 357 3878 mortuis.
396 3818 459 3877 lam
479 3838 569 3896 quum
589 3816 711 3878 sciamus
731 3813 882 3895 spirituale
902 3837 964 3877 esse
986 3817 1096 3879 Christi
1116 3839 1252 3900 regnum,
1272 3841 1329 3880 ne-

123 3937 139 3950 .
190 3914 268 3955 cesse
289 3907 344 3968 est,
363 3905 395 3952 ut
414 3893 475 3952 eius
496 3907 617 3954 naturae
638 3892 685 3952 lus
704 3891 803 3958 salutis
817 3893 1013 3972 quamaslert,
1034 3905 1063 3954 et
1076 3895 1216 3974 quicquid
1230 3897 1328 3958 auxilii

93 4010 98 4020 .
189 3969 225 4036 ab
251 3991 289 4032 eo
315 3969 491 4051 percipimus
517 3967 705 4060 respondeat.
743 3969 831 4029 Unde
851 3971 999 4106 sepultur,
1030 3971 1138 4032 animas
1158 3983 1275 4032 nostras
1295 3973 1328 4032 in
1360 3981 1365 3988 '

188 4048 290 4108 mortis
311 4060 447 4107 aeternae
466 4047 598 4108 tenebris
617 4045 762 4105 demersas
782 4066 859 4121 esse,
908 4067 984 4107 onec
1003 4067 1053 4106 eas
1071 4067 1122 4108 sua
1164 4049 1238 4108 ratia
1258 4049 1328 4110 illu-

188 4123 290 4184 minet.
328 4123 375 4182 De
396 4123 492 4204 gentis
533 4123 630 4182 uidem
651 4122 762 4187 excidio
783 4143 880 4190 senno
899 4122 1025 4184 babetur
1045 4127 1123 4204 apud
1160 4126 1332 4206 rophetam,

189 4201 241 4261 sed
266 4199 348 4278 quasi
372 4199 402 4258 in
429 4221 442 4258 s
465 4145 550 4259 eculo
577 4199 753 4258 describitdr
772 4199 905 4259 conditio
927 4199 1045 4260 humani
1065 4203 1198 4291 generis,
1230 4204 1330 4264 donec

191 4273 301 4338 Christi
327 4275 419 4356 gratia
444 4221 597 4336 liberetur,
648 4275 739 4350 Quod
765 4276 861 4337 lucem
885 4297 1020 4414 mafintm
1046 4277 1182 4339 dicuntur
1208 4273 1329 4352 cidiise,

190 4351 239 4430 qni
265 4350 295 4414 in
321 4351 452 4414 tenebris
470 4345 630 4428 iacebant,
662 4363 721 4414 tam
746 4351 844 4426 subita
868 4363 898 4415 et
922 4353 930 4412 i
955 4353 1040 4416 nstris
1064 4343 1187 4420 mutatid
1209 4356 1330 4418 divinae
