2790 4838
373 237 436 315 (71.
455 233 589 297 Famnlos
609 231 829 312 Centurionis.)
1120 234 1178 298 Μ

49 387 116 449 raris
144 385 268 448 dotibus
292 396 430 448 ornatum
454 407 584 460 serrum,
616 385 667 466 qui
691 385 793 447 eximia
817 383 911 468 gratia
930 380 1009 462 ap'ud
1028 380 1179 470 dominnm

50 465 190 555 polleret:
212 463 280 522 hinc
302 473 382 522 tanta
401 462 476 524 illius
496 465 573 524 vitae
594 484 674 538 cura,
693 475 724 524 et
743 474 801 522 tam
813 461 940 522 studiosa
955 458 1180 525 conmendatio.

50 541 181 600 hubitam
202 559 276 598 vero
297 536 387 598 luisse
407 538 570 620 paralysin,
599 561 673 630 quae
694 539 789 619 primo
809 560 926 599 accessu
945 535 1182 614 desperationem

48 621 117 676 sitae
138 615 254 690 attulit,
275 635 309 674 ex
328 629 455 694 utroque
467 614 656 699 Evangclrsta
676 626 805 676 constat:
827 615 923 676 lentae
943 612 1022 672 euim
1036 611 1182 699 paralyses

49 705 198 753 tomaento
225 702 337 752 carent.
384 693 468 752 Dicit
490 705 587 752 autem
612 693 792 768 Matthaeus,
823 693 954 776 graviter
978 689 1182 764 discruciatum

49 771 129 830 luisse
157 790 303 850 puerum,
332 766 425 844 Lucas
451 781 563 844 autem,
594 769 683 828 morti
707 769 844 830 vicinum.
893 769 940 835 Ita
964 779 1060 826 utrum
1104 763 1184 823 ead

49 847 249 906 illustrandam
270 845 403 904 miraculi
421 845 546 926 gloriam
566 847 652 921 valet,
672 845 760 906 dolor
778 847 825 906 vel
846 846 989 906 cruciatus
1010 855 1069 904 etu
1082 843 1183 902 timum

49 923 224 996 discrimen,
261 941 322 1002 quo
347 921 442 982 minus
467 923 503 984 de
529 921 628 1004 specie
652 922 749 982 morbi
775 923 930 1005 quicquam
954 921 1029 984 certi
1052 939 1183 982 asserere

49 1003 150 1060 audeo.
314 1041 321 1058 .

117 1075 196 1134 Luc·
217 1081 246 1140 5-
284 1071 394 1150 Diligit
411 1077 487 1134 enim
501 1088 613 1152 gentem
629 1089 767 1138 nostrone.
804 1077 874 1136 Non
894 1075 1014 1138 dubium
1035 1085 1093 1150 est,
1113 1074 1184 1154 quin

50 1151 161 1232 pietatis
188 1148 315 1209 nomine
340 1149 434 1230 ipsum
462 1153 670 1213 commendent
692 1152 807 1213 Iudaei:
842 1173 939 1232 neque
964 1153 1042 1216 euim
1067 1151 1185 1212 aliunde

50 1227 186 1288 manabat
207 1246 294 1286 amor
315 1227 411 1308 gentis
430 1227 536 1307 passim
558 1249 672 1305 exosae,
691 1251 777 1308 quarn
799 1250 832 1288 ex
851 1229 893 1289 Le
917 1230 924 1244 ⁸
956 1227 1055 1289 studio
1076 1239 1108 1288 et
1124 1227 1185 1288 Dei

50 1305 133 1364 cultu.
181 1302 376 1386 Syuagugam
396 1325 468 1364 vero
489 1317 637 1366 exstruens
658 1305 735 1366 clare
755 1315 875 1365 testatus
895 1249 1004 1386 filim,
1035 1325 1066 1365 se
1087 1304 1187 1368 favere

51 1381 134 1463 Legis
159 1380 329 1440 doctrinae.
375 1377 476 1454 Quare
501 1403 564 1441 non
589 1381 736 1444 immerito
761 1381 881 1471 dignum
922 1380 1110 1456 ronuntiant,
1138 1379 1188 1450 eui

52 1479 78 1517 se
101 1470 245 1537 tanquam
271 1455 323 1536 pio
347 1456 407 1517 Dei
433 1455 539 1518 cultori
559 1455 724 1518 beneficum
745 1457 881 1519 exhibeat
900 1403 1043 1522 Christus.
1094 1457 1188 1520 Mirus

53 1535 161 1594 interea
183 1545 303 1613 stupor,
323 1533 471 1610 quodDei
491 1535 626 1616 gratiam,
646 1555 733 1614 quam
752 1535 807 1616 ipsi
827 1544 945 1596 eontem
968 1535 1020 1592 tim
1036 1546 1188 1614 respuunt,

53 1632 100 1670 sno
123 1609 276 1690 suffragio
302 1610 484 1670 transierunt
509 1612 546 1672 ad
572 1611 722 1672 hominem
747 1611 898 1696 gentilem.
936 1555 1069 1690 Meuius
1089 1611 1188 1671 dono-

54 1709 111 1746 rum
136 1686 202 1747 Dei
226 1684 362 1744 minister
386 1697 430 1745 est
454 1687 511 1749 illis
536 1709 570 1748 ae
596 1687 779 1768 dispensator
800 1687 947 1764 Christus,
980 1709 1033 1748 cur
1051 1707 1113 1748 oon
1131 1685 1189 1768 ipsi

56 1763 148 1822 oblata
170 1762 270 1844 gratia
290 1762 370 1842 prius
390 1762 542 1841 fruuntur,
561 1785 647 1844 quam
668 1776 821 1826 extraneos
840 1763 1005 1828 adducant?
1043 1763 1105 1826 Sed
1124 1763 1189 1824 talis

55 1861 166 1920 semper
187 1843 221 1897 iu
241 1838 405 1974 hypocritis·
424 1843 561 1902 securitas
580 1853 702 1924 regnat,
725 1853 759 1900 ut
777 1841 875 1901 Deum
893 1839 950 1901 sibi
970 1842 1189 1921 quodammodo

57 1917 217 1976 obnoxium
241 1935 274 1974 re
297 1915 367 1974 dere
391 1937 453 1976 nou
473 1917 624 1992 dubitent,
654 1928 684 1977 et
704 1919 765 1978 eius
785 1918 923 2001 gratiam,
954 1919 1036 1997 quasi
1055 1919 1099 1979 sui
1118 1918 1190 1979 iuris

58 2005 136 2068 esset,
154 2013 214 2052 suo
235 1991 359 2052 arbitrio
379 1993 548 2055 subiiciant:
568 1993 695 2074 denique
716 1995 777 2056 eius
796 1995 897 2072 saturi,
905 1995 977 2058 nmo
993 1996 1061 2074 quia
1072 2006 1190 2078 gustare

57 2089 113 2128 nou
133 2071 310 2153 dignantur,
351 2068 411 2128 uasi
429 2090 637 2151 supervacuam
656 2071 719 2132 aliis
739 2073 900 2154 resignent.

126 2145 236 2205 Matth.
260 2149 289 2210 8.
361 2167 399 2204 on
420 2167 485 2207 sum
507 2146 642 2224 idunan,
671 2163 703 2207 ut
724 2162 826 2208 ιοσιιιηι
847 2170 941 2209 mnam
962 2147 1072 2213 orbem.
1112 2146 1192 2223 Quia

59 2221 175 2282 brevior
196 2232 243 2282 est
261 2222 437 2296 Matthaeus,
456 2224 606 2285 homiuem
625 2224 719 2304 ipsum
739 2225 778 2284 ita
798 2225 969 2303 loquentem
989 2224 1110 2300 inducit,
1130 2225 1191 2284 Lu-

60 2321 102 2358 cas
119 2311 223 2358 autem
243 2298 359 2378 plenius
378 2301 523 2378 exprimit,
542 2302 599 2362 hoc
619 2301 718 2361 amicis
737 2303 900 2362 mandasse:
919 2303 971 2362 sed
990 2303 1068 2362 idem
1088 2303 1192 2362 ambo·
1243 2362 1247 2378 ,

62 2398 118 2435 mm
138 2388 188 2438 est
205 2395 317 2436 sensus.
354 2374 424 2435 Duo
444 2389 541 2438 autem
560 2389 630 2437 sunt
649 2377 732 2438 huius
751 2377 895 2438 sermonis
915 2377 1022 2458 capita:
1045 2377 1192 2438 Centurio

63 2451 180 2543 Christp
199 2471 326 2532 parcens
347 2452 468 2514 honoris
487 2475 572 2516 causa
591 2453 684 2533 petit,
712 2473 751 2514 ne
770 2473 801 2512 se
823 2451 955 2514 Christus
975 2454 1095 2536 fatiget,
1125 2455 1194 2532 quia

64 2550 91 2588 se
109 2530 268 2611 indiguum
294 2540 413 2608 reputat
439 2530 500 2590 eius
526 2531 663 2590 adventu.
707 2529 826 2590 Deinde
845 2539 958 2588 tantum
977 2529 1020 2588 illi
1040 2531 1194 2609 potentiae
1281 2564 1287 2577 ·

66 2605 173 2682 desert,
205 2617 240 2664 ut
264 2611 366 2665 credat
390 2604 456 2668 solo
478 2607 539 2668 eius
559 2617 633 2665 nutu
651 2627 686 2666 ac
704 2605 797 2666 verbo
817 2605 930 2664 restitui
950 2605 981 2666 in
999 2605 1088 2665 vitam
1108 2625 1194 2684 posse

64 2703 175 2742 servum
194 2703 290 2742 suum.
311 2683 386 2744 Mira
406 2684 568 2757 humilitas,
598 2683 679 2762 quod
699 2681 903 2742 hominemex
923 2693 1013 2763 geute
1032 2681 1145 2742 devicta
1165 2693 1196 2742 et

66 2779 141 2819 serra
163 2771 256 2830 ,tamo
281 2779 330 2818 ere
356 2781 426 2840 prae
445 2781 476 2822 se
496 2759 618 2822 extollit.
655 2758 735 2820 Fieri
756 2769 851 2819 autem
871 2769 987 2838 potest,
1014 2769 1048 2818 ut
1065 2769 1196 2822 assuetus

66 2837 223 2914 supercilio
267 2835 426 2897 udaeomm
451 2859 507 2918 pro
531 2858 582 2897 sua
606 2836 750 2898 modestia
776 2855 838 2894 non
862 2836 984 2918 indigne
1009 2835 1126 2910 tulerit,
1163 2855 1196 2896 se

68 2911 172 2974 habere
193 2913 345 2972 hominem
358 2913 533 3002 profanum,
552 2927 640 2994 atque
661 2914 702 2974 ita
721 2910 830 2972 veritus
849 2913 940 2972 suerit
951 2911 1086 2972 iniuriam
1097 2911 1197 2974 iacere

68 2985 121 3048 Dei
139 2987 324 3068 Prophetae,
343 3012 367 3050 ει
387 2989 424 3050 ad
444 2991 592 3052 homiuem
611 2983 753 3073 gentilem
774 3000 805 3048 et
823 2990 968 3070 impurum
988 2989 1104 3070 ingredi
1125 3009 1197 3051 coe·

69 3066 163 3144 gisset.
223 3065 375 3146 Quicquid
399 3067 452 3143 sit,
487 3080 600 3127 certum
625 3079 669 3128 est
694 3087 728 3128 ex
752 3066 851 3127 auimo
874 3067 970 3148 ipsum
994 3065 1077 3204 logui
1100 3087 1135 3128 ae
1161 3069 1199 3132 de

72 3145 186 3204 Christo
206 3153 267 3200 tam
287 3154 459 3204 reverenter
476 3145 602 3220 sentire,
625 3155 659 3204 ut
677 3143 714 3204 ad
731 3163 763 3202 se
781 3163 889 3204 vocare
908 3165 971 3204 nnn
990 3164 1027 3204 au
1048 3155 1108 3204 eat:
1137 3146 1199 3208 imo

71 3217 150 3279 sicuti
174 3221 207 3279 in
233 3231 375 3280 contextu
397 3220 530 3300 sequitur
553 3221 630 3300 apud
653 3221 779 3295 Lucam,
807 3241 839 3284 se
856 3221 953 3300 ipsum
971 3221 1120 3300 reputavit
1137 3222 1200 3284 eius

73 3297 221 3377 colloquio
245 3297 410 3380 indignum.
455 3296 568 3373 Quaeri
592 3307 690 3357 tamen
732 3308 825 3380 otest,
855 3317 912 3377 qua
931 3297 1046 3357 ratione
1066 3297 1201 3360 inductus

74 3371 218 3436 Christum
236 3385 298 3434 tam
316 3373 472 3458 magnifice
492 3373 639 3434 extulerit:
667 3317 869 3434 dificultatem
888 3373 976 3434 ctiam
995 3385 1100 3456 auget,
1119 3377 1200 3454 quod

74 3453 211 3514 contiuuo
232 3461 303 3533 post
319 3471 350 3511 se
374 3451 461 3526 uitur,
482 3453 612 3510 Tantum
629 3447 677 3510 dio
695 3449 820 3524 υηῦιιιιι,
839 3465 866 3510 et
882 3447 1033 3512 sanamur
1044 3473 1133 3527 puer,
1153 3453 1200 3512 vel

73 3529 128 3592 lh'e
145 3527 242 3606 uerbo,
261 3525 348 3590 sicuti
388 3527 457 3587 abet
467 3527 570 3588 Lucas.
608 3524 671 3586 Nisi
691 3526 769 3586 enim
790 3523 939 3588 Christum
958 3526 1125 3608 agnovisset
1143 3528 1202 3588 Dei

74 3607 193 3683 Filium,
231 3604 403 3685 superstitio
433 3603 536 3664 luisset
559 3602 769 3685 Deitgloriam
795 3605 832 3664 ad
856 3603 1006 3664 hominem
1032 3605 1202 3665 transferre.

75 3687 161 3766 htqui
180 3685 226 3746 rix
247 3680 391 3744 credibile
410 3691 464 3756 est,
484 3680 520 3740 de
533 3679 642 3743 Christi
654 3680 816 3755 (humitate,
836 3701 911 3760 quae
923 3681 1017 3740 adhuc
1028 3678 1091 3740 iere
1105 3679 1202 3740 omni-

22 3765 23 3770 ’
76 3759 124 3822 bus
147 3763 253 3845 ignota
279 3769 358 3832 erat,
387 3757 444 3816 rite
464 3757 550 3818 luisse
570 3758 717 3818 edoctum.
755 3755 853 3820 Porro
875 3754 1007 3817 Christus
1026 3775 1088 3814 non
1109 3755 1204 3816 errori

76 3839 195 3930 imputat
215 3837 277 3900 eius
297 3833 403 3909 verba,
422 3833 474 3894 sed
494 3855 529 3894 er
548 3833 605 3894 fide
624 3832 759 3913 prolecta
780 3853 842 3894 csse
861 3844 996 3894 testatur:
1022 3854 1039 3891 a
1075 3851 1111 3890 ue
1131 3832 1204 3892 haee

77 3929 146 3978 ratio
167 3914 276 3975 multos
296 3911 474 3992 interpretes
493 3911 646 3990 compulit,
663 3921 697 3970 ut
717 3908 867 3971 Christum
887 3919 1025 3990 putarent
1071 3906 1205 3968 enturio-

79 3993 118 4052 nis
143 3991 246 4074 elogio
273 3986 417 4049 celebrari
441 4001 579 4067 tanquam
605 4007 707 4047 verum
728 3999 759 4046 et
777 3987 894 4048 unicum
914 3985 1021 4046 Deum.
1059 3984 1133 4045 Mihi
1153 4006 1204 4046 au-

78 4079 132 4130 tem
150 4070 272 4129 videtur
290 4063 335 4124 vir
355 4065 435 4143 pius,
481 4079 552 4124 uum
571 4063 607 4124 de
626 4065 699 4128 raris
720 4074 751 4124 et
768 4063 857 4144 plane
877 4060 981 4122 divinis
1001 4061 1111 4122 Christi
1131 4082 1205 4142 ope-

80 4145 153 4206 ribus
172 4145 286 4207 certior
305 4142 398 4201 iactus
418 4087 504 4218 esslt,
522 4141 576 4200 sim
599 4140 762 4205 liciterDei
781 4139 942 4220 potentiam
962 4137 993 4197 in
1012 4139 1078 4218 ipso
1098 4160 1207 4220 appre-

81 4221 219 4284 hendisse.
260 4217 381 4298 Aliquid
402 4219 488 4280 etiam
510 4161 596 4276 hausi
606 4217 695 4278 dubie
715 4219 752 4279 de
770 4217 915 4308 promisso
936 4215 1135 4294 Redemptore
1155 4238 1209 4275 au-

82 4297 176 4364 dierat.
235 4295 323 4357 Licet
352 4317 425 4380 ergo
449 4295 582 4357 nondum
608 4294 745 4355 distincte
769 4293 932 4377 intelligat,
970 4292 1118 4356 Christum
1146 4314 1209 4353 esse

82 4373 170 4438 Deum
191 4373 409 4438 manifestatum
427 4374 458 4436 iu
478 4391 585 4448 carne,
608 4373 650 4432 sic
668 4383 765 4434 tamen
785 4390 937 4451 persuasus
957 4381 1014 4446 est,
1039 4369 1070 4430 in
1091 4390 1127 4431 en
1147 4389 1209 4431 ma-
