2766 4840
160 203 224 268 Μ
369 192 522 258 SECTIO
537 193 625 254 XIX.
664 205 797 254 crassos
815 205 933 254 rassin
953 207 995 252 ur
1015 188 1115 255 siuns.

161 351 223 413 snb
241 346 370 430 Christo·
385 347 471 409 sinui
496 347 681 421 coalescunt,
705 357 735 408 et
753 345 807 406 sub
828 348 934 409 eodem
955 348 1233 423 creseunt,-douec
1285 370 1331 410 er·
1373 359 1374 408 Τ

162 427 326 488 lectionem
338 425 449 506 adepti,
467 423 561 486 solide
581 443 636 504 per
655 423 750 502 ipsum
762 424 830 484 Deo
851 425 1037 485 cohaereant.
1077 426 1141 485 lam
1159 446 1238 486 vero
1260 371 1334 486 dicit

163 504 321 578 Christus*
351 503 497 562 ehennarn
516 498 637 562 diabolo
657 510 788 580 paratam
808 501 880 576 esse,
900 522 939 561 ne
959 521 990 562 se
1010 501 1093 583 impii
1112 522 1178 562 eam
1191 501 1331 584 effugere

100 655 103 662 ἱ
161 597 314 663 persecu
359 580 447 652 dant,
471 578 540 638 duur
566 577 688 654 audiunt
711 573 742 636 in
768 576 846 636 idern
869 579 1045 659 supplicium
1064 599 1133 640 curn
1154 578 1280 640 diabolo
1300 602 1333 640 se

161 656 346 740 constringi,
373 675 465 746 quern
488 665 600 715 certum
625 653 756 714 estsine
780 653 839 716 ulla
863 677 916 735 spe
941 653 1142 730 liberationis,
1172 657 1331 738 gehennae

185 735 278 796 rideru
297 744 494 822 mancipatum
514 751 576 792 esse
597 741 626 790 et
645 729 801 791 addictum.
842 731 1020 812 Quanquam
1045 744 1144 792 autem
1163 749 1223 813 per
1239 757 1331 812 unge.

160 755 209 880 yos
227 809 336 870 dirrholi
410 811 475 869 dam
501 808 635 868 homines
660 807 766 890 impios
792 808 887 868 intelli
931 822 980 883 nt,
1009 808 1102 893 magis
1127 825 1234 872 tamen
1258 833 1329 892 pro-

162 887 265 949 babile
286 830 408 963 conde!
423 885 493 946 solis
514 882 706 974 daemonibus
726 885 874 946 Christum
908 887 989 965 oqui.
1026 889 1127 966 Atque
1147 887 1189 946 ita
1209 889 1267 948 sub
1288 893 1330 952 lris

164 963 267 1025 uerbis
288 964 390 1024 subest
406 953 499 1042 tacita
534 961 721 1041 xprobratro,
742 963 822 1040 quod
842 963 975 1024 homines
994 965 1031 1026 ad
1050 984 1135 1044 spem
1155 965 1258 1026 salutis
1279 989 1332 1048 per

162 1041 360 1123 livangelium
379 1039 480 1101 vocati
543 1059 571 1098 nr
592 1037 702 1098 Sanna-
720 1039 817 1118 perire
837 1039 1008 1114 maluerint,
1033 1053 1064 1101 et
1088 1041 1203 1100 reiecto
1227 1043 1331 1105 salutis

161 1129 291 1210 erectore·
310 1118 343 1209 in
369 1115 603 1208 baucuuriseram
621 1125 739 1206 ‘cortens
758 1127 866 1194 sponte
885 1137 924 1210 se·
937 1118 1136 1179 coniecerint:
1159 1138 1227 1209 non·
1246 1123 1329 1198 quod

161 1193 1114 1350 :tttdta‘lttlltdttttlttlelsstdltlnstl
1132 1215 1328 1352 dett&

160 1360 283 1428 spuunt.
322 1346 466 1424 Quamvis
489 1346 588 1438 itaque
614 1363 722 1404 ncano
741 1343 801 1404 Dei
820 1345 930 1408 iudicio
949 1369 981 1408 re
1004 1347 1073 1407 robi
1093 1348 1151 1407 iarn
1170 1360 1329 1428 antequem

162 1437 322 1486 nascantur
340 1424 431 1486 morti
450 1424 550 1484 devoti
569 1421 644 1496 sint,
691 1421 808 1481 uamdiu
827 1434 963 1485 tarueno
992 1437 1073 1485 ertur
1092 1424 1151 1484 illis
1170 1424 1249 1500 rita,
1268 1449 1328 1487 nou

161 1513 324 1562 censentur
347 1499 451 1561 mortis
476 1499 616 1560 haeredes
641 1441 689 1560 rel
714 1497 839 1559 Saturne
863 1499 952 1576 socii,
980 1501 1032 1562 sed
1057 1500 1094 1560 ab
1120 1502 1329 1566 incredulitate
1373 1529 1374 1538 ¹

162 1579 344 1660 emergitur
365 1576 513 1660 detegitur
533 1597 636 1636 eorum
656 1574 796 1654 perditio,
816 1596 891 1668 quae
910 1577 1186 1658 prins·abscutrdita
1209 1593 1281 1640 erat.

240 1663 290 1721 44.
331 1651 688 1730 Turomponrlebmttet
706 1654 772 1727 ipsud
812 1654 922 1713 Eadem
943 1654 1155 1748 hypotyposis,
1181 1668 1326 1734 queunte
1373 1709 1374 1716 ,

163 1751 232 1792 usus
252 1733 349 1793 luerat
368 1729 513 1805 Christro,
532 1749 610 1788 nunc
631 1720 750 1808 qiaoquc
769 1729 928 1809 repetitur:
955 1743 987 1790 ut
1006 1743 1101 1794 serant
1120 1730 1264 1812 reprobi,
1283 1734 1325 1792 ni-

163 1809 208 1868 lril
231 1808 288 1868 sibi
312 1808 417 1867 ultimo
444 1806 491 1864 die
514 1805 691 1896 prol'uturos¹
714 1803 816 1866 inanes
840 1819 1021 1886 praetextus,
1051 1809 1161 1888 quibus
1190 1830 1224 1870 se
1252 1831 1325 1869 nuuc

164 1885 327 1978 decipiunt.
363 1881 454 1948 Unde
474 1901 552 1941 eninr
572 1892 630 1943 tarn
647 1880 930 2002 crudelispsnperbia
948 1887 979 1945 in
999 1905 1165 1966 pauperes,
1185 1887 1244 1945 nisi
1264 1888 1326 1976 quia

163 1979 293 2100 {tttdt
310 1967 474 2108 toltit}
497 1961 1246 2126 tet‘ltltttt‘t·cataldi?,lltlz‘tj‘
1268 1964 1326 2098 lli

163 2135 245 2176 nunc
268 2125 407 2204 reputare
427 2131 489 2172 non
508 2113 680 2193 dignantur:
706 2133 757 2191 qur
782 2133 862 2174 nunc
885 2115 999 2176 seilicet
1017 2127 1077 2176 tarn
1098 2117 1210 2176 abiecti
1228 2061 1323 2178 riden-

160 2203 224 2272 tur,
245 2191 365 2256 Chresto
384 2209 448 2251 nou
467 2190 562 2251 minias
582 2187 730 2270 pretiosos
751 2209 920 2271 essequam
941 2192 1062 2274 propria
1083 2193 1230 2256 membra.

455 2678 660 2770 secolo
690 2678 798 2770 XlX.
856 2699 1060 2776 <tos-eas.)

342 2847 578 2946 cntueri
621 2889 833 2945 enssro
879 2891 942 2944 nr
981 2859 1153 2947 'nonst

251 3099 358 3181 (tot.)
399 3088 704 3162 Mellit'xxvt.
755 3097 782 3163 l.
813 3099 854 3163 Et
885 3098 1002 3164 lactum
1035 3109 1097 3176 ost,
1132 3123 1235 3186 quum
1257 3125 1324 3166 eon·

165 3214 353 3284 memorasset
383 3203 471 3265 lesus
503 3221 615 3265 omnes
646 3201 706 3268 lios
737 3223 917 3280 sermones,
948 3203 1024 3268 dixit
1058 3203 1232 3290 discipulis
1261 3209 1327 3277 sus,

164 3307 197 3373 2.
222 3307 330 3385 Scitis,
360 3303 449 3390 quod
479 3313 553 3392 post
583 3303 719 3370 biduum
747 3307 870 3370 Pascha
899 3309 952 3370 site
990 3317 1022 3370 ct
1053 3305 1158 3372 Filius
1193 3309 1326 3374 leontinis

164 3409 316 3488 truditur,
344 3419 382 3474 ut
413 3407 626 3492 crucifigatur.
668 3409 824 3474 iit-'l'unu
853 3414 1038 3494 congregati
1065 3422 1141 3474 stant
1167 3416 1327 3496 principes

100 3499 107 3506 ⁶
164 3512 386 3592 sacerdotum,
419 3508 614 3588 asseribus,
647 3521 679 3575 ot
706 3516 853 3578 seniores
881 3513 993 3599 populi
1020 3515 1052 3577 in
1075 3517 1191 3578 atrium
1211 3519 1326 3614 princi-
1373 3549 1374 3610 p

164 3617 466 3706 paeteritorum,
497 3617 553 3706 qui
582 3612 751 3680 dicebatur
780 3613 915 3704 Caipha.
957 3619 987 3682 4.
1010 3617 1051 3680 Et
1074 3617 1241 3682 consilinm
1265 3620 1324 3681 ini·
1373 3641 1374 3648 ¹

165 3734 275 3802 nunt,
307 3734 342 3788 ut
369 3723 474 3787 lesum
500 3719 579 3786 dolo
608 3730 775 3805 caperent,
810 3729 844 3785 ot'
870 3721 1066 3786 occiderent.
1108 3723 1140 3784 5.
1166 3720 1326 3786 Dicebant

117 3851 119 3856 ’
167 3839 287 3904 autem,
321 3825 400 3892 Non
428 3827 462 3910 ln
489 3823 542 3889 die
575 3825 671 3902 lesto,
704 3843 746 3888 ne
782 3821 934 3888 tumultus
966 3825 1023 3888 liat
1054 3825 1089 3888 iu
1120 3824 1260 3910 populo.
1301 3831 1327 3890 o.

164 3934 278 4020 Quum
316 3940 421 3996 autem
452 3932 542 3994 lesus
571 3941 657 3996 esset
683 3927 878 4006 Betlraninc,
915 3931 948 3994 in
981 3926 1078 3993 domo
1105 3923 1250 3994 Simonis
1287 3931 1326 3994 le·
1373 3925 1374 3944 l

164 4041 270 4125 prosi,
318 4039 347 4102 7.
379 4037 523 4100 Accessit
555 4032 596 4098 ad
630 4055 703 4099 cum
733 4029 853 4098 mulier
886 4030 1016 4118 hahens·
1040 4027 1239 4098 alabastrum
1276 4057 1325 4099 un-

166 4145 276 4226 guenti
302 4141 453 4226 pretiosi,
480 4149 512 4204 et
534 4136 650 4204 clludit
670 4159 768 4224 super
789 4146 885 4224 caput
907 4137 1007 4223 ipsius
1027 4134 1260 4203 rectrmbentis.
1299 4139 1325 4202 8
1373 4171 1374 4224 y

116 4241 128 4272 ⁸
166 4243 329 4310 Videutes
355 4254 460 4309 autern
488 4241 653 4328 discipuli,
679 4241 834 4326 indignati
862 4250 951 4320 sunt,
977 4238 1139 4318 dieentes,
1169 4229 1223 4306 Ad
1254 4239 1325 4326 quid

167 4347 310 4432 perditio
332 4345 441 4411 draeo?
488 4349 517 4411 9.
551 4346 659 4412 Potuit
688 4347 771 4412 cuim
800 4341 885 4410 istntl
913 4353 1109 4429 unguentum
1138 4343 1325 4476 *peucedani
1373 4367 1374 4448 p
