2764 4854
931 79 936 110 l

178 249 236 314 398
323 243 439 306 SECT.
460 243 523 302 XX.
566 257 697 304 cunrsrr
717 257 945 305 nssunnncrm
966 260 1008 304 ar
1029 259 1206 308 ascnrsao.

180 399 314 479 quidenl,
339 417 402 458 non
423 417 510 476 saepe
530 398 626 462 teneri
645 417 745 458 sensus
766 409 899 474 nostros,
926 397 1053 478 qualiter
1071 409 1146 458 tunc
1168 399 1291 473 accidit,
1313 413 1341 461 ut
1373 385 1374 464 J

179 477 209 535 in
231 474 350 535 obiecta
369 474 464 534 forma
477 465 535 533 tan‘r
551 493 645 533 crasse
656 474 884 536 hallucinentur:
905 495 965 534 uno
978 485 1077 534 umen
1090 477 1229 556 exemplo
1245 489 1341 537 osten-

182 552 226 613 dit
244 551 337 626 Deus,
356 571 449 630 penes
469 571 500 610 se
520 571 582 610 esse
603 571 792 630 quascunque
813 553 924 611 homiui
945 551 1099 612 facultates
1120 553 1253 613 contulit
1275 555 1343 614 diri-

180 649 268 712 gere,
288 640 321 687 ut
338 627 459 688 sciamus
484 639 618 687 naturam
642 626 760 687 subesse
785 629 846 688 eius
872 627 1005 687 arbitrio.
1044 629 1109 688 lam
1130 629 1156 688 si
1176 631 1343 709 corporales

180 705 277 778 oculi,
297 702 402 783 quibus
421 703 542 764 maxime
563 705 715 783 proprium
735 715 780 764 est
798 705 914 780 videre,
941 705 1058 784 quoties
1078 705 1220 766 Domino
1242 705 1344 785 placet,

142 805 146 810 ’
179 784 220 844 sic
240 791 380 841 tenentur
399 791 432 840 ut
451 779 565 841 oblatas
584 779 640 839 sibi
660 780 768 840 formas
788 801 850 841 non
872 781 1049 855 discernant,
1069 803 1134 842 uon
1156 783 1268 842 maiori
1280 804 1341 843 acu-

178 861 259 920 mine
280 857 430 936 pollerent
449 869 566 918 mentes
581 869 715 932 nostrae,
741 857 853 918 etiamsi
872 857 928 918 illis
946 879 997 917 sua
1017 869 1157 918 maneret
1178 858 1244 918 inte
1282 860 1342 920 ’tasz

180 955 259 1026 quoe
283 933 407 994 veroin
423 933 532 994 misera
552 934 606 994 ista
633 934 843 1025 corruptione,
865 945 1024 1025 postquam
1049 957 1137 994 snum
1164 933 1227 994 illis
1264 958 1342 996 umen

181 1013 263 1072 adem
287 1021 348 1069 turn
369 1021 423 1082 est,
442 1011 602 1070 innumeris
622 1010 743 1071 fallacias
763 1010 908 1071 ohnoxrae
928 1022 1006 1083 suut,
1026 1011 1167 1090 adeoque
1189 1033 1287 1072 crassa
1298 1015 1342 1072 he-

180 1032 323 1149 betudine
339 1107 508 1167 oppressae,
528 1098 562 1146 ut
581 1085 654 1146 nihil
675 1107 763 1167 quarn
782 1108 880 1148 errare
901 1087 1032 1167 possint,
1056 1088 1148 1148 sicuti
1170 1089 1263 1148 etiam
1282 1089 1342 1149 snb-

177 1164 248 1226 inde
269 1163 425 1245 contingit.
464 1165 569 1243 Itaque
589 1162 751 1245 legitimum
770 1164 835 1224 veri
855 1175 886 1224 et
904 1163 969 1224 salsi
989 1164 1154 1225 discrima
1175 1166 1339 1226 nonexin-

178 1240 260 1323 genii
278 1240 373 1300 nostri
392 1241 582 1376 perspicacia,
601 1242 652 1300 sed
673 1261 707 1300 ex
726 1240 840 1320 ¹Spiritu
859 1241 1034 1320 prudentiae
1053 1239 1146 1302 uobis
1168 1254 1225 1302 est.
1256 1243 1338 1304 Prae-

178 1319 264 1398 cipua
284 1328 381 1378 autem
423 1317 551 1378 ebetudo
572 1317 603 1375 iu
622 1337 721 1378 rerum
741 1317 911 1378 coelestium
931 1317 1040 1378 intuitu
1060 1320 1259 1399 coarguitur,
1279 1321 1337 1398 quia

178 1415 242 1455 non
261 1405 375 1453 tantum
394 1392 479 1454 fabas
498 1393 612 1474 species
637 1414 692 1474 pro
711 1393 789 1455 veris
814 1395 1012 1475 concipimus,
1034 1394 1088 1454 sed
1112 1393 1219 1455 lucem
1244 1396 1339 1456 daran

180 1471 319 1533 vertimus
339 1469 370 1528 in
390 1469 537 1544 tenebras.

255 1553 304 1614 17.
329 1545 405 1629 ‚Qui
433 1560 500 1607 sunt
527 1542 559 1606 hi
585 1567 743 1622 semones,
767 1567 839 1627 quos
868 1549 1009 1630 confictis
1034 1551 1110 1606 inter
1143 1557 1220 1610 nos?
1261 1549 1341 1625 Quod

178 1625 275 1707 palam
295 1623 425 1684 videmus
441 1621 589 1684 aChristo
609 1636 680 1684 tnnc
700 1625 809 1684 sactum
829 1644 901 1698 erse,
922 1623 1056 1704 quotidie
1077 1625 1108 1684 in
1130 1625 1225 1688 nobis
1241 1647 1337 1686 amano

176 1703 269 1767 modo
290 1701 354 1760 fieri
374 1701 523 1774 sentimus,
543 1712 576 1758 ut
594 1721 624 1760 se
644 1699 724 1761 ultro
744 1700 781 1760 ad
801 1722 856 1761 nos
876 1701 1027 1762 docendos
1051 1700 1201 1762 insinuet.
1243 1701 1338 1762 Carte-

177 1801 243 1838 rum
263 1798 298 1837 ex
318 1776 452 1856 Cleopae
472 1797 615 1858 responso
637 1777 740 1838 clarius
760 1799 775 1836 a
801 1789 898 1858 paret,
924 1779 1004 1857 quod
1025 1799 1126 1858 maper
1146 1778 1226 1854 dixi,
1245 1801 1340 1859 nempe

180 1847 346 1933 quanquam
366 1853 441 1913 anxii
461 1863 492 1914 et
505 1854 639 1990 perplexi
659 1866 756 1914 essent
771 1798 807 1915 de
819 1853 930 1922 Christi
949 1855 1191 1928 resurrectione,
1211 1877 1340 1916 reseren-

178 1941 225 1989 ter
243 1929 484 1988 tamensensisse
526 1950 543 1988 e
563 1931 624 1990 eius
645 1929 790 2005 doctrina,
809 1941 843 1990 ut
861 1930 981 1990 minime
1000 1932 1038 1991 ad
1060 1931 1340 2012 delectionempro

201 2005 262 2064 ensi
282 2017 388 2064 essent.
427 2005 534 2084 Neque
549 2007 640 2067 euim
665 2019 849 2085 exspectant,
873 2009 940 2068 dum
967 2027 1019 2068 eos
1041 2005 1183 2082 Christus
1204 2030 1235 2068 se
1253 2008 1340 2068 mani-

177 2027 316 2142 lassando
344 2081 531 2172 praeveniat,
557 2082 603 2142 vel
625 2083 790 2143 honorifice
811 2085 847 2144 dc
868 2105 904 2144 eo
924 2083 1065 2174 loquatur
1108 2085 1221 2176 uisquis
1238 2085 1287 2144 ille
1304 2085 1339 2144 sit

178 2159 288 2218 viator:
303 2179 372 2238 quru
383 2159 482 2240 potius
494 2180 527 2218 ex
537 2160 619 2220 tenui
630 2171 660 2228 et
673 2159 798 2220 obseura
811 2160 877 2220 luce
890 2158 1027 2220 scintillas
1042 2161 1075 2220 in
1086 2106 1238 2221 Commeat
1251 2162 1337 2250 igno·

177 2246 241 2296 tum
255 2233 383 2315 Cleopas
403 2235 525 2318 spargit,
546 2257 621 2314 quae
642 2235 703 2296 eius
724 2236 851 2296 animum
871 2233 1053 2317 aliquatenus
1074 2237 1234 2310 illustrent,
1251 2259 1274 2296 ss
1287 2259 1336 2296 ru-

179 2311 223 2372 dis
244 2323 275 2370 et
293 2311 411 2394 ignarus
432 2325 517 2373 esset.
557 2311 607 2373 sic
628 2333 746 2373 exosum
765 2325 794 2373 et
815 2313 923 2390 insanae
943 2313 1048 2394 passim
1070 2326 1148 2374 tunc
1163 2313 1339 2374 erathristi

178 2382 300 2459 nomen,
319 2399 353 2446 ut
373 2389 537 2450 honorifice
558 2390 595 2450 de
616 2410 653 2450 eo
673 2389 756 2468 loqui
775 2401 869 2450 tutum
890 2411 951 2449 non
972 2402 1062 2450 essct:
1084 2392 1172 2470 atqui
1193 2392 1338 2472 spretain-

178 2465 257 2525 vidia
275 2464 334 2524 Ilei
354 2464 534 2546 Prophetam
555 2465 698 2540 nominat,
719 2477 749 2526 et
767 2487 799 2526 se
818 2465 976 2547 profitetur
994 2487 1058 2526 esse
1079 2487 1117 2527 ex
1135 2467 1201 2528 eins
1221 2468 1339 2546 discipa-

178 2542 222 2602 lis.
261 2541 326 2600 Etsi
345 2553 442 2601 autem
463 2541 593 2624 elogium
613 2543 671 2603 hoc
684 2542 854 2624 Prophetae
873 2543 971 2602 divina
984 2541 1097 2603 Christi
1110 2545 1268 2604 maiestate
1279 2545 1338 2604 lon-

177 2616 357 2700 geinserius
377 2631 431 2691 est,
446 2616 561 2678 laudem
581 2629 679 2679 tamen
699 2630 828 2679 meretur
847 2619 1004 2680 mediocris
1021 2621 1262 2696 commendatio,
1280 2621 1339 2680 dum

178 2693 253 2754 nibil
273 2693 498 2776 aliodCleopae
518 2695 704 2830 propositum
724 2707 768 2760 est
787 2716 875 2775 quarn
894 2695 1047 2776 acquirere
1069 2696 1199 2758 Christo
1221 2699 1340 2777 discipu-

178 2771 238 2846 los,
259 2771 359 2850 quise
379 2771 542 2832 eiusEvau
567 2771 626 2831 eio
647 2772 827 2842 submittant.
867 2774 1016 2832 Incertum
1043 2794 1120 2834 vero
1143 2788 1207 2848 est,
1233 2795 1272 2834 an
1310 2793 1337 2832 ro

178 2869 229 2910 sua
248 2848 376 2907 ruditate
395 2848 491 2908 minus
510 2791 663 2927 spientide
683 2869 768 2928 quam
788 2849 915 2910 decebat
933 2848 1072 2928 loquutus
1083 2851 1122 2910 de
1136 2849 1264 2912 Christo
1284 2797 1338 2910 Cre·

59 2951 68 2966 ⁸
176 2925 217 2985 rit
238 2921 381 3003 Cleopas,
406 2946 443 2986 an
469 2945 541 2986 vero
562 2945 578 2984 a
597 2925 961 3006 notioribus,rudimentis
984 2925 1121 3006 incipere
1147 2927 1295 3001 voluerit,
1312 2937 1338 2984 ut

177 2999 322 3082 gradatim
347 3001 432 3061 altius
457 3002 680 3062 conscenderet
719 3001 811 3062 Certe
836 3002 925 3083 paulo
945 3012 1014 3083 post
1032 3023 1095 3064 nou
1116 3003 1292 3084 simplicite
1309 3004 1337 3060 in

152 3133 166 3150 ,
179 3078 328 3136 communi
347 3077 563 3158 Prophetarum
589 3078 694 3138 ordine
715 3077 866 3140 Christum
888 3091 1040 3154 recenset,
1065 3079 1158 3142 seda
1179 3103 1215 3142 sc
1235 3094 1265 3142 et
1281 3079 1336 3140 aliis

179 3153 323 3213 creditum
343 3153 432 3213 fuisse
452 3154 683 3235 Redemptorem
702 3155 783 3214 dicit.

254 3236 300 3294 19.
338 3229 447 3290 Poteras
473 3233 564 3308 opere'
583 3245 611 3291 et
632 3253 769 3292 somena.
812 3233 924 3294 Eadem
953 3232 1017 3293 lere
1049 3233 1218 3294 verborum
1251 3234 1338 3294 forma

178 3327 244 3368 usus
272 3317 316 3366 est
338 3306 447 3382 Lucas,
465 3309 531 3368 Act.
552 3315 581 3382 7,
599 3313 647 3372 22.
666 3308 697 3366 in
717 3307 770 3368 Ste
792 3307 860 3368 bani
880 3329 1021 3390 persona,
1045 3309 1100 3370 ubi
1125 3312 1237 3372 hlosen
1266 3311 1338 3370 cele·

178 3381 267 3444 brans
287 3382 367 3460 dicit,
386 3395 539 3464 potentem
560 3384 647 3446 luisse
666 3385 697 3444 in
716 3330 814 3446 cerdis
835 3396 865 3446 et
885 3386 977 3459 factis,
996 3385 1054 3446 hoc
1074 3399 1178 3447 autem
1197 3387 1271 3448 loeo
1290 3387 1339 3448 du-

177 3459 259 3518 bium
285 3471 344 3534 est,
364 3479 401 3519 an
415 3475 519 3535 potens
544 3472 668 3523 vocetur
688 3460 822 3522 Christus
846 3482 932 3537 opere
950 3475 1075 3542 propter
1101 3464 1249 3524 miracula
1269 3463 1340 3540 (acsi

179 3537 287 3601 dictator
308 3548 397 3612 esset,
418 3535 522 3598 divinis
542 3537 698 3599 virtutibus
718 3537 806 3600 luisse
826 3539 1005 3619 praeditum,
1032 3559 1110 3618 quae
1138 3541 1307 3619 probarent
1325 3559 1340 3596 e

178 3613 265 3672 coelo
285 3614 402 3674 missum
423 3615 502 3692 esse)
522 3634 560 3674 arr
580 3634 651 3675 vero
672 3613 758 3675 latius
778 3616 835 3675 hoc
860 3626 973 3696 pateat,
992 3626 1025 3675 ut
1043 3637 1148 3676 seusus
1169 3619 1223 3690 sit,
1246 3617 1340 3695 ipsam
1373 3657 1374 3690 4

178 3689 349 3752 excelluisse
366 3701 425 3750 tam
444 3690 583 3752 facultate
603 3692 741 3766 docendi,
761 3712 846 3771 quam
865 3692 944 3752 ritae
953 3692 1149 3752 sanctimonia
1165 3706 1197 3753 et
1208 3693 1340 3774 praecla-
1373 3707 1374 3733 t

173 3766 218 3827 'cis
238 3765 365 3828 dotibus.
403 3769 503 3847 Atque
523 3767 570 3828 bic
589 3767 740 3847 posterior
758 3789 857 3828 sensus
876 3769 948 3830 mihi
959 3769 1080 3830 arridet.
1120 3769 1341 3850 Nersuperra-

178 3863 233 3904 cua
253 3857 298 3904 est
317 3844 456 3920 adiectio,
474 3865 573 3905 cocum
592 3845 659 3906 Deo
677 3859 704 3904 et
718 3845 839 3922 populo,
858 3865 932 3925 qnae
952 3845 1101 3928 significat
1119 3845 1236 3906 Christi
1257 3867 1339 3926 prae-

177 3922 311 3982 stantiam
333 3921 374 3982 ita
392 3921 482 3982 luisse
501 3932 636 3982 testatam
658 3921 834 3998 hominibus,
855 3933 885 3983 et
904 3921 988 3983 claris
1008 3921 1219 4001 experimentis
1234 3921 1339 4003 cogni
1373 3951 1374 3954 ¹

177 4009 247 4071 um,
266 4009 299 4058 ut
319 3997 387 4058 suco
409 4008 439 4058 et
458 3997 538 4058 inani
558 3997 758 4062 ostentatione
778 3999 912 4058 caruerit
952 4000 1050 4077 Atque
1070 3997 1143 4058 hinc
1164 3999 1273 4080 colligi
1288 4019 1339 4077 po·

176 4073 248 4132 terit
272 4073 369 4134 brevis
394 4073 456 4133 veri
476 4074 645 4154 Prophetae
671 4075 820 4150 delinitio,
844 4095 911 4135 uem
935 4095 951 4136 e
976 4075 1026 4154 qui
1051 4076 1187 4134 sermoni
1215 4096 1340 4156 operum

200 4168 297 4226 unque
315 4151 452 4213 virtutem
473 4151 628 4233 adiunget,
647 4172 703 4212 nce
721 4163 835 4212 tantum
855 4096 933 4231 apud
953 4150 1085 4211 homines
1107 4149 1260 4211 excellere
1281 4164 1339 4210 stu·

178 4168 270 4296 dehis,
288 4226 340 4284 red
359 4227 474 4288 sincere
494 4247 525 4287 se
545 4247 651 4309 gerere
669 4239 807 4308 tanquam
827 4228 880 4290 sub
900 4227 959 4288 Dei
980 4225 1080 4288 oculis.

172 4353 177 4365 ,
211 4336 218 4340 -
252 4302 299 4362 21.
338 4301 403 4361 Nos
419 4317 513 4362 ornem
537 4303 732 4380 mabam.
770 4307 814 4366 Ex
837 4315 979 4372 contextu
1023 4302 1132 4378 atebit,
1156 4323 1222 4363 nou
1254 4303 1338 4363 luisse

177 4392 268 4449 spem,
288 4394 373 4452 quarn
394 4377 430 4436 de
451 4377 570 4440 Christo
589 4395 800 4462 conceperant,
818 4382 981 4462 abruptum,
1001 4323 1071 4441 licet
1091 4381 1149 4444 hoc
1171 4380 1274 4460 primo
1294 4380 1337 4437 in·
1373 4403 1374 4448 1
