2764 4854
387 225 470 300 (213.
510 217 646 280 Christus
665 217 830 298 sepelitur.)
985 267 989 278 .
1131 221 1192 286 383

34 383 102 462 dics
122 391 190 448 crat
210 397 400 466 parasceve,
421 387 453 443 et
474 371 651 442 Sabbatum
672 369 891 440 illucescebat.
929 371 982 436 55.
1002 368 1190 460 Subsequo-

36 498 85 551 tae
107 493 208 550 antem
230 480 393 559 mulieres,
421 501 506 568 quae
528 500 599 544 cum
622 497 664 542 eo
685 484 881 543 venerante
903 470 1070 552 Galilaea,
1099 475 1190 544 vide-

35 597 105 650 runt
125 595 374 664 mortumentum,
395 594 427 650 et
439 578 708 671 quemadmodum
726 581 865 666 positum
882 587 951 642 erat
972 598 1090 665 corpus
1111 583 1189 649 eius.

34 691 83 754 56.
104 671 268 754 Reverere
295 707 375 754 vero
402 693 600 772 paraverunt
626 695 768 778 aromata
790 693 823 748 et
844 691 1019 768 unguenta:
1050 703 1089 748 ao
1109 682 1189 752 Sab·
1275 699 1281 722 t

34 791 108 857 bato
129 789 258 879 quidem
279 792 473 878 quieverunt
498 787 674 856 secundnm
696 794 914 872 praeceptum.

107 1071 267 1134 Subiicitur
290 1093 371 1134 nunc
398 1071 509 1136 Christi
532 1071 697 1152 sepultura,
736 1069 818 1150 quasi
849 1069 962 1131 medius
986 1071 1124 1134 transitus
1150 1073 1188 1134 ab

34 1153 40 1210 i
85 1149 192 1212 ominia
220 1151 313 1212 crucis
338 1151 375 1212 ad
400 1147 625 1212 resurrectionis
649 1145 785 1239 gloriam.
828 1145 934 1208 Voluit
964 1148 1082 1228 quidem
1106 1148 1215 1210 Dens·

33 1171 86 1286 dh
107 1226 192 1286 etiam
213 1248 297 1288 causa
316 1228 425 1288 Filium
445 1249 529 1288 sunm
548 1224 684 1306 sepeliri,
702 1235 736 1282 ut
755 1224 795 1282 ita
814 1223 918 1284 melius
938 1235 1073 1286 testatum
1094 1226 1190 1302 heret,
1214 1279 1218 1294 ,

33 1325 100 1364 vera
117 1317 212 1364 morte
231 1325 288 1384 pro
309 1305 397 1365 nobis
422 1325 484 1364 esse
505 1303 685 1364 defunctum.
724 1299 786 1364 Sed
806 1299 853 1360 bic
873 1300 992 1361 interim
1016 1301 1081 1362 bnis
1122 1324 1189 1364 rae-

33 1381 117 1460 cipue
135 1382 308 1460 spectandus
329 1392 389 1458 est,
423 1381 503 1462 quod
528 1379 585 1440 hoc
610 1378 700 1440 modo
721 1374 835 1437 aboleri
855 1379 989 1512 coeperit
1008 1377 1085 1457 male
1107 1378 1190 1456 ictio,

33 1477 116 1536 quam
135 1459 171 1517 ad
191 1457 282 1518 breve
301 1469 360 1518 tem
383 1481 417 1518 us
435 1479 518 1518 susce
541 1467 617 1516 erat:
646 1473 745 1532 neque
770 1453 849 1514 enim
873 1475 912 1512 vu
923 1454 987 1536 gari
1011 1475 1096 1516 more
1116 1477 1188 1538 pro-

33 1536 136 1592 iectum
156 1533 211 1595 luit
231 1535 294 1596 eins
312 1480 437 1596 cadhver
456 1534 486 1594 in
521 1553 640 1608 oseam,
664 1533 716 1592 sed
737 1529 769 1590 in
788 1530 925 1608 sepulcro
946 1531 1042 1594 exciso
1063 1531 1189 1593 honori-

33 1611 85 1669 lice
105 1611 263 1672 conditum.
322 1613 497 1691 Quanquam
522 1621 618 1670 autem
643 1619 715 1667 mne
739 1605 834 1668 adbuc
853 1619 921 1668 ante
948 1607 1050 1670 oculos
1075 1622 1189 1672 versata

33 1697 75 1746 est
94 1687 186 1749 carnis
206 1687 374 1763 infirmitas,
400 1709 456 1750 nec
477 1687 575 1748 divina
593 1686 685 1746 virtus
704 1684 726 1744 S
749 1684 832 1744 iritus
851 1696 921 1744 ante
940 1687 1195 1754 resurrectionem¹

33 1763 124 1822 lucide
144 1785 215 1824 cons
238 1777 303 1826 ecta
322 1777 379 1825 est:
399 1764 495 1828 voluit
513 1775 611 1823 tamen
630 1763 713 1822 Dens
729 1706 790 1821 hoc
810 1761 892 1838 quasi
911 1761 1066 1842 praeludio
1086 1763 1189 1824 adum-

33 1841 126 1914 brare,
145 1861 204 1920 quo
245 1841 335 1922 paulo
356 1855 424 1924 post
443 1842 572 1902 facturus
592 1850 669 1914 erat,
688 1849 722 1897 ut
740 1837 848 1898 Filium
866 1859 951 1900 snum
969 1838 1073 1900 mortis
1092 1839 1188 1904 ricto·

33 1937 89 1974 ·em
109 1919 263 2000 magnifice
282 1941 314 1978 su
338 1939 370 1979 ra
389 1918 491 1980 coelos
511 1917 659 1978 eveheret.
1132 1980 1134 1989 ,

105 1994 207 2054 blatth.
225 2003 273 2061 57.
362 2019 411 2056 usa
428 2011 522 2056 auam
541 2015 659 2070 vespam
677 2005 755 2054 esset
794 1989 933 2073 intellige
945 1992 1105 2074 losephnm
1125 2015 1188 2055 non

33 2068 81 2129 sub
101 2072 304 2152 crepusculum
324 2074 454 2148 venisse,
485 2072 537 2132 sed
558 2083 626 2138 ante
647 2089 784 2130 occasum
808 2067 894 2142 solis,
924 2081 958 2128 ut
976 2069 1050 2130 citra
1072 2069 1188 2132 sabbati

33 2145 217 2208 uiolationem
244 2149 303 2210 hoc
350 2149 446 2209 ietatis
466 2147 597 2208 officium
617 2147 757 2226 magistro
779 2152 955 2222 praestaret:
985 2166 1053 2204 nam
1072 2147 1189 2208 initium

33 2223 140 2286 sabbati
161 2237 224 2284 erat
243 2224 280 2284 ab
302 2171 351 2284 illl
363 2245 494 2304 vespera.
520 2225 602 2302 Ergo
614 2241 734 2280 necesse
754 2221 812 2279 luit
831 2217 982 2279 Christum
1002 2233 1070 2280 ante
1091 2224 1188 2284 noctis

35 2300 162 2360 enebras
187 2301 217 2360 in
242 2301 381 2378 sepulcro
413 2298 533 2378 deponi.
578 2297 675 2356 Porro
701 2316 717 2355 a
744 2295 864 2357 Christo
888 2307 1007 2356 mortuo
1033 2317 1125 2376 usque
1150 2301 1187 2360 ad

35 2375 140 2436 abbati
160 2375 399 2436 observationem
419 2387 478 2436 tres
498 2375 589 2433 horae
607 2372 717 2432 liberae
737 2371 896 2432 restabant.
937 2367 1114 2452 Quanquam
1135 2398 1186 2435 au·
1244 2375 1245 2379 ’

33 2473 83 2512 ειη
105 2452 233 2511 Ioannes
255 2472 317 2511 nou
337 2445 428 2512 solius
447 2449 568 2530 Iosepbi
592 2449 743 2521 meminit,
772 2449 825 2508 sed
844 2447 1041 2508 Nicodemtun
1067 2471 1187 2531 quoque

32 2529 68 2590 lli
88 2529 223 2610 adiungit
242 2527 396 2590 comitem:
436 2528 504 2607 quia
531 2539 629 2586 tamen
654 2523 735 2586 solus
758 2525 822 2604 ipse
843 2525 975 2605 suscepit
994 2525 1149 2608 negotium
1169 2551 1186 2592 a

32 2603 186 2684 ›sincipio,
205 2617 235 2664 et
254 2605 434 2665 Nicodemus
453 2606 547 2684 ipsum
569 2604 674 2662 ducem
695 2613 726 2660 et
744 2612 895 2662 auctorem
916 2612 1028 2660 tantum
1047 2616 1187 2682 sequutus

32 2695 83 2756 cst,
113 2680 208 2742 tribus
228 2683 424 2764 Evangelistis
445 2681 475 2740 in
496 2681 579 2741 brevi
599 2677 768 2738 narratione
787 2679 855 2738 satis
876 2677 947 2750 luit,
973 2677 1043 2758 qnid
1063 2682 1099 2739 ab
1120 2679 1186 2762 ipso

32 2780 85 2818 mo
105 2770 221 2838 gestum
240 2759 278 2819 sit
296 2759 419 2819 referre.
458 2760 520 2818 Iam
542 2757 595 2818 etsi
615 2777 680 2816 rara
700 2754 904 2836 laudedignus
924 2753 979 2813 suit
1000 2755 1047 2814 hic
1066 2757 1187 2838 Iosepbi

32 2835 159 2910 illectus,
178 2836 275 2916 primo
295 2846 394 2898 tamen
415 2834 502 2896 nobis
522 2832 735 2896 consideranda
756 2843 799 2891 est
811 2833 870 2892 Dei
885 2831 1085 2968 providentia,
1105 2838 1187 2914 quod

31 2912 176 2971 nominem
194 2913 273 2973 inter
292 2934 361 2974 suos
380 2913 511 2972 nobilem
533 2907 855 2991 eteximiaedignitatis
867 2930 883 2968 e
896 2907 967 2990 egit,
987 2909 1036 2987 qni
1057 2912 1187 2991 sepulcri

32 3009 140 3048 sonore
161 2989 303 3082 probrum
324 2991 418 3051 crucis
438 3001 540 3071 tegere
560 2987 726 3078 inciperet'
753 2987 794 3078 §t
813 3007 884 3046 sanc
902 2987 1092 3064 quamtotius
1110 3009 1186 3070 gen-

34 3065 57 3124 is
80 3065 207 3126 invidiae
228 3079 258 3126 et
278 3067 367 3141 odio,
398 3089 487 3157 quum
512 3065 684 3148 ingentibus
703 3062 843 3144 periculis
862 3084 894 3122 se
915 3075 1092 3142 exponeret,
1123 3086 1187 3126 non

32 3142 144 3201 labium
167 3155 226 3217 cst,
246 3152 354 3203 arcano
366 3142 771 3224 Spiritusinstinctutantum
783 3139 908 3200 fiduciae
928 3139 1096 3220 scripsisse:
1116 3163 1185 3202 nam

32 3219 91 3278 icet
113 3229 182 3278 ante
202 3241 277 3278 uncas
298 3221 398 3282 luisset
419 3242 451 3278 es
473 3219 584 3282 Christi
604 3217 771 3296 discipulis,
803 3238 952 3295 nunquam
975 3229 1070 3277 minen
1091 3217 1185 3280 libere

32 3309 50 3354 ·t
72 3296 170 3375 palam
198 3297 330 3376 prolitcri
358 3299 443 3357 fidem
470 3317 550 3356 snam
575 3317 659 3354 ausus
685 3295 789 3354 suerat.
828 3295 914 3353 Nunc
934 3294 1002 3352 dum
1023 3295 1052 3352 in
1075 3294 1187 3356 Christi

32 3385 118 3434 horte
138 3373 336 3452 spectaculum
357 3373 569 3454 desperationis
588 3372 707 3463 plenum
720 3370 858 3446 occurrit,
879 3371 960 3448 quod
981 3370 1067 3430 ctiam
1087 3371 1186 3432 viriles

37 3449 135 3509 nimos
159 3451 295 3532 frangere
315 3463 430 3531 posset,
455 3451 533 3509 unde
554 3449 598 3527 ills
618 3459 742 3528 repente
761 3459 821 3506 tam
841 3467 987 3528 generosa
1007 3447 1186 3523 animositas,

32 3537 50 3584 it
73 3526 153 3586 inter
173 3547 300 3586 summos
322 3538 449 3587 terrores
470 3525 542 3584 nihil
558 3538 701 3598 metuens,
721 3523 839 3615 longius
860 3545 947 3604 quam
967 3524 1055 3583 rebus
1095 3526 1186 3584 acatis

32 3604 167 3684 ungredi
186 3623 248 3662 non
269 3603 402 3665 dubitet?
441 3603 573 3663 Sciamus
594 3621 683 3692 crgo,
703 3601 841 3660 divinitus
862 3622 916 3681 per
934 3621 1052 3660 manum
1080 3601 1189 3682 csephi

32 3681 169 3758 epultnm
190 3681 278 3739 luisse
298 3679 357 3740 Dei
370 3680 485 3739 Filium.
512 3681 578 3738 lluc
598 3691 684 3738 etiam
705 3677 811 3738 referri
831 3679 952 3752 debent,
973 3697 1046 3756 quae
1059 3676 1106 3736 hic
1126 3698 1184 3736 no-

32 3757 375 3818 anturcircumstautiae.
402 3753 500 3818 l’ietas
513 3757 633 3837 Iosepbi
649 3767 679 3814 et
697 3755 775 3815 vitae
794 3754 947 3836 integritas
967 3753 1132 3826 laudantur,
1151 3766 1184 3814 ut

32 3834 166 3894 iscamus
192 3835 222 3893 in
249 3832 308 3894 Ilei
334 3855 418 3894 servo
448 3854 612 3916 agnoscere
638 3853 713 3911 opus
742 3831 842 3892 divino
874 3876 883 3891 .
940 3830 1067 3890 Divitm
1095 3828 1183 3889 luisse

32 3911 228 3991 {vangelistae
249 3911 398 3985 referunt,
417 3921 450 3970 ut
469 3909 602 3983 sciamus,
620 3910 693 3968 mira
713 3908 802 3968 animi
822 3929 856 3968 ce
868 3907 997 3968 situdine
1016 3918 1184 3988 superatum

32 3987 108 4047 uisse
136 3987 336 4061 obstaculum,
375 3988 456 4066 qnod
481 3986 591 4066 alioqui
622 4008 687 4046 eum
713 3985 859 4066 coegisset
881 3996 1042 4044 retrorsum
1069 3983 1183 4044 cedere.

32 4069 112 4140 lam,
145 4075 178 4122 ut
196 4064 315 4144 superbi
336 4075 403 4123 srtrrt
423 4064 542 4136 divites,
569 4063 639 4124 nihil
659 4063 808 4122 difficilius
828 4071 873 4120 est
893 4061 951 4120 illis
971 4081 1056 4140 quam
1077 4072 1183 4138 sponte

35 4143 101 4224 ulgi
122 4151 326 4223 contemptum
347 4141 454 4202 subire.
504 4139 618 4201 Scimus
638 4153 753 4213 autem,
772 4158 859 4216 quam
879 4138 996 4198 sordida
1016 4149 1046 4195 et
1065 4137 1183 4196 infamis

32 4221 113 4280 uerit
133 4239 242 4300 opera,
272 4219 398 4280 crucifixi
425 4217 550 4278 hominis
571 4218 731 4278 caelavere
752 4235 838 4277 manu
863 4213 1007 4274 carnificis
1025 4213 1183 4292 suscipere.

32 4299 61 4357 id
83 4299 160 4358 haec
182 4317 242 4377 quo
262 4295 443 4376 splendidior
462 4295 490 4356 ei
510 4294 566 4354 fuit
585 4295 715 4368 luchina,
736 4291 849 4350 caustior
862 4291 950 4350 etiam
971 4289 1071 4350 luisset
1089 4311 1123 4350 ae
1143 4290 1181 4348 ti-

32 4375 127 4434 sidior
154 4377 204 4453 (ut
228 4373 325 4436 solent
345 4373 477 4434 homines
499 4371 607 4434 divitiis
630 4369 689 4432 suis
716 4368 822 4430 addicti
849 4367 1004 4430 discrimen
1027 4387 1114 4428 omne
1135 4367 1181 4424 lu-

195 4475 202 4504 l
