2756 4838
105 213 113 226 ⁸
145 229 203 294 19⁰
419 219 535 282 SECT.
555 217 635 280 xvt.
674 231 754 278 arno
773 233 809 280 m
829 229 1030 279 renussnnu.

69 442 77 452 ,
147 380 214 440 dani
232 374 390 436 commisit:
411 385 442 434 et
460 393 536 452 quae
554 383 724 454 sequuntur.
762 371 830 432 Hoc
848 391 920 431 vero
940 371 1077 446 alterum,
1097 373 1194 436 Lucae
1213 395 1304 455 pecu.

146 456 218 516 liare
239 464 293 527 est,
311 450 443 512 subditos
462 450 567 522 abusos
586 448 727 530 principis
743 448 876 509 absentia
891 447 1047 508 tumultum
1059 449 1195 526 movisse,
1215 463 1250 512 ut
1262 453 1305 511 iu-

146 551 216 668 ffilll
237 531 298 589 eius
317 538 494 588 excuterent.
533 529 669 606 Utroque
680 524 815 585 membro
825 525 882 584 huc
894 524 1037 603 spectavit
1049 525 1194 600 Christus,
1214 527 1307 611 longe

229 604 385 685 discipulos
405 604 456 683 qui
475 614 623 682 putarent,
641 603 699 662 iam
711 604 806 683 ipsum
822 601 905 660 fixam
917 600 1027 662 hahere
1039 603 1129 686 regui
1138 603 1306 679 stationem,

147 697 179 746 et
197 681 433 762 Hierosolymam
454 679 568 754 venire,
591 689 625 738 ut
647 699 715 737 mox
739 677 856 738 felicem
880 688 985 738 statum
1011 678 1151 762 erigeret.
1189 681 1233 740 Ita
1254 702 1306 760 spe

147 759 234 841 regui
253 757 413 850 praesentis
434 755 540 830 ablata,
560 755 597 816 ad
614 775 698 889 spem
718 766 748 814 ct
766 754 952 814 tolerantiam
972 774 1023 813 eos
1043 754 1189 815 hortatur.
1229 759 1305 818 Mul-

146 849 193 897 tos
215 855 293 895 emm
312 832 428 893 labores
448 832 497 897 diu
518 843 549 892 et
565 830 636 892 sedu
651 852 669 890 o
683 829 740 891 illis
754 829 907 890 obeundos
919 829 1018 904 edicit,
1038 842 1107 892 ante
1130 853 1196 891 uam
1212 833 1305 916 gloria

149 913 197 972 illa
215 911 365 985 fruantur,
390 907 437 970 cni
461 907 548 968 nimis
573 907 665 968 calide
690 905 851 970 inhiabant.
888 905 929 966 Iu
946 910 1093 982 νεείοιιειιι
1186 913 1194 928 ”

149 984 251 1064 Quum
267 998 404 1068 putarent
421 983 564 1066 discipuli,
584 984 735 1046 Christum
754 983 840 1066 regni
858 983 902 1043 sui
922 983 1139 1063 possessionem
1159 1007 1216 1046 ram
1236 999 1306 1048 tnnc

148 1063 240 1139 adire,
258 1064 336 1124 huuc
357 1082 486 1122 errorem
507 1061 603 1141 primo
623 1059 757 1142 corrigit,
780 1059 847 1150 quia
867 1059 924 1120 sibi
943 1059 1109 1151 longinquo
1130 1061 1235 1122 itinere
1256 1085 1306 1123 ac-

149 1140 323 1232 quirendum
341 1139 380 1198 sit
398 1158 533 1219 regnum.
570 1137 667 1196 Porro
688 1135 799 1228 quidsi
844 1135 922 1195 ilicet
940 1155 972 1195 re
1005 1157 1024 1195 o
1043 1135 1212 1219 longinqua,
1231 1139 1306 1199 sub-

147 1218 227 1278 trlius
247 1217 389 1280 disserant
429 1215 459 1274 ui
479 1225 599 1293 captant
618 1225 755 1295 argutias.
825 1212 865 1272 ihi
885 1233 947 1278 nou
967 1213 1047 1272 aiud
1066 1225 1168 1274 nomrc
1185 1213 1305 1275 videtur

149 1292 293 1366 Christus,
313 1313 398 1372 quam
409 1236 585 1350 qdiuturnam
604 1287 766 1350 absentiam
786 1310 802 1348 a
821 1299 958 1368 ternpore
977 1289 1081 1349 mortis
1101 1309 1188 1427 usque
1204 1291 1239 1350 ad
1255 1291 1303 1350 ul-

50 1393 66 1434 .’
148 1371 251 1432 timum
269 1370 435 1430 adventum.
475 1366 652 1446 Quanquam
671 1365 756 1430 ‚enim
781 1363 817 1425 ad
843 1365 970 1424 dextram
990 1365 1086 1426 Patris
1106 1387 1136 1425 se
1157 1387 1207 1426 eus
1227 1367 1305 1426 coeli

149 1459 180 1509 et
197 1458 293 1507 terrac
312 1444 437 1525 imperio
457 1445 585 1523 potitur,
610 1455 640 1503 et
660 1461 693 1502 ex
714 1441 823 1521 quoin
844 1439 960 1503 coelum
980 1441 1116 1503 ascendit
1129 1443 1196 1503 data
1216 1455 1261 1503 est
1279 1444 1309 1503 ei

150 1523 244 1586 omnis
264 1533 404 1602 potestas,
424 1532 456 1579 ιιι
476 1540 575 1580 coram
596 1539 632 1578 eo
653 1519 789 1578 llectatur
808 1537 896 1578 omne
916 1538 1008 1599 genu:
1029 1519 1097 1598 quia
1117 1530 1218 1578 tamen
1230 1541 1308 1580 non-

150 1603 218 1662 dum
237 1591 335 1659 hostes
354 1617 421 1656 suos
441 1595 569 1678 subegit,
587 1596 719 1656 nondum
739 1615 754 1653 a
777 1594 874 1686 paruit
892 1594 993 1654 mundi
1013 1595 1116 1670 iudex,
1136 1616 1193 1655 nec
1212 1597 1307 1656 mani-

149 1676 254 1736 festata
273 1685 317 1734 est
335 1675 395 1734 eius
407 1673 551 1747 maiestas,
570 1692 633 1731 non
645 1672 693 1730 ine
716 1683 746 1732 te
757 1615 865 1731 dicitur
876 1669 977 1730 abesse
991 1692 1007 1730 a
1019 1669 1088 1748 suis,
1108 1671 1206 1732 donec
1219 1693 1307 1732 orna-

148 1765 195 1814 tus
218 1771 299 1810 novo
324 1749 491 1829 principatu
517 1748 624 1808 iterum'
647 1693 758 1808 trahat
803 1748 915 1808 Verum
939 1747 1058 1826 quidem
1078 1759 1122 1807 cst
1142 1769 1210 1807 eum
1230 1771 1307 1810 nunc

149 1847 285 1909 regnare,
305 1827 373 1886 dum
392 1846 460 1884 suos
479 1833 637 1906 regenerat
663 1825 696 1882 in
714 1823 803 1884 vitam
823 1824 997 1899 coelestem,
1017 1836 1049 1884 et
1068 1825 1105 1884 ad
1123 1825 1184 1884 Dei
1205 1825 1307 1908 imagi-

149 1924 217 1963 nem
235 1901 355 1980 rebngit
373 1894 544 1981 angelisque
563 1899 696 1971 associat,
716 1900 784 1961 dum
804 1899 897 1961 verbo
908 1919 961 1962 suo
975 1899 1123 1980 gubernat
1134 1899 1308 1976 Ecclesiam,

149 1990 248 2040 tuetur
266 1997 320 2036 suo
340 1976 497 2055 praesidio,
518 1975 538 2034 S
562 1976 644 2034 iritus
665 1973 942 2056 donis‘locuplctat,
962 1975 1043 2036 fovet
1061 1998 1113 2036 sua
1133 1978 1229 2060 gratia
1250 1979 1306 2038 vir-

148 2067 269 2134 tuteque
288 2053 422 2128 sustinet,
440 1997 608 2133 suppeditat
627 2052 754 2131 denique
774 2052 913 2132 quicquid
933 2054 1129 2114 necessarium
1150 2066 1197 2114 est
1215 2055 1246 2114 in
1262 2075 1305 2114 sa-

149 2132 251 2206 lutem,
271 2131 339 2190 dum
350 2128 476 2189 Satanae
489 2128 678 2207 omniumque
691 2129 848 2208 impiorum
860 2130 990 2189 sororem
1002 2131 1174 2210 compescit,
1192 2151 1307 2192 omnes-

151 2229 208 2288 que
234 2206 381 2267 machinas
402 2204 535 2286 dissipat:
561 2206 613 2265 sed
655 2203 701 2264 uia
722 2205 803 2265 carni
823 2206 1011 2265 absconditus
1031 2217 1076 2266 est
1096 2207 1144 2267 hic
1164 2208 1307 2290 regnandi

148 2285 269 2360 modus,
293 2282 414 2373 proprie
434 2282 464 2340 in
485 2281 618 2341 ultimum
634 2225 715 2342 diem
737 2282 797 2342 eius
817 2280 1015 2342 manifestatio
1037 2283 1186 2344 dissertur.
1226 2285 1306 2375 Ergo

171 2383 239 2420 uum
269 2380 356 2444 regni
385 2358 518 2418 umbram
547 2356 639 2418 stulte
666 2358 925 2496 aqprehenderent
950 2358 1104 2440 Apostoli,
1135 2371 1309 2439 pronuntiat

148 2384 310 2575 {ominum
342 2434 447 2516 procul
471 2433 529 2496 sibi
553 2455 682 2516 quaeren
704 2455 752 2496 um
777 2454 838 2496 esse
863 2455 1004 2517 regnum,
1032 2447 1066 2495 ut
1090 2457 1207 2496 moram
1232 2437 1309 2496 ierre

179 2526 270 2576 scant.

225 2595 272 2656 ts
314 2587 437 2650 Vocatis
453 2585 549 2650 &cem
565 2593 661 2650 seruis
699 2589 770 2650 Nou
789 2589 829 2649 ita
848 2587 879 2648 in
898 2609 1049 2650 servorum
1069 2609 1208 2660 numero,
1228 2589 1310 2648 utin

150 2667 293 2748 pecuniae
323 2667 441 2726 summis
469 2667 552 2726 anxie
578 2665 758 2726 haerendum
783 2677 835 2726 est
884 2666 958 2724 Nam
985 2665 1152 2725 lllatthaeus
1185 2665 1312 2726 diversas

150 2765 272 2804 summas
292 2743 466 2822 exprimens,
484 2742 653 2802 uberiorem
672 2742 806 2802 continet
825 2741 999 2816 doctrinam,
1019 2739 1100 2821 quod
1118 2741 1235 2802 scilicet
1251 2763 1312 2801 non

150 2820 285 2880 omnibus
311 2817 432 2898 aequale
451 2819 625 2898 negotiandi
645 2838 719 2878 onus
741 2817 873 2878 Christus
892 2817 1043 2900 iniungat,
1068 2817 1122 2878 sed
1148 2819 1203 2878 uni
1229 2839 1312 2882 com-

149 2897 267 2956 mittens
293 2894 424 2974 exiguam
448 2915 604 2968 summam,
627 2893 731 2952 maiori
758 2893 899 2972 pecuniae
924 2893 1046 2954 alterum
1071 2893 1236 2984 praeficiat.
1277 2895 1310 2952 ln

150 2971 207 3031 hoc
218 2969 305 3030 ambo
320 2968 520 3042 consentiunt,
539 2989 630 3049 usque
641 2969 678 3030 ad
689 2967 821 3028 ultimum
836 2971 912 3032 diem
923 2971 1147 3031 resurrectionis
1159 2969 1313 3031 Christum

150 3047 242 3107 a·suis
263 3045 481 3124 quodammodo
501 3045 694 3126 peregrinari,
713 3046 826 3106 interea
846 3067 917 3108 vero
938 3046 1057 3108 minime
1076 3059 1313 3108 consentaneum

151 3143 223 3198 csse,
242 3134 276 3181 ut
295 3118 383 3181 otiosi
402 3119 522 3180 sedeant
541 3141 575 3181 ac
594 3121 726 3182 inutiles:
745 3121 867 3204 singulis
888 3123 966 3184 enim
987 3134 1097 3184 certum
1117 3145 1227 3184 munus
1249 3144 1311 3184 esse

150 3197 321 3271 iniunctum,
341 3197 448 3276 inquo
467 3218 498 3256 sc
510 3209 680 3259 exerceant:
701 3197 810 3259 debere
824 3198 914 3280 igitur
926 3199 962 3260 ad
974 3220 1012 3260 ue
1036 3199 1190 3259 otiandum
1212 3201 1313 3260 inteu-

149 3287 196 3335 tos
216 3284 289 3348 esse,
308 3283 341 3341 ut
360 3293 421 3334 rem
442 3273 565 3334 Domini
584 3286 702 3335 strenue
722 3287 892 3366 procurent.
931 3219 1113 3357 Simpliciter
1124 3276 1314 3350 dicitLucas,

150 3351 245 3412 datam
266 3344 370 3430 cuith
389 3369 452 3410 esse
471 3349 591 3425 minam,
611 3352 687 3431 quia,
707 3371 767 3412 sive
786 3352 851 3432 plus
871 3353 930 3412 sive
947 3352 1045 3412 minus
1058 3352 1147 3412 nobis
1162 3352 1314 3412 Dominus

150 3428 322 3500 committat,
342 3447 397 3507 pro
417 3447 448 3486 se
455 3427 591 3562 unisque
603 3429 747 3490 rationem
759 3427 869 3508 pariter
881 3429 992 3489 reddet.
1032 3427 1157 3488 Plenior
1170 3433 1227 3508 ·(ut
1242 3428 1314 3500 dixi)

149 3503 369 3597 et,expressior
393 3515 437 3564 est
488 3505 634 3578 atthaeus,
664 3505 714 3584 qui
738 3506 844 3586 gradus
869 3505 957 3586 ponit
983 3505 1146 3565 distinctos.
1194 3505 1311 3564 Scimus

149 3603 242 3658 euim,
267 3602 329 3640 uon
353 3579 489 3642 omnibus
512 3582 678 3660 promiscue
699 3581 860 3640 Dominum
885 3581 985 3664 largiri
1011 3581 1135 3642 eandem
1159 3580 1309 3642 donorum

147 3679 322 3732 mensuram,
341 3657 391 3718 scd
412 3657 490 3717 varie
531 3669 600 3718 rout
618 3658 709 3718 visum
730 3669 774 3718 est
794 3657 985 3730 distribuere,
1005 3656 1107 3716 utalii
1127 3656 1203 3718 alios
1221 3675 1308 3736 prae-

148 3736 257 3796 cellant
282 3733 406 3815 (Ephes.
425 3741 460 3808 4,
480 3677 532 3810 zl-
574 3734 671 3794 Porro
694 3733 832 3814 quicquid
852 3733 883 3794 in
902 3756 957 3794 nos
978 3735 1125 3794 donorum
1147 3731 1313 3794 contulerit

146 3811 302 3886 Dominus,
321 3811 442 3872 sciamus
461 3811 553 3872 instar
593 3810 714 3871 ecuniae
733 3812 810 3891 apud
830 3833 885 3872 nos
905 3831 966 3871 esse
987 3809 1165 3900 depositum,
1187 3821 1220 3868 ιιι
1240 3809 1311 3868 inde

147 3889 254 3972 aliquid
275 3889 347 3948 lucri
368 3888 523 3968 proveniat
547 3833 591 3964 (l,-
613 3887 837 3966 Cor.12,7.).
884 3886 965 3948 Nihil
985 3907 1062 3946 curm
1083 3885 1237 3966 indignius
1258 3897 1313 3956 est,

147 3985 232 4044 quam
252 3966 311 4025 Dei
335 3965 441 4047 gratias
464 3967 607 4044 (quarum
632 3963 673 4023 vis
697 3963 729 4023 in
755 3963 852 4026 fructu
877 3963 1032 4042 consistit)
1055 3961 1187 4042 sepultas
1206 3961 1315 4034 latere,

146 4060 202 4100 uec
222 4042 253 4100 in
273 4041 400 4122 aliquem
419 4061 502 4114 usum
523 4039 746 4100 accommodari.

222 4117 326 4176 Matth.
357 4125 403 4184 15.
456 4113 615 4195 Unicuique
644 4115 798 4177 secundum
822 4120 978 4194 proprium
1000 4113 1190 4196 facultatem.
1246 4115 1312 4173 Hac

145 4209 219 4253 uoce
243 4211 306 4252 non
331 4193 471 4254 discernit
491 4191 623 4254 Christus
643 4204 775 4254 naturam
795 4215 812 4254 a
833 4193 854 4252 S
877 4195 958 4254 iritus
979 4193 1080 4253 donis:
1112 4191 1195 4251 nulla
1231 4191 1313 4250 euim

147 4279 191 4326 est
209 4264 256 4327 vel
276 4269 408 4358 potentia
427 4269 474 4332 vel
495 4269 659 4342 dexteritas,
679 4289 753 4350 quae
774 4288 835 4333 nou
856 4216 1043 4332 debeatacce
1066 4280 1097 4328 ta
1109 4267 1219 4328 referri
1231 4267 1312 4326 Deo.

147 4343 251 4422 Itaque
275 4345 404 4424 quisquis
428 4345 532 4426 partiri
557 4367 623 4408 cum
642 4345 711 4410 Deo
734 4345 832 4424 volet,
857 4346 930 4408 nihil
954 4345 1010 4408 sihi
1049 4345 1125 4408 aciet
1144 4343 1309 4406 residuum.
