2768 4834
156 321 160 336 ί
191 254 250 342 1⁴⁸.
566 265 568 279 ι
643 243 796 308 suerro
817 245 871 305 vr.

194 421 298 463 eorum
323 395 496 462 commentis
515 397 593 477 iltius
612 399 820 480 interpretatio
841 397 969 459 differat
1015 396 1134 457 Summa
1153 408 1213 474 est,
1245 397 1345 477 qnod

192 479 283 562 Legis
302 477 468 537 doctrinam
487 476 523 535 ad
543 475 694 556 politicum
716 477 850 536 ordinem
869 472 1096 548 transtulerant,
1124 485 1157 534 ut
1176 473 1346 534 sufficeret

193 555 319 616 externis
346 552 451 613 officiis
472 551 608 634 defungi:
639 553 680 612 ita
700 551 791 612 fiebat
809 563 842 610 ut
860 573 891 612 se
911 551 947 612 ab
968 550 1128 610 homicidio
1149 550 1344 625 absolveret,

193 632 323 712 quisquis
342 629 492 690 ltominem
511 651 599 688 mann
618 649 681 688 non
700 629 860 704 occiderat,
879 639 912 686 ut
931 649 962 686 se
982 649 1087 706 purum
1105 638 1258 686 etcastum
1299 649 1343 685 u-

194 719 272 768 taret
292 728 391 766 coram
410 706 494 780 Deo,
517 706 589 784 ¹quis
612 706 654 764 uis
675 705 818 764 adulterio
840 725 947 795 corpus
966 725 1030 763 non
1049 703 1204 784 polluerat.
1247 704 1261 761 l
1280 725 1344 761 aec

192 803 265 844 vero
286 793 349 842 erat
367 781 487 842 minime
506 727 628 841 ferentia
647 781 736 917 Legis
756 779 936 862 profanatae,
957 802 1047 859 quum
1067 793 1177 840 certum
1196 780 1247 855 sit,
1269 781 1342 858 spi-

191 859 326 920 ritualem
337 857 395 918 Dei
416 859 525 917 cultum
544 858 653 937 ubique
674 879 689 916 a
718 859 784 918 lose
803 857 925 936 requiri,
944 856 1080 930 ctDeus,
1100 857 1150 936 qui
1171 877 1236 916 eam
1260 857 1340 914 tulit

171 935 247 1016 *per
265 955 382 994 manum
401 935 510 1009 ltlosis,
533 955 589 1014 pro
609 955 660 994 sua
679 947 783 993 natura
802 933 940 993 cordibus
958 955 1026 1018 pon.
1041 934 1136 992 minus
1158 953 1247 1014 qnam
1267 954 1340 992 ma-

192 1011 281 1072 nibus
302 1023 333 1070 ct
352 1011 444 1072 oculis
463 1010 600 1089 loquutus
619 1010 664 1070 sit
695 1009 826 1071 Adducit
845 1009 1105 1090 quidem'Christus
1117 1009 1205 1091 Legis
1224 1010 1341 1084 verba,

100 1089 106 1094 ’
190 1087 244 1150 sed
263 1107 294 1148 se
314 1088 350 1147 ad
369 1103 553 1147 communem
571 1087 620 1147 vul
644 1088 653 1145 i
673 1087 1020 1167 captumtaccornmodat,
1040 1086 1097 1146 acsi
1111 1087 1238 1146 diceret:
1259 1087 1339 1145 bac-

192 1175 278 1224 tenus
307 1163 427 1224 literalis
452 1164 531 1224 inter
557 1183 619 1238 vos·
661 1185 676 1223 e
700 1164 722 1222 is
748 1163 890 1252 expositio
915 1162 1102 1242 perscribas
1127 1163 1247 1244 vulgata
1275 1174 1338 1236 est,

182 1233 262 1312 'satis
289 1259 350 1300 esse
375 1240 399 1299 si
420 1239 484 1320 quis
503 1260 605 1300 manus
624 1239 661 1298 ab
679 1185 840 1299 bomicrdio
862 1249 892 1298 et
909 1239 939 1298 vi
958 1237 1117 1312 abstineat,
1148 1259 1207 1322 ego
1228 1250 1337 1298 autem
1374 1283 1375 1290 κ

193 1336 316 1391 moneo,
338 1315 427 1396 longe
448 1315 532 1375 altius
552 1316 704 1378 nitendum
724 1335 801 1388 esse,
822 1325 852 1374 et
872 1315 939 1450 puin
959 1316 1063 1375 caritas
1083 1316 1172 1398 Legis
1193 1327 1239 1374 est
1258 1336 1337 1406 per-

192 1392 301 1467 fectio,
320 1391 426 1452 violari
446 1392 608 1472 proximum
629 1393 707 1467 dico,
726 1391 842 1472 quoties
861 1391 971 1471 arquid
989 1392 1124 1452 adversus
1144 1413 1211 1450 eum
1231 1411 1336 1452 mmus
1374 1427 1375 1430 =

193 1467 285 1528 amice
305 1469 506 1529 committitur.
544 1469 696 1529 Posterius
714 1467 878 1528 membrum
898 1469 978 1546 quod
997 1469 1116 1542 recitat,
1144 1469 1243 1528 Reum
1264 1468 1336 1528 fore

190 1543 313 1620 iuditio,
332 1545 382 1624 qui
402 1545 552 1604 bominem
572 1545 724 1619 occiderit,
744 1544 900 1604 confirmat
919 1545 1000 1623 quod
1019 1567 1115 1625 nuper
1134 1544 1202 1619 dixi,
1222 1545 1335 1605 vitium

190 1621 321 1681 illudne
346 1621 452 1680 ehendi
478 1641 494 1679 a
522 1620 659 1699 Christo,
689 1621 770 1701 qnod
788 1621 850 1680 Lex
867 1621 943 1697 Dei,
972 1643 1047 1702 quae
1066 1620 1205 1704 regindis
1224 1621 1335 1682 aniuris

191 1697 298 1758 tradita
318 1643 382 1766 licit,
401 1695 433 1754 in
452 1694 586 1774 politiam
607 1717 747 1756 conversa
767 1708 839 1756 erat.
931 1757 936 1768 ,

268 1779 315 1836 22.
340 1771 421 1846 =Ego
443 1785 538 1831 mnam
561 1771 627 1832 dieo
650 1771 735 1834 noto.
772 1773 960 1853 Responsum
978 1797 1062 1834 suurn
1081 1793 1143 1833 non
1163 1786 1332 1854 praecepto

191 1847 283 1910 Musis
310 1847 452 1938 opponit,
481 1848 532 1909 sed
558 1847 670 1938 vulgari
693 1847 898 1908 scribarumfi
950 1862 1030 1912 ento.
1069 1851 1165 1911 Porro
1187 1851 1257 1941 quia
1277 1871 1333 1912 ve-

190 1933 330 1984 tustatem
352 1923 502 1986 ructabant
525 1923 675 1986 Pharisaei
702 1927 757 2004 (ut
781 1925 845 1985 fere
870 1947 904 1989 so
917 1938 948 1986 et
971 1926 1021 1987 lon
1045 1927 1054 1986 i
1073 1938 1217 2007 temporis
1238 1949 1332 2006 prae-

189 1999 313 2080 scriptio
333 1999 457 2060 obtendi
476 1999 513 2060 ad
532 2000 658 2061 tuendos
677 2005 829 2079 errores),
856 1999 990 2064 Christus
1010 1948 1045 2064 ab
1065 2025 1145 2064 suam
1165 2004 1333 2064 auctorita-

191 2085 271 2150 tem,
300 2074 348 2136 cui
373 2075 479 2135 merito
501 2077 606 2138 cedere
627 2076 716 2138 debet
736 2078 831 2138 omnis
849 2090 993 2154 vetustas,
1024 2081 1166 2160 populum
1185 2091 1332 2140 revocat:

190 2152 271 2213 unde
302 2151 482 2232 colligimus,
520 2165 630 2232 quanto
662 2155 881 2233 praeponderet
903 2156 1009 2216 veritas
1033 2169 1092 2216 tam
1118 2157 1332 2218 consuetudini

191 2248 280 2364 guam
299 2247 442 2288 annorum
461 2249 594 2292 numero.
627 2227 685 2312 Qui
703 2229 812 2290 dulcem
822 2233 925 2313 fratri
941 2253 1003 2292 suo.
1034 2233 1108 2294 Tres
1128 2234 1237 2316 gradus
1253 2253 1331 2292 con-

213 2303 388 2365 emnatiouis
412 2305 498 2384 ponit
524 2305 656 2368 christan
683 2319 761 2366 extra
780 2329 919 2368 manuum
938 2308 1120 2370 violentiam:
1153 2330 1212 2389 quo
1233 2309 1330 2390 signi-

190 2379 275 2454 ficat,
306 2391 495 2461 praeceptum
521 2382 595 2442 illud
620 2383 708 2464 Legis
733 2404 796 2443 non
820 2404 923 2446 mantus
945 2395 1058 2445 tantum
1085 2386 1245 2458 cohibere,
1276 2386 1330 2446 sed

190 2455 314 2518 affectus
335 2477 436 2517 omnes
456 2457 570 2518 caritati
589 2457 736 2520 fraternae
756 2459 931 2535 contrarios,
950 2461 1008 2520 acsi
1027 2461 1152 2536 diceret,
1175 2461 1240 2536 Qui
1260 2474 1329 2521 tan-

189 2543 253 2592 tum
273 2533 411 2594 fratribus
431 2534 498 2594 irati
518 2533 644 2608 fuerint,
668 2535 714 2596 vel
734 2537 860 2616 superbe
880 2536 1100 2614 insultaverint,
1119 2538 1166 2600 vel
1187 2538 1331 2598 laeserint

191 2610 292 2690 aliquo
319 2609 471 2685 convicio,
499 2611 660 2671 homicidas
686 2631 758 2672 esse.
802 2613 864 2672 lam
889 2623 977 2692 quum
1005 2627 1116 2674 certum
1135 2616 1189 2691 sit,
1220 2637 1330 2675 vocem

190 2685 293 2746 Racha
311 2686 412 2746 medio
433 2686 501 2747 loco
522 2689 609 2746 statui
628 2687 707 2747 inter
725 2689 904 2748 iracundiam
924 2701 953 2749 ct
972 2691 1157 2751 manifestum
1171 2691 1329 2771 probrum,

187 2765 253 2821 aion
274 2761 376 2822 dubito
398 2762 470 2839 quin
490 2763 654 2842 spernentis
675 2764 720 2823 vel
740 2765 917 2825 adversantis
938 2766 1026 2827 fuerit
1045 2767 1223 2827 interiectio.
1264 2768 1327 2828 Ta-

184 2837 276 2897 metsi
294 2849 391 2896 autern
410 2838 564 2918 gehennae
584 2838 659 2918 ignis
680 2858 730 2900 eos
749 2839 828 2900 solos
840 2841 987 2902 adiudicat
1004 2841 1147 2918 Christus,
1168 2845 1219 2923 qui
1233 2865 1328 2924 usque

189 2913 222 2972 in
241 2923 375 2992 apertum
395 2913 559 2972 convicium
579 2914 745 2992 prosiliunt,
764 2935 826 2975 non
846 2929 944 2978 tamen
965 2919 1146 2980 iracundiam
1167 2920 1267 2980 eximit
1289 2921 1327 2980 ab

189 2988 245 3047 bac
266 3008 373 3068 poena,
390 2988 443 3048 sed
463 2989 499 3048 ad
518 3001 636 3050 terrena
656 2991 761 3051 iudicia
781 2991 1058 3068 alludenstcstatur,
1078 2996 1175 3055 Deum
1188 2997 1327 3058 occultae

191 3063 279 3123 etiam
304 3065 365 3123 irae
388 3063 518 3128 futurum
544 3065 685 3142 indicem,
716 3080 749 3127 ut
773 3089 840 3128 eam
866 3070 976 3150 puniat
1024 3073 1103 3146 Quia
1128 3084 1227 3150 autem
1247 3073 1327 3134 ultra

212 3141 395 3220 regreditur,
425 3140 733 3230 quipindignationem
753 3145 934 3206 amarulente
953 3167 1098 3208 sernmue-
1109 3149 1226 3228 prodit,
1257 3171 1326 3210 cum

189 3159 259 3274 lore
283 3237 365 3276 reum
391 3215 462 3276 dicat
481 3238 579 3278 coram
599 3229 664 3280 toto
686 3220 808 3280 coelesti
827 3243 979 3297 consessu,
1010 3235 1043 3283 ut
1061 3225 1228 3316 graviorem
1249 3247 1326 3305 poe-

190 3313 259 3350 nam
279 3293 427 3352 sustineat.
467 3292 529 3368 Qui
547 3316 618 3355 vero
639 3317 730 3376 usque
750 3299 786 3358 ad
807 3299 940 3359 convicia
961 3313 1121 3380 eruperant,
1141 3321 1193 3361 eos
1213 3303 1325 3363 addicit

104 3410 111 3416 -
189 3368 344 3449 gehennae
369 3367 461 3451 ignis,
489 3370 671 3453 significans,
701 3373 801 3435 odium
829 3387 859 3434 et
879 3376 1017 3455 quicquid
1037 3378 1155 3438 ceritati
1169 3379 1324 3440 adversum

190 3454 236 3504 est
261 3446 298 3504 ad
322 3445 424 3505 mortis
449 3457 585 3508 aeternae
605 3461 718 3508 reatum
736 3451 888 3522 sufficere,
918 3453 1046 3531 quamvis
1065 3454 1144 3513 nulla
1164 3455 1207 3515 vis
1229 3457 1324 3514 inter-

139 3570 146 3602 ,
190 3521 320 3582 cesserit.
361 3521 444 3597 Quin
460 3520 606 3598 geftemcte
624 3545 734 3585 nomen
755 3527 962 3590 translaticium
983 3529 1035 3602 sit,
1059 3531 1179 3590 minime
1200 3532 1323 3592 dubium

190 3616 243 3666 est
287 3619 337 3666 tau
362 3608 505 3671 Hebraeis
530 3611 636 3672 vallem
658 3613 681 3672 si
704 3613 810 3674 nificat.
854 3614 950 3675 Porro
974 3617 1057 3678 vallis
1081 3618 1213 3678 Hinnoin
1240 3618 1323 3680 locus

131 3723 134 3742 .
189 3693 254 3741 erat
277 3680 403 3745 nefanda
426 3689 634 3767 superstitione
654 3632 785 3765 inlamis,
816 3692 896 3770 quod
915 3692 975 3753 illie
994 3694 1120 3754 infantes
1140 3717 1209 3756 suos
1233 3696 1321 3757 idolis

126 3802 130 3810 ,
156 3829 157 3840 χ
189 3771 360 3820 mactarent.
398 3763 477 3823 Hinc
497 3765 604 3824 factum
625 3777 684 3838 est,
704 3777 737 3826 ut
753 3769 846 3828 sancti
865 3767 935 3842 viri,
956 3791 1014 3848 quo
1036 3771 1085 3830 illa
1104 3771 1247 3832 scelerata
1268 3775 1322 3832 im-

190 3835 283 3914 pietas
311 3838 424 3898 maiore
448 3839 479 3898 in
506 3841 575 3900 odio
603 3853 692 3913 esset,
731 3865 787 3922 pro
811 3843 929 3904 inferno
955 3848 1015 3907 acci
1039 3860 1137 3922 erent,
1169 3841 1202 3906 u't
1226 3850 1321 3928 ipsum

189 3930 309 3990 quoque
333 3935 443 3975 nomen
468 3927 605 4006 tanquam
632 3919 796 3981 ominosum
822 3943 855 3981 ac
877 3869 1048 3982 detestabile
1069 3925 1196 4003 populus
1216 3927 1320 3986 horre-

189 3998 244 4046 ret.
288 3989 439 4126 Tempore
460 3992 569 4052 Christi
589 4005 726 4072 apparet,
755 4009 906 4076 receptum
926 3999 1013 4058 fuisse
1033 4001 1176 4078 loquendi
1196 4023 1321 4074 morem,

188 4082 245 4120 nec
266 4065 327 4151 tere
347 4067 432 4125 aiter
450 4078 520 4128 tune
539 4081 675 4128 vocaturn
696 4071 782 4150 fuisse
794 4073 942 4136 infernum
953 4096 1038 4154 quarn
1050 4077 1228 4158 gebennam,
1246 4101 1320 4140 voce

188 4157 209 4196 a
226 4151 325 4202 nauvo
344 4163 419 4204 sono
440 4143 589 4227 paululum
609 4147 736 4210 deflexa..
