2764 4854
1157 6 1169 40 Ι

164 253 232 318 ata
303 246 418 354 SECJ.
439 245 502 307 XX.
543 259 677 308 csrmsrt
695 257 922 306 nesonnncrrn
945 257 986 304 er
1007 257 1183 348 ascensio.

165 401 278 462 latione
298 421 359 460 non
381 401 471 462 modo
490 400 652 480 Apostolos
672 398 764 460 erexit
781 397 915 458 Christus
935 399 970 458 ad
990 396 1114 458 liberam
1135 399 1273 458 muneris
1294 401 1335 458 sai

166 476 343 570 exsequendi
365 477 515 558 fiduciam,
540 477 590 537 sed
612 477 699 538 fidem
718 475 873 556 Evangelii
888 475 942 534 sni
962 475 993 534 in
1013 495 1117 534 omncs
1138 487 1256 536 aetatu
1276 489 1337 536 sta-

151 551 270 618 *tritine
307 555 466 633 Nunquam
487 565 567 614 certe
586 564 645 614 tam
666 553 786 612 arduum
812 573 915 612 nivinus
941 553 1065 634 aggredi
1086 551 1246 632 Apos‘tolis
1268 574 1336 632 per-

165 653 278 693 suasum
299 630 390 706 loret,
410 629 465 706 nisi
485 631 595 691 scirent
613 630 644 692 in
665 630 751 690 coelo
771 627 874 689 sedere
893 650 976 688 suum
996 629 1166 703 vindicem,
1186 630 1238 688 cui
1258 651 1336 688 snm-

165 730 244 768 mum
264 706 419 787 imperinm
440 707 537 768 datum
558 719 647 768 esset:
667 727 735 766 nam
748 705 810 766 sine
822 705 872 765 tali
883 706 1031 784 praesidio
1052 705 1245 784 impossibile
1266 706 1334 766 fuis-

165 795 210 845 set
228 785 384 865 quicquam
404 785 559 865 proficere.
595 782 690 862 Atqui
701 781 751 842 uhi
767 781 889 842 audiunt
903 781 990 842 coelo
1011 793 1042 842 et
1060 793 1162 842 terrae
1184 803 1334 864 praeesse,

166 861 212 922 eui
234 880 356 940 operam
374 881 455 920 suam
475 860 589 934 locant,
615 859 672 921 hoc
696 879 757 918 uno
783 855 819 918 ad
843 859 1009 939 superanda
1039 856 1161 940 quaevis
1182 859 1335 920 obstamln

122 968 130 986 r
165 938 235 999 satis
252 956 400 1029 superque
419 936 554 998 instructi
580 947 657 996 sunt.
697 935 789 1010 Quod
814 955 886 994 vero
912 935 948 994 ad
973 935 1126 996 auditores
1152 948 1291 1015 spectat,
1316 937 1337 994 si

166 1012 399 1093 contemptibilis
408 1031 523 1085 corum,
536 1012 585 1094 qui
598 1013 792 1094 Evangelium
807 1011 994 1087 annuntiant,
1005 1012 1102 1073 forma
1122 1031 1236 1072 eorum
1253 1013 1337 1072 fidem

105 1138 110 1143 .
167 1090 303 1152 debilitat
321 1089 369 1150 vel
387 1101 531 1164 moratur,
553 1111 664 1150 sursum
685 1088 787 1150 oculos
807 1087 844 1148 ad
864 1087 958 1168 ipsum
978 1099 1132 1149 auctorem
1154 1090 1275 1150 referre
1296 1091 1335 1148 di-

165 1179 259 1239 scant,
278 1185 295 1228 n
314 1165 396 1226 cuins
411 1177 562 1256 potestate
582 1163 761 1226 aestimanda
781 1176 826 1226 est
843 1163 999 1246 Evangelii
1018 1167 1169 1226 maiestas.
1209 1167 1258 1227 Ita
1280 1167 1336 1234 fiet,

166 1256 201 1304 ut
219 1264 274 1324 per
292 1263 360 1302 mos
380 1243 529 1304 ministros
546 1241 722 1322 loquentem
733 1242 884 1321 despicere
895 1261 957 1302 non
969 1241 1108 1302 audeant.
1137 1241 1269 1303 Diserte
1288 1265 1335 1301 an-

166 1331 226 1380 tem
245 1339 277 1380 se
296 1329 356 1378 tam
376 1317 456 1381 coeli
474 1339 561 1399 quam
581 1329 678 1380 terrae
698 1318 849 1378 dominum
871 1327 902 1377 et
920 1338 1022 1402 regem
1043 1319 1125 1394 lacit,
1147 1321 1220 1399 quia
1239 1321 1335 1380 Evan-

166 1395 238 1479 gelii
259 1395 481 1476 praedicatione
500 1393 634 1457 homines
653 1393 707 1454 sub
730 1394 905 1474 obsequium
923 1416 1008 1456 snum
1028 1413 1164 1478 cogens,
1184 1397 1277 1480 regni
1296 1395 1336 1454 sui

165 1473 272 1534 solium
292 1471 447 1532 constituit
464 1472 496 1533 in
514 1483 609 1532 terra:
636 1483 668 1531 nt
686 1491 755 1532 suos
774 1471 805 1531 in
826 1491 932 1532 novam
957 1471 1046 1532 vitam
1071 1491 1283 1552 regenerans,
1308 1485 1335 1531 et

167 1551 205 1612 ad
223 1569 306 1630 spem
326 1547 425 1610 salutis
446 1547 582 1640 invitans²
602 1547 704 1611 coelos
723 1548 829 1630 aperit,
848 1559 881 1608 ut
893 1549 930 1609 ad
945 1549 1062 1610 beatam
1079 1549 1334 1610 immortalitatem

167 1647 233 1687 cnm
254 1625 366 1718 angelis
387 1625 513 1701 attollat,
531 1646 581 1706 qur
601 1625 682 1707 prius
701 1646 762 1686 non
783 1623 878 1688 solum
898 1625 1057 1706 reptabant
1075 1623 1108 1685 in
1128 1627 1266 1702 mundo,
1286 1627 1333 1686 sed

165 1703 197 1763 in
216 1715 321 1764 mortis
341 1699 448 1784 abysso
467 1701 594 1762 demersi
614 1712 709 1761 erant.
747 1701 966 1762 Meminerimus
987 1723 1071 1778 vero,
1093 1701 1180 1782 quod
1202 1703 1333 1763 Christus

164 1781 231 1840 iure
250 1799 304 1839 suo
321 1783 441 1858 'semper
459 1779 538 1860 apud
557 1778 676 1840 Patrem
695 1777 815 1854 hahuit,
839 1777 898 1840 hoc
923 1778 965 1839 illi
995 1779 1027 1838 in
1047 1799 1141 1840 carne
1163 1791 1268 1840 nostra
1288 1779 1334 1838 da·

165 1867 228 1917 tum
249 1876 323 1930 esse,
341 1853 388 1916 vel
408 1857 457 1932 (ut
476 1854 581 1916 clarius
601 1854 723 1934 loquar)
742 1855 773 1914 in
816 1876 920 1916 ersona
939 1854 1124 1917 lllediatoris.
1164 1857 1238 1917 Non
1259 1858 1331 1916 enin

166 1945 317 1993 aeternam
337 1930 501 2010 potentiam
521 1930 620 2006 iactat,
640 1953 696 2010 qua
712 1877 864 2068 praediun
885 1931 1021 1992 initante
1035 1945 1172 1993 creatum
1185 1933 1331 1998 mnndum,

165 2009 218 2070 sed
238 2027 325 2086 quam
344 2027 423 2069 nunc
443 2008 567 2087 aceepit,
587 2007 654 2068 dnm
676 2027 712 2068 or
732 2007 827 2070 inatus
848 2008 903 2070 fuit
921 2009 1024 2068 mnndi
1045 2010 1147 2070 indes.
1188 2011 1254 2069 Imo
1275 2030 1327 2068 no-

166 2083 288 2146 tandum
309 2093 369 2158 est,
397 2083 553 2174 imperium
577 2085 635 2146 hoc
658 2086 722 2144 noia
748 2083 836 2146 luisse
862 2085 974 2164 liquido
985 2085 1173 2167 ,cognitum
1199 2087 1328 2148 doneea

166 2160 290 2222 mortuis
309 2172 478 2236 resurrexit,
497 2160 565 2252 quia
584 2171 655 2222 tunc
676 2162 793 2223 demum
812 2163 916 2230 summi
934 2161 1026 2244 Regis
1054 2163 1218 2246 insignibus
1237 2181 1325 2221 orna-

165 2250 213 2298 tus
233 2237 264 2296 in
283 2237 407 2306 sublime
426 2237 547 2318 prodiit.
587 2235 659 2312 Quo
679 2237 767 2298 etiam
787 2240 916 2318 pertinet
934 2239 1006 2300 illud
1026 2238 1116 2300 Pauli
1135 2238 1325 2316 (uttan),

169 2313 338 2376 Erinanivit
356 2335 388 2376 se
407 2315 515 2394 ipsum:
535 2325 696 2396 propterea
715 2313 850 2378 exaltavit
868 2315 951 2376 illum
960 2314 1056 2394 Dens,
1076 2327 1109 2376 et
1119 2316 1204 2377 dedit
1213 2316 1257 2375 illi
1274 2335 1325 2374 no·
1372 2337 1373 2350 ι

166 2411 236 2452 men
249 2390 338 2527 guod
357 2403 402 2452 est
419 2411 507 2472 snpra
528 2409 617 2453 omne
635 2411 758 2467 nomen,
777 2402 832 2454 ete.
860 2392 1043 2472 Quanquam
1062 2405 1168 2454 autem
1183 2392 1256 2452 alibi
1275 2413 1328 2452 ses-

166 2468 212 2528 sio
225 2464 247 2527 'a
287 2467 382 2528 Patris
400 2466 592 2530 dexteramin
608 2467 725 2530 coelum
737 2469 869 2530 ascensui
881 2468 1047 2544 subiicitur,
1063 2482 1211 2548 tanquam
1232 2470 1328 2529 ordine

166 2543 330 2636 posterior:
357 2544 425 2626 quia
449 2556 549 2605 tamen
575 2545 751 2606 resurrectio
778 2558 809 2606 et
830 2546 863 2605 in
887 2545 1004 2606 coelum
1030 2567 1178 2616 ascensus
1196 2567 1248 2608 res
1272 2557 1329 2606 snt

166 2629 247 2681 mter
264 2639 296 2680 se
316 2632 418 2682 mutuo
439 2640 601 2696 connexae,
618 2621 727 2684 merito
747 2643 827 2684 nnnc
848 2623 883 2684 de
903 2643 954 2684 sna
973 2623 1112 2705 potentia
1137 2635 1201 2684 tam
1222 2623 1328 2706 magni-

168 2697 225 2758 lice
245 2697 441 2759 concionatur
460 2697 604 2760 Christus.

243 2779 292 2838 ts.
329 2773 481 2836 flamm
508 2797 587 2851 ergo.
641 2776 819 2868 Quanquam
847 2778 981 2852 Marcus,
1012 2786 1176 2867 postquam
1207 2777 1330 2838 nurasit

170 2847 320 2910 Christum
339 2851 508 2932 apparuisse
527 2852 664 2914 undecim
683 2853 847 2934 discipulis,
874 2875 942 2916 mox
966 2853 1085 2914 subiicit
1104 2855 1281 2914 mandatnm
1299 2855 1331 2912 tle

166 2927 332 3006 Evangelio
352 2928 562 3008 praedicando,
581 2948 643 2990 non
663 2941 763 2990 tamen
782 2931 956 2992 continuum
972 2941 1069 2991 actum
1091 2930 1251 3012 designat:
1270 2929 1329 3010 quis

170 3023 206 3063 ex
225 3003 368 3067 Matthaei
388 3017 527 3066 contextu
547 3005 721 3087 colligimus,
741 3007 798 3068 hoc
816 3027 879 3068 uon
891 3007 972 3088 prius
987 3007 1176 3066 esselactum
1198 3029 1284 3088 qnam
1302 3009 1328 3064 in

170 3077 334 3140 Galilaeam
355 3081 464 3164 egressi
485 3092 591 3144 essent,
632 3081 751 3144 Summa
770 3096 867 3144 autem
887 3097 941 3160 est,
961 3083 1204 3165 ntEvangelinm
1228 3085 1327 3164 ubique

190 3156 387 3238 romulgando
406 3158 437 3217 in
448 3157 517 3219 fidei
536 3157 735 3220 obedientiam
752 3173 856 3252 gentes
869 3181 972 3222 omnes
991 3159 1153 3236 adducant,
1174 3157 1285 3220 deinde
1303 3171 1329 3216 nt

167 3177 334 3294 doctrinam
352 3254 433 3294 snam
453 3233 613 3318 obsignent
632 3257 666 3296 ac
686 3248 820 3298 sanciant
837 3235 995 3320 Evangelii
1013 3237 1037 3298 si
1082 3257 1112 3296 o.
1145 3239 1242 3317 Apud
1261 3239 1331 3298 hist-

166 3309 286 3370 thaenm
305 3309 392 3372 initio
411 3308 550 3372 iubentur
568 3313 742 3394 simpliciter
761 3313 886 3388 docere,
904 3316 956 3374 sed
981 3257 1221 3394 apuEnlllarenm
1242 3313 1330 3394 expri-

166 3385 257 3446 mitur
276 3386 429 3450 doctrinae
449 3409 554 3470 genus,
572 3409 679 3471 nempe
700 3402 733 3450 ut
744 3390 936 3472 Evangelinm
954 3389 1140 3470 praedicent.
1185 3391 1230 3450 Et
1250 3389 1333 3470 paulo

167 3473 239 3544 post
256 3463 335 3544 ppud
353 3463 533 3527 Matthaenm
554 3465 563 3524 i
586 3489 647 3528 sum
667 3466 785 3528 additur
809 3467 971 3542 restrictio,
1001 3478 1034 3526 nt
1058 3465 1193 3528 doceant
1219 3487 1333 3528 servare

169 3556 364 3624 quaecunque
384 3541 535 3633 praecepit
585 3543 709 3604 ominus.
754 3543 833 3604 Hinc
849 3544 1011 3618 discemus,
1035 3543 1255 3623 Apostolatmn
1274 3563 1333 3602 non

168 3635 231 3678 erse
254 3617 373 3680 inanem
400 3620 521 3680 honoris
547 3620 680 3696 titulum,
704 3621 757 3683 sed
783 3639 940 3702 operosum
959 3640 1081 3696 munos,
1107 3619 1243 3700 ideoque
1261 3617 1334 3678 nihil

107 3750 118 3766 ,
166 3693 261 3777 magis
280 3715 343 3758 csse
363 3696 519 3758 absurdum
539 3695 586 3756 vel
607 3697 702 3758 minus
721 3695 895 3772 tolerabile,
914 3718 1001 3777 qnam
1020 3709 1054 3757 ut
1072 3695 1132 3756 sihi
1154 3697 1260 3758 larvati
1281 3698 1334 3756 ho-

70 3849 72 3858 l
166 3770 261 3832 mines
280 3785 424 3854 usurpent
443 3773 520 3834 hunc
540 3771 698 3850 honorem,
718 3774 769 3854 qui
790 3775 885 3836 otiose
900 3784 1057 3910 regnantes
1078 3772 1212 3834 docendi
1232 3793 1334 3834 munus

164 3869 184 3920 a
203 3867 235 3908 se
254 3849 400 3912 reiiciunt.
438 3851 467 3910 Α
485 3849 567 3930 Papa
586 3849 723 3912 Romano
744 3851 805 3914 eius
828 3873 865 3912 ue
890 3871 926 3912 co
949 3861 1015 3911 orte
1034 3872 1067 3912 su
1093 3849 1168 3910 erbe
1188 3849 1333 3911 successio

166 3923 241 4016 haeq
260 3925 394 4002 iactatur,
414 3926 496 4007 quasi
515 3946 702 3988 communem
722 3949 787 3988 cum
801 3871 892 3988 Eetro
907 3938 938 3988 et
952 3927 1014 3988 eius
1025 3871 1153 4010 collegis
1174 3947 1334 4007 personam

167 4013 344 4063 sustineant:
364 4004 482 4068 interim
502 4001 655 4066 doctrinae
674 4004 768 4066 nihilo
792 4005 887 4065 maior
906 4003 964 4064 illis
985 4025 1053 4064 cura
1074 4013 1139 4078 est,
1165 4025 1257 4083 quam
1277 4003 1333 4062 Ln-

166 4077 275 4158 percis,
293 4079 342 4141 sel
361 4080 470 4142 Bacchi
490 4091 520 4140 et
539 4079 665 4142 Veneris
684 4079 894 4142 sacerdotibus.
930 4081 1040 4140 Verum
1061 4099 1121 4159 qna
1143 4079 1261 4156 fronte,
1281 4079 1334 4138 nh-

166 4173 269 4231 secro,
292 4155 324 4216 in
344 4177 446 4218 eornm
466 4157 565 4218 locum
591 4177 622 4218 se
641 4156 820 4238 subrogant,
852 4178 927 4237 quos
951 4157 1073 4218 audiunt
1100 4166 1224 4217 creatos
1250 4155 1334 4217 suissc
1367 4183 1368 4190 ι

166 4229 321 4314 Evangelii
345 4233 528 4314 praecones?
569 4233 631 4295 Sed
655 4235 784 4312 quamvis
812 4255 863 4294 eos
890 4235 957 4294 non'
979 4233 1090 4312 pudeat
1116 4231 1334 4314 impudentiam

164 4325 246 4366 suam
266 4309 405 4386 prodere,
423 4322 522 4372 tamen
542 4312 619 4391 apud
632 4329 734 4370 omnes
746 4311 810 4371 sani
821 4310 922 4370 iudicii
939 4311 1065 4370 lectores
1077 4307 1138 4368 hoc
1152 4330 1218 4370 uno
1240 4309 1332 4370 verbo

163 4382 233 4442 satis
252 4382 347 4446 valide
365 4387 564 4465 prosternitur
584 4385 676 4450 futilis
696 4406 800 4449 eorum
819 4387 1004 4508 hierarchinp
1023 4386 1105 4467 quod
1126 4387 1232 4454 nullus
1251 4389 1332 4464 Apo-
