2764 4854
110 2433 114 2442 ·
153 2415 249 2462 mm
271 2395 390 2468 asdans
417 2399 463 2460 Ne
488 2411 601 2461 temere
628 2411 697 2465 ante
721 2409 836 2492 teinpus
861 2399 898 2460 ad
924 2399 1021 2461 doceo

153 256 210 316 ,ιω
288 245 404 308 SECT.
425 247 489 308 XX.
531 259 663 332 ciiiisri
683 259 919 362 nnsunprcrio
936 233 983 349 sp
999 259 1177 308 ascensio.

153 363 220 465 Hoc
238 402 330 462 modo
351 421 414 462 non
433 401 528 462 solnm
549 421 601 463 eoa
621 400 652 460 iii
672 399 822 481 integrum
841 364 987 477 restituit,
1016 401 1068 461 sed
1089 419 1192 462 novae
1213 401 1334 484 gratiae

152 479 355 563 magnitudine
380 477 486 560 llagitii
510 478 682 539 memoriam
707 496 827 558 prorsus
857 477 994 546 abolet.¹
1020 477 1116 540 Simul
1144 488 1249 539 tamen
1276 500 1333 542 eos

152 561 202 636 (ut
222 555 295 635 diii)
319 555 498 634 exstimulat,
528 575 566 616 ne
592 555 629 616 ad
658 555 763 631 fidem,
792 555 874 616 cuius
899 553 1029 616 ordinati
1053 565 1124 616 sunt
1149 575 1334 636 praecones,

120 633 124 646 '
153 635 230 696 adeo
250 653 357 716 segnes
377 631 490 696 sintae
510 631 595 692 tardi.

229 717 277 777 49.
316 709 409 792 Ecos,
438 731 491 788 ego
515 713 602 770 mino.
651 709 697 771 Ne
723 707 886 800 Apostolos
913 718 1025 769 terreat
1043 728 1095 768 sna
1125 707 1333 786 iinhecillitai,

153 789 191 850 ad
210 808 293 879 spem
314 806 409 848 novae
430 797 461 848 et
479 785 663 848 adventiciae
683 797 796 868 gratiae
816 804 868 844 oos
889 783 1008 846 invitat:
1039 785 1099 846 acsi
1120 785 1261 862 diceret,
1286 800 1333 848 ta-

152 877 239 926 metsi
259 885 311 926 vos
331 875 416 924 tanto
437 864 522 924 oneri
542 863 655 924 sentitis
675 883 738 924 esse
757 862 899 942 impares,
918 879 981 922 non
999 873 1101 922 tamen
1123 873 1173 922 est
1193 884 1251 923 cni·
1270 863 1335 924 aiii-

152 962 218 1004 mos
239 939 457 1022 despondeatis,
481 940 550 1021 quia
570 959 628 1024 ego
643 939 794 1014 virtutem,
813 959 873 1020 qua
893 960 946 1002 vos
966 939 1086 1000 destitui
1106 939 1190 1014 scio,
1210 961 1230 1000 e
1242 939 1334 1001 coelis

118 1066 121 1084 .
153 1017 307 1083 sufficiam.
345 1018 410 1078 Iam
429 1037 490 1098 quo
509 1017 614 1078 melius
638 1016 670 1076 in
694 1016 750 1078 hac
769 1015 876 1078 fiducia
901 1037 952 1078 eos
972 1015 1151 1090 confirmet,
1186 1015 1334 1097 Spiritum

153 1106 285 1158 sanctum
310 1105 523 1156 commemorat
542 1115 558 1154 a
578 1093 668 1154 Patre
692 1092 782 1156 luisse
822 1094 986 1154 mmissuin.
1034 1093 1113 1152 Nam
1134 1113 1199 1173 qna
1220 1115 1254 1154 se
1273 1094 1334 1154 ala-

153 1173 244 1234 tritor
263 1173 300 1232 ad
320 1191 395 1250 opus
415 1169 618 1254 accingerent,
637 1169 695 1232 iam
714 1169 782 1231 illos
841 1191 936 1232 osana
954 1169 1160 1250 promissione
1181 1170 1333 1231 animare-

152 1259 209 1324 rat,
230 1267 332 1340 eorum
353 1246 538 1339 diffidentiae
555 1267 724 1340 ocem-repa.
748 1247 887 1338 Nunetse
908 1245 1042 1340 Ciuistus
1060 1245 1095 1337 in
1114 1246 1333 1340 locomullatris

152 1325 670 1494 :tltttttit‘t‘dtdimttt
682 1344 766 1462 iiii
782 1325 1333 1493 iiipiiisiolii‘ssiiffi'uiisiissi

153 1479 346 1542 immorando
365 1499 385 1537 n
426 1489 456 1538 at
474 1499 506 1540 se
526 1477 613 1540 alteri
632 1479 783 1552 daturum,
813 1479 944 1540 infirmos
964 1477 1102 1538 homines
1121 1477 1258 1540 coelesti
1276 1500 1332 1540 rir-

153 1567 218 1618 tnte
238 1553 372 1618 induere.
429 1567 517 1635 taque
535 1555 561 1618 si
580 1545 612 1616 in
633 1554 785 1618 Christum
810 1553 968 1636 competit,
998 1555 1137 1635 sequitur
1162 1554 1253 1615 illum
1273 1575 1332 1616 esse

153 1633 263 1708 Deum,
283 1632 334 1713 qui
355 1633 425 1694 olim
444 1652 499 1712 per
519 1653 553 1694 os
571 1631 740 1712 Prophetae
759 1631 901 1712 loquutus
919 1641 965 1692 est
982 1631 1055 1708 (les.
1067 1637 1120 1706 η,
1130 1633 1192 1711 8).
1262 1653 1331 1691 uan-

155 1731 242 1792 quam
263 1709 526 1791 autem'Apostolis
545 1707 705 1791 specialem
724 1709 848 1791 gratiam
861 1707 1012 1788 pollicitus
1022 1707 1182 1784 estDens,
1201 1723 1234 1770 et
1274 1708 1330 1768 liii-

153 1798 213 1849 stus
234 1786 373 1846 contulit:
398 1787 549 1847 tamenin
569 1805 681 1868 genere
701 1786 759 1846 lioc
779 1784 941 1845 tenendum
956 1797 1021 1860 est,
1041 1785 1201 1846 neminem
1221 1799 1330 1847 inorta·

155 1865 226 1926 lium
245 1883 300 1943 per
318 1883 350 1923 ae
360 1861 527 1944 Evangelio
538 1862 739 1942 praedicando
757 1861 898 1922 idoneum
917 1880 991 1938 ease,
1009 1861 1072 1922 uisi
1089 1873 1243 1942 quatenns
1251 1865 1330 1922 Deos

156 1939 342 2020 Spiritusne
363 1958 416 1999 eos
435 1937 578 2014 vestiens,
602 1938 732 2018 ipsorum
758 1939 884 2000 nuditati
903 1950 934 1998 et
952 1937 1075 2019 inopiae
1096 1940 1256 2000 succinrit
1292 1940 1328 1998 lit

156 2025 238 2076 certe
266 2023 300 2073 ut
325 2033 388 2074 non
415 2015 452 2075 de
476 2013 546 2076 solis
565 2015 719 2096 Apostolis
745 2013 886 2087 exclamat
903 2013 1011 2076 Paulus
1031 2015 1092 2095 (ΙΙ.
1114 2015 1193 2076 Cor.
1212 2016 1239 2090 Ι,
1258 2019 1328 2088 ld),

155 2091 232 2170 Quis
252 2091 289 2152 ad
309 2091 381 2152 haec
401 2091 527 2152 idoneus
546 2091 731 2172 reperietur?
753 2093 805 2154 sed
825 2092 973 2152 neminem
992 2091 1073 2152 iuter
1094 2093 1238 2167 mortales
1256 2093 1323 2152 liuic

64 2196 67 2202 ·
154 2181 240 2230 tanto
261 2169 347 2232 oneri
366 2189 468 2249 parem
489 2189 551 2230 esse
563 2169 750 2249 pronuntiat:
770 2169 812 2230 sic
824 2189 943 2230 necesse
957 2179 1013 2243 est,
1033 2189 1230 2250 quoscunque
1240 2169 1324 2229 Dens

153 2245 259 2307 excitat
285 2245 442 2337 Evangelii
467 2246 632 2338 mipistros,
660 2245 752 2306 imbui
773 2245 896 2337 cpelesti
916 2245 1047 2338 Spiritu,
1076 2245 1210 2341 ideoque
1227 2246 1322 2308 omni-

154 2323 209 2384 bus
227 2321 379 2384 Ecclesiae
399 2321 571 2384 doctoribus
597 2343 660 2384 sine
685 2334 860 2402 exceptione
886 2322 996 2402 ubique
1022 2323 1329 2482 pamiptrippruhpla'ss

154 2489 284 2616 idditieid'
298 2474 746 2645 eiditsileiiiutldniiipldlsztgiitliiiiur
765 2486 1328 2690 {pirplppakpeippourpppueeo'papgoffl

153 2631 211 2722 ipit
230 2629 420 2721 obedientpae
440 2650 544 2722 eornpi
564 2627 817 2721 proliano,·quod
829 2629 1001 2722 scripturae
1017 2643 1080 2691 inte
1094 2631 1115 2692 li
1140 2632 1228 2692 entia
1247 2651 1328 2712 prae-

155 2707 224 2783 diti,
245 2719 276 2768 et
293 2707 388 2768 alllati
407 2707 534 2788 Spiritus
553 2718 658 2787 gratia,
678 2726 745 2786 quia
764 2718 864 2768 tamen
884 2707 968 2787 loqui
987 2708 1084 2768 vetuit
1136 2709 1277 2782 ominus,
1294 2711 1329 2770 ri-

65 2793 72 2808 '
154 2784 219 2846 lent
237 2795 376 2864 tanquam
395 2783 478 2844 muti.
504 2783 618 2845 Scimus
631 2782 709 2844 enim
730 2803 817 2862 quain
838 2783 945 2875 cupide
965 2785 1115 2863 prodeant
1134 2785 1170 2845 in
1191 2787 1328 2858 medinm,

134 2861 206 2941 ‘qui
231 2859 288 2922 sibi
313 2860 371 2922 hoc
396 2860 535 2922 videntur
554 2881 620 2921 oiim
646 2859 732 2920 laude
753 2872 784 2919 et
803 2861 998 2921 admiratione
1023 2859 1143 2922 facturi.
1186 2861 1232 2923 Et
1256 2863 1328 2924 lorte

153 2938 209 2998 hac
230 2936 372 2998 dilatione
397 2957 501 2998 eorum
525 2947 680 3017 torporem
702 2934 836 2998 Christus
860 2935 1002 2998 mulctare
1026 2937 1142 3014 voluit,
1179 2941 1327 3020 quianon

137 3025 139 3031 “
154 3015 252 3075 statim
272 3034 307 3074 ex
325 3035 379 3075 suo
389 3013 544 3074 mandato·
558 3013 590 3073 in
604 3013 769 3074 Galilaeani
781 3012 887 3075 eodem
907 3012 956 3076 die
971 3014 1102 3096 proiecti
1111 3029 1216 3077 erant.
1228 3016 1324 3109 'Qnir-

156 3091 227 3174 qoid
247 3091 294 3164 sit,
314 3109 417 3150 eorum
436 3089 571 3170 exemplo
589 3090 688 3152 edocti
705 3111 814 3164 suiuus,
832 3089 906 3150 niliil
917 3090 1090 3152 tentandum
1112 3113 1182 3154 esse
1203 3095 1261 3155 nisi
1277 3113 1324 3156 to-

155 3178 242 3229 cante
261 3167 405 3227 Domino.
446 3166 549 3241 Quare
568 3164 639 3228 licet
659 3166 779 3254 publice
798 3166 928 3229 docendi
947 3187 1010 3229 uon
1030 3167 1108 3230 desit
1126 3168 1275 3248 facultas,
1300 3191 1327 3230 se

154 3255 253 3338 pumen
273 3243 380 3324 privati
401 3243 535 3305 homines
554 3243 587 3304 in
611 3244 731 3306 silentio
752 3243 943 3334 contineant,
973 3245 1073 3306 donec
1093 3267 1149 3338 eps
1170 3269 1227 3308 sna
1246 3270 1329 3308 niaon

155 3320 551 3480 tilttltgttttlttti
566 3318 941 3479 ittttdt'ttttt}
959 3324 1072 3460 :ttt‘t
1087 3323 1331 3464 dffldt'd

243 3473 312 3535 aulo
354 3485 401 3536 ost
419 3473 570 3537 audiemus
590 3495 625 3535 cx
676 3474 813 3553 atthaeo)
832 3475 962 3556 quamvis
982 3476 1125 3538 Hierosol
1198 3499 1271 3542 eae
1289 3481 1330 3542 ii-

138 3483 284 3614 littidum
305 3495 486 3626 cnidium-it,
514 3572 577 3613 iion
596 3561 696 3613 tamen
715 3553 939 3634 mutavit'quod
956 3553 1040 3646 prius
1058 3553 1097 3615 de
1151 3557 1330 3646 alilaeade-

107 3685 113 3706 ,
156 3641 297 3693 creverat.
336 3629 410 3690 ideo
437 3649 538 3690 sensus
565 3623 726 3691 verborum
750 3641 810 3705 est,
847 3641 1003 3724 postquam
1030 3651 1061 3692 in
1086 3631 1161 3694 loeo
1188 3633 1330 3696 condicto

155 3707 291 3768 mandata
311 3705 368 3768 illis
387 3705 518 3780 dederit,
537 3705 613 3768 velle
638 3719 738 3768 tamen
757 3707 853 3768 adhuc
872 3718 978 3768 tacitos
998 3709 1035 3768 ad
1054 3719 1176 3789 tenipus
1194 3730 1331 3784 manere,

156 3805 248 3865 usqne
269 3784 338 3845 duni
358 3803 465 3846 novam
485 3781 625 3846 virtutem
644 3783 821 3864 suppeditet

260 4089 377 4169 (221.)
426 4086 598 4152 ΜΑΤΤΗ.
630 4088 775 4153 xxvttt.
832 4087 881 4152 tu.
908 4087 1068 4153 Undecim
1097 4099 1210 4155 autem
1239 4091 1332 4156 disci

157 4189 228 4276 puli
254 4189 404 4258 abierunt
424 4191 458 4260 io
481 4189 662 4256 Galilaeain
692 4193 726 4258 iu
746 4201 908 4268 montem,
950 4189 1006 4255 nbi
1027 4193 1251 4261 constituerat
1269 4193 1330 4260 illis

156 4292 256 4357 Iesus.
305 4295 356 4360 17.
384 4293 426 4360 Et
447 4315 545 4380 quum
567 4293 723 4362 vidissent
751 4293 856 4375 illum,
888 4289 1107 4367 adoraverunt
1135 4317 1231 4364 euin:
1265 4301 1331 4386 qni-

159 4395 230 4458 dam
266 4406 370 4459 autem
399 4395 637 4464 dubitaverunt.
701 4399 751 4464 18.
791 4397 833 4464 Et
864 4396 1024 4464 accedens
1047 4398 1139 4465 locus
1174 4400 1329 4492 loqnntm
