2790 4838
187 240 250 305 πε
524 226 677 291 secuto
698 227 769 298 vlt.
807 227 997 290 ottrannus.

188 405 260 456 anan
280 385 422 467 vigilabat
439 384 502 450 eius
520 383 684 460 Divinitas,
711 381 821 448 utsibi
837 392 971 444 metuere
991 379 1136 462 Apostoli¹
1149 396 1212 440 non
1223 377 1331 440 'debe-

192 469 270 551 rent,¹
289 465 360 544 quin
371 462 468 524 statim
480 461 592 522 subiret
603 461 780 533 consolatio,
800 471 933 540 paratum
954 480 971 518 e
992 457 1079 518 coelo
1089 455 1158 517 lore
1178 456 1330 517 auxilium.

192 530 434 622 Sciamus'er'go,
465 559 568 614 arcana
587 534 651 598 Dei
667 537 853 617 providentia
873 536 932 596 boc
951 547 1047 596 totum
1066 533 1154 593 luisse
1174 533 1329 616 guberna-

186 631 268 692 tumq
282 629 343 676 ·ut·
357 615 501 676 dormiret
526 615 674 688 Christus,
702 613 834 674 violenta
857 623 1015 692 tempestas
1039 621 1187 692 surgeret,
1218 611 1331 670 fluctus

188 711 302 760 ,navem
319 685 484 773 bperirent,
501 713 663 772 parumque
674 689 789 760 abesset
802 688 881 749 navis
902 709 918 748 a
938 687 1103 768 naufragio.
1140 688 1241 764 Atque
1255 686 1329 746 binc

192 770 344 844 discamus,
363 769 478 860 quoties
498 767 608 847 aliquid
628 767 740 828 adversi
762 765 901 839 exoritur,
920 765 1028 824 tentari
1048 763 1214 824 aDomino
1235 763 1327 823 fidem

190 859 334 906 nostram:
355 867 379 904 sr
399 857 494 904 autem
515 843 589 902 mala
601 844 818 925 ingravescunt,
838 853 871 901 ut
879 841 1099 932 propemodum
1114 860 1169 898 nos
1183 838 1329 910 obruant,

190 925 299 984 eodem
315 921 373 981 Dei
393 919 516 982 consilio
537 920 594 980 boc
614 919 693 995 fieri,
712 931 745 979 ut
764 919 934 999 patientiam
954 929 1084 996 nostram
1106 926 1255 989 exerceat,
1275 917 1326 975 vel

188 1012 222 1058 ut
242 999 298 1066 bos
322 998 412 1064 modo
438 996 553 1060 occulta
578 1009 682 1058 nostra
704 996 855 1058 infirmitas
879 995 910 1058 in
935 993 1031 1054 lucem
1058 1003 1207 1083 emergat,
1237 992 1326 1052 sicuti

189 1076 335 1150 videmus,
349 1095 437 1154 quum
456 1073 560 1133 fluctus
580 1074 733 1208 oqerirent
750 1072 929 1153 Apostolos,
948 1081 1090 1132 retectam
1110 1067 1198 1128 luisse
1218 1089 1326 1128 eornm

190 1149 398 1226 infirmitatem,
419 1169 493 1230 quae
513 1150 593 1231 prius
625 1147 738 1218 atebat,¹

249 1234 311 1294 ¹25.
349 1225 490 1304 Doriu'na,
520 1247 682 1287 serun'ttos.
721 1225 791 1300 Pia,
817 1237 850 1285 ut
870 1225 987 1304 quidem
1012 1222 1143 1296 videtur,
1172 1222 1329 1302 precatioz'

189 1306 260 1383 quid
273 1305 358 1366 enim
378 1303 476 1384 potius
497 1303 551 1366 illis
571 1305 717 1386 agendum
744 1303 815 1376 suit,
845 1324 932 1382 quam
951 1313 984 1360 ut
1002 1298 1110 1392 perditi
1130 1297 1252 1358 salutem
1273 1300 1325 1358 ni-

187 1381 345 1458 hilomiuus
365 1401 381 1438 a
402 1378 521 1440 Christo
542 1379 696 1462 peterent?
735 1379 796 1444 sed
822 1401 911 1460 quum
933 1399 983 1438 eos
1002 1375 1182 1437 infidelitatis
1203 1377 1325 1435 damnet

188 1458 338 1533 Christus,
360 1457 518 1516 videndum
538 1469 599 1530 est,
628 1477 685 1534 qua
705 1456 735 1514 in
755 1469 837 1535 parte
858 1455 1052 1535 peccaverint.
1090 1451 1238 1530 Equidem
1258 1473 1326 1512 nora

187 1534 308 1602 dubito,
338 1532 502 1592 in=carnali
527 1533 658 1614 magistri
682 1532 847 1612 praeseutia
872 1531 960 1592 luisse
986 1529 1071 1590 nimis
1097 1527 1220 1588 defixos:
1251 1549 1323 1588 nam

188 1631 203 1669 a
226 1611 266 1670 ud
286 1611 416 1670 lllarcum
436 1629 498 1668 non
518 1621 677 1688 precantur
695 1607 883 1686 simpliciter,
906 1608 958 1668 sed
979 1629 1045 1667 cum
1065 1625 1102 1665 eo
1122 1603 1324 1696 expostulant,

220 1687 357 1768 agister,
369 1705 430 1744 non
451 1684 569 1744 esttibi
589 1705 675 1743 curae
695 1684 775 1763 quod
794 1683 940 1764 perimus?
979 1683 1104 1744 Abuca
1124 1693 1212 1740 etram
1232 1693 1323 1741 nota-

108 1807 116 1828 ,
185 1773 235 1822 tor
255 1761 374 1822 coninua
395 1772 440 1820 tre
463 1759 571 1834 idatio,
591 1761 788 1839 Praeceptor,
808 1772 1000 1841 praeceptor,
1018 1758 1154 1840 perimus.
1194 1757 1322 1817 Debue-

186 1849 253 1897 rant
272 1849 414 1910 statuere,
435 1781 714 1897 demonstratam
733 1857 795 1896 non
815 1857 878 1898 esse
898 1855 1067 1918 oppressam
1086 1833 1181 1894 earnis
1200 1854 1322 1910 somno,

180 1914 272 1973 etad
293 1933 356 1972 eam
377 1911 552 1994 confugere:
573 1912 728 1991 quiescunt
747 1925 855 1988 autem,
874 1914 969 1974 donee
990 1925 1149 1974 extremum
1162 1910 1322 1972 discrimen

185 2001 285 2070 urget:
316 2001 387 2053 tune
412 2007 463 2048 eos
488 2000 658 2050 consternat
686 1989 987 2064 immodicustimor,
1015 2001 1134 2049 utnon
1160 1999 1268 2069 putent
1285 2005 1321 2046 se

186 2064 252 2124 l'ore
272 2065 377 2139 salvos,
397 2064 453 2124 nisi
473 2066 651 2146 expergefiat
662 2064 804 2132 Christus.
844 2067 926 2127 Haec
946 2087 1031 2126 causa
1053 2077 1106 2138 est,
1126 2084 1249 2124 eureos
1269 2063 1318 2122 in-

185 2141 332 2202 fidelitatis
352 2153 482 2202 accuset:
503 2162 570 2200 nam
590 2141 670 2220 quod
689 2142 836 2221 rogabant
855 2155 888 2202 ut
906 2162 994 2223 opem
1006 2143 1107 2215 serret,
1127 2139 1196 2201 lidei
1215 2139 1317 2230 potius

185 2217 383 2282 testimonium
404 2228 483 2290 erat,
501 2217 526 2278 si
544 2218 649 2278 fiducia
668 2217 784 2279 divinae
805 2219 865 2280 cius
885 2219 1039 2299 potentiae
1058 2215 1126 2276 freti
1143 2216 1262 2296 placide
1285 2228 1319 2276 et

184 2291 250 2354 sine
273 2305 355 2354 tanta
380 2294 537 2355 tormidine
562 2307 729 2374 sperassent
754 2296 836 2385 quod
861 2295 1004 2376 petebant
1028 2292 1172 2356 auxilium.
1214 2293 1319 2372 Atque

101 2397 106 2405 ·
185 2367 254 2430 binc
273 2369 396 2431 solvitur
416 2371 563 2450 quaestio,
590 2391 668 2450 quae
689 2393 723 2432 ex
743 2371 1052 2452 erus'repreheusione
1072 2369 1184 2430 moveri
1203 2381 1320 2450 posset,

157 2510 158 2519 χ
183 2465 253 2510 num
277 2446 327 2508 uid
345 2447 465 2508 vitiosus
485 2447 523 2508 sit
542 2446 637 2508 omnis
656 2447 745 2508 timor
764 2460 795 2508 et
814 2471 880 2508 cum
899 2448 956 2509 ssdc
970 2459 1091 2530 pugnet.
1129 2446 1231 2507 Primo
1251 2467 1319 2506 non

183 2467 356 2602 simpliciter
376 2543 427 2584 eos
447 2523 653 2603 reprehendit,
682 2525 763 2603 quod
782 2524 922 2599 timeant,
949 2527 1001 2588 sed
1026 2524 1107 2606 quod
1131 2522 1225 2582 timidi
1245 2523 1317 2584 sint.

182 2600 273 2679 Apud
291 2601 423 2662 Marcum
443 2600 530 2660 etiam
549 2601 665 2660 additur
685 2608 769 2678 οὕτω,
797 2623 861 2682 qua·
873 2599 1016 2682 particula
1035 2609 1137 2674 notat,
1162 2620 1214 2660 eos
1234 2611 1316 2658 extra

169 2675 302 2736 modom
323 2696 520 2756 expavescere.
558 2676 677 2738 Deinde
696 2677 784 2739 fidem
804 2699 960 2770 opponens
973 2699 1075 2739 eorum
1092 2675 1204 2750 timori,
1223 2695 1255 2735 se
1276 2677 1317 2736 de

146 2765 149 2782 ¹
181 2751 337 2814 immodica
386 2752 587 2812 crtnrbatione
612 2752 694 2833 loqui
720 2756 863 2830 ostendat,
903 2775 980 2835 qnae
1002 2775 1065 2814 non
1095 2765 1154 2812 tam
1180 2763 1318 2812 exerceat

179 2827 311 2907 ipsorum
332 2827 350 2889 b
372 2849 434 2901 em,
463 2849 549 2906 quam
569 2847 671 2888 eorum
690 2829 793 2892 animis
813 2832 946 2892 excudat.
985 2828 1160 2907 Quemlibet
1183 2849 1255 2890 vero
1276 2828 1317 2888 ti-

181 2923 296 2963 morem
316 2925 377 2964 non
398 2923 460 2963 esse
480 2903 548 2964 fidei
569 2908 763 2980 contrarium,
786 2907 857 2968 inde
876 2919 974 2988 patet,
994 2907 1093 2988 quod,
1111 2905 1135 2966 si
1155 2905 1229 2966 nibil
1248 2927 1315 2964 rne-

180 2979 305 3053 tuimus,
319 2978 438 3059 obrepit
456 2981 559 3060 supina
580 2983 673 3042 carnis
693 2983 845 3044 securitas:
864 2985 904 3044 ita
924 2983 1086 3068 languescit
1105 2981 1188 3054 fides,
1209 2993 1317 3062 torpet

181 3055 322 3134 precandi
341 3055 476 3130 allectus,
496 3059 612 3118 tandem
633 3059 825 3140 exstinguitur
836 3061 895 3122 Dei
915 3060 1064 3124 memoria.
1102 3060 1150 3118 Ad
1171 3059 1243 3120 baec
1261 3058 1317 3138 qui

179 3129 325 3191 malorum
344 3153 431 3192 sensu
442 3153 503 3192 non
517 3145 688 3216 tanguntur,
707 3147 741 3196 ut
751 3149 893 3212 metuant,
911 3137 1020 3218 stupidi
1033 3134 1124 3216 magis
1142 3147 1212 3195 sunt
1224 3157 1315 3215 quana

72 3243 80 3257 s
180 3217 359 3268 constantes.
399 3209 443 3270 Ita
463 3209 605 3284 videmus,
624 3211 772 3287 timorem,
814 3213 843 3274 ui
863 3213 949 3276 fidem
969 3212 1122 3296 sollicitat,
1141 3233 1246 3292 perse
1266 3211 1315 3274 vi-

178 3283 287 3343 tiosum
306 3304 369 3344 ιιοιι
389 3305 462 3358 esse,
483 3287 578 3347 donec
598 3289 718 3348 excedat
736 3235 922 3350 modum-in
942 3309 979 3350 eo
999 3301 1098 3350 autem
1114 3301 1158 3349 est
1169 3309 1315 3362 excessus,

177 3358 203 3449 si
223 3359 357 3420 turbatur
374 3362 421 3424 vel
440 3362 562 3423 labascit
581 3363 648 3425 fidei
667 3365 879 3444 tranquillitas,
909 3387 984 3447 quae
1008 3365 1193 3458 acquiescere
1220 3365 1315 3428 debet

178 3457 208 3494 ιιι
229 3437 322 3498 verbo
338 3437 407 3510 Dei,
424 3439 477 3500 sed
498 3440 565 3520 quia
584 3461 733 3520 nunquam
754 3443 913 3525 contingit,
931 3455 965 3503 ut
982 3441 1039 3503 sibi
1058 3454 1098 3502 ata
1117 3442 1314 3502 moderentur

178 3512 288 3588 fideles,
308 3535 345 3574 ne
366 3515 436 3576 fides
457 3535 559 3576 eorum
579 3515 704 3594 laboret,
724 3518 786 3579 lere
806 3539 923 3600 semper
940 3519 1071 3579 timendo
1093 3530 1227 3599 peccaut.
1247 3519 1312 3578 Ve-

177 3611 241 3650 rum
260 3603 389 3650 statuere
409 3603 541 3673 oportet,
561 3591 629 3653 fidei
646 3593 792 3656 delectum
813 3613 874 3656 non
895 3593 1031 3676 quolibet
1050 3595 1155 3655 timore
1176 3595 1313 3677 coargui,

176 3665 283 3757 sed'ea
305 3667 474 3760 tormidine,
493 3689 569 3760 quae
589 3671 786 3734 conscientiae
806 3693 910 3752 pacem
927 3672 1038 3748 turbat,
1057 3683 1090 3734 ut
1109 3691 1171 3732 non
1190 3693 1312 3734 recum-

177 3741 229 3806 bat
247 3765 279 3808 ιιι
298 3743 361 3814 Der
375 3765 580 3824 promrssrone.

166 3887 170 3894 ,
250 3827 298 3886 26.
336 3819 501 3898 Increpantt
522 3836 626 3882 nouos.
674 3823 792 3884 Recitat
815 3823 902 3886 etiam
927 3826 1043 3887 Marcus
1067 3825 1157 3886 verba
1185 3823 1312 3901 Christi,

175 3893 281 3974 quibus
301 3917 381 3962 mare
403 3897 581 3978 compellans
600 3897 763 3974 silentium,
783 3901 841 3962 boe
862 3913 906 3962 cst
926 3903 1070 3981 quietem,
1089 3901 1224 3983 imperat,
1244 3923 1312 3962 non

175 3973 256 4050 quod
282 3993 381 4034 sensus
405 3974 510 4054 aliquis
533 3974 664 4036 subesset
688 3975 720 4034 in
745 3977 826 4054 lacu,
855 3978 906 4039 sed
926 3991 959 4038 ut
977 3979 1116 4039 virtutem
1135 3999 1205 4038 suae
1225 3979 1310 4039 vocis

173 4048 346 4108 ostenderet
364 4050 395 4110 in
415 4065 493 4112 muta
515 4051 659 4117 elementa
679 4065 844 4130 penetrare.
882 4055 947 4115 Nec
959 4055 1054 4118 solum
1073 4077 1153 4116 mare
1174 4067 1206 4116 et
1224 4055 1310 4115 venti

172 4121 237 4183 sinc
255 4144 343 4184 sensu
361 4127 419 4186 Dei
439 4127 563 4208 imperio
584 4126 744 4204 obediunt,
771 4133 822 4192 sed
842 4131 897 4212 ipsi
943 4152 1042 4223 noque
1061 4133 1146 4213 impii
1166 4154 1234 4192 cum
1253 4151 1307 4191 sua

172 4201 366 4260 coutumacia.
406 4201 505 4278 Quum
526 4204 605 4263 enim
622 4205 724 4266 sedare
744 4207 807 4267 vult
824 4208 905 4269 Deus
923 4154 1049 4272 bellicos
1070 4210 1221 4283 tumultus,
1241 4227 1307 4268 non

171 4295 287 4366 semper
307 4275 422 4339 seroces
448 4281 598 4340 bominum
624 4281 736 4343 animos
760 4283 856 4344 mollit
876 4297 905 4344 et
925 4285 1034 4346 format
1057 4287 1089 4346 in
1108 4307 1192 4348 suum
1214 4285 1305 4346 obse-

172 4371 290 4430 quium,
327 4355 378 4416 sed
403 4355 474 4418 lacit
496 4369 530 4418 ut
554 4355 717 4420 scientibus
743 4381 821 4422 arma
848 4372 945 4423 tamen
965 4383 983 4424 e
1003 4363 1138 4426 manibus
1164 4363 1303 4426 effluant:
