2766 4840
225 300 230 306 Ι
302 279 306 299 ἡ
356 215 454 293 (195
493 212 591 290 ludas,
611 211 723 274 Christi
742 213 903 294 proditor.)
978 219 985 248 ⁸
1158 221 1218 286 ³05

66 385 159 440 cosso,
182 384 283 428 sensus
303 385 407 428 omnes
427 375 562 445 occupat.
590 364 668 425 'lloc
687 385 759 426 vero
779 377 939 428 extremum
957 365 1104 430 vindictae
1161 389 1229 450 nus,

64 465 121 502 non
142 443 172 502 in
192 442 265 502 alios
284 441 366 502 Deus
385 443 505 515 exserit,
531 437 587 501 nisi
607 447 609 452 “
633 438 662 502 ui
686 442 743 502 iam
770 443 857 502 exitio
878 440 977 504 devoti
996 457 1073 504 sunt.
1147 468 1216 508 nare

65 519 200 580 discamus
220 531 333 580 mature
353 515 540 610 resipiscere,
565 463 632 580 uel

84 617 149 656 num
167 593 198 656 in
219 594 307 656 nobis
324 593 465 656 stabiliat:
492 615 559 654 nam
585 591 706 656 simulac
730 591 762 657 in
787 591 863 656 hanc
881 595 1067 677 tyrannidem
1087 593 1217 660 coniecti

60 617 213 747 irretimur,
238 669 334 732 nullus
359 666 524 732 insaniendi
548 668 652 732 modus
679 668 744 732 erit
782 667 946 752 Praecipue
971 673 1135 734 notandum
1161 685 1217 749 est,

61 748 206 809 avaritiam
223 747 254 808 in
266 749 339 813 Iuda
355 760 455 809 tantae
468 745 684 810 excaecationis
697 745 785 810 luisse
805 769 919 826 causam
938 761 969 810 ct
987 749 1116 811 fontem:
1135 745 1217 812 riade
1295 759 1304 768 ”

61 835 193 906 apparet,
219 824 326 886 merito
346 846 363 886 a
383 823 476 884 Paulo
497 825 599 885 vocari
616 825 761 886 malorum
780 825 911 894 omnium
930 827 1057 888 radicem
1077 827 1116 908 (I.
1136 827 1215 888 rim.

60 905 176 980 6,10.).
215 897 313 963 Porro
339 897 386 964 bic
411 922 570 981 quaerere,
593 923 632 962 an
657 901 888 964 substantialiter
908 901 1030 964 Satanas
1055 907 1085 962 in
1111 905 1216 965 Iudam

61 977 227 1054 intraverit,
252 973 359 1038 frivola
384 977 546 1058 speculatio
574 991 626 1040 cst.
670 979 737 1040 Hoc
759 977 851 1072 magis
876 979 1041 1060 expendere
1066 982 1217 1058 convenit,

60 1076 142 1134 quam
162 1048 306 1116 horribile
326 1053 364 1114 sit
383 1065 571 1136 portentum,
597 1055 731 1116 homines
756 1057 791 1116 ad
812 1077 867 1116 rma
892 1058 968 1117 inem
986 1053 1047 1116 Dei
1068 1057 1217 1133 conditos,

60 1143 87 1190 et
99 1131 222 1211 Spiritui
234 1141 336 1194 sancte
357 1131 388 1190 in
408 1127 517 1212 templa
538 1131 708 1207 destinatos,
727 1151 789 1192 non
808 1151 858 1193 sno
881 1153 899 1193 o
919 1129 950 1192 in
971 1132 1082 1193 foetida
1101 1132 1216 1194 stabula

58 1207 102 1268 vel
121 1206 236 1270 cloacas
256 1207 401 1280 converti,
420 1209 473 1270 sed
492 1205 557 1268 fieri
575 1204 728 1269 maledicta
750 1203 876 1270 Satanae
897 1204 1054 1270 domicilia.

128 1285 235 1345 lllattlr.
268 1291 314 1350 17.
364 1288 468 1346 Primo
505 1283 553 1344 dio
593 1281 770 1364 Azybrorum
805 1299 993 1365 noceasmot.
1053 1281 1217 1360 Quaeritur
1296 1361 1303 1368 ο

78 1360 150 1422 rimo
175 1384 228 1422 cur
247 1359 309 1422 dies
328 1361 373 1422 Aa
394 1382 509 1422 morum
528 1373 661 1438 vocetur,
681 1362 731 1442 qui
750 1359 819 1453 agni
839 1352 1071 1422 immolationem
1092 1383 1216 1442 praece-

56 1381 105 1497 dit
142 1439 252 1518 Neque
272 1437 351 1499 enim
371 1383 548 1500 dementum
568 1459 681 1499 cessare
699 1438 761 1498 Lex
781 1435 918 1512 rubebat,
944 1435 1040 1499 donec
1064 1459 1143 1520 agno
1162 1460 1216 1499 ve-

56 1525 217 1574 scerentur.
256 1513 317 1574 Sed
337 1515 422 1575 huius
440 1516 513 1596 nodi
531 1513 624 1576 facilis
642 1513 752 1576 solutio
772 1527 826 1588 est,
846 1515 926 1595 quod
938 1509 1136 1576 scilicethace
1156 1536 1223 1576 no»-

57 1589 128 1650 tatio
148 1591 280 1652 refertur
298 1591 335 1650 ad
355 1591 433 1651 diem
453 1602 636 1671 sequentem,
660 1591 746 1652 sicuti
767 1611 801 1652 ex
819 1593 922 1653 Marco
943 1603 973 1651 et
991 1591 1071 1652 Luca
1091 1591 1159 1652 satis
1179 1591 1217 1650 li-

56 1679 133 1745 quet.
174 1667 277 1742 Quum
298 1687 372 1750 ergo
392 1666 515 1728 instaret
533 1667 594 1728 dies
613 1667 760 1728 mactandi
779 1681 809 1730 et
829 1667 937 1728 edendi
956 1665 1117 1740 Pascbatis,
1135 1667 1217 1728 cuius

56 1741 168 1804 initium
195 1755 259 1806 erat
282 1765 299 1804 a
325 1764 465 1834 vespere,
489 1755 598 1827 rogant
618 1742 767 1806 Christum
792 1741 941 1826 discipuli,
964 1743 1084 1804 ubinam
1103 1741 1217 1804 Pascha

635 517 744 601 ongior
760 531 861 580 nostra
881 519 1001 580 durities
1021 517 1148 584 Satanae
1166 543 1215 583 re⁴
1244 521 1248 544 ⁴

57 1821 143 1880 edere
162 1819 245 1880 velit.
283 1820 446 1881 Dilficrlior
463 1833 562 1882 autem
582 1821 651 1882 inde
670 1822 799 1882 nascitur
818 1821 962 1902 quaestio,
981 1819 1061 1901 quod
1082 1817 1217 1882 Christos
1307 1827 1309 1834 ’

55 1897 150 2030 pridie
170 1898 231 1957 ritu
251 1896 302 1957 illo
323 1897 478 1958 deiunctus
499 1911 557 1972 est,
582 1919 668 1978 quam
687 1909 751 1960 tota
770 1918 844 1981 geos
863 1896 1014 1979 publicum
1033 1894 1145 1958 Pascha
1164 1917 1217 1958 ce-

69 1973 197 2034 ebraret.
235 1975 349 2055 Aperte
376 1975 455 2036 enim
479 1972 582 2036 asserit
606 1975 750 2051 Ioannes,
776 1977 845 2036 dum
871 1974 1023 2035 crucifixus
1043 1985 1101 2048 est,
1127 1973 1218 2034 fuisse

54 2049 172 2112 Iudaeis
183 2071 373 2130 parasceven,
393 2072 455 2110 non
467 2051 602 2128 Sabbati,
620 2053 672 2114 sed
683 2049 822 2112 Paschae.
860 2050 980 2111 Deinde
991 2071 1055 2110 non
1067 2050 1217 2143 ingressos

53 2145 114 2186 esse
136 2125 329 2210 praetorium,
349 2149 386 2188 ne
406 2149 438 2188 se
457 2127 638 2262 polluerent,
657 2130 725 2207 quia
746 2125 889 2207 postridie
907 2128 1112 2188 manducaturi
1131 2137 1217 2188 erant

51 2201 175 2263 Pascha.
214 2203 286 2263 Scio
307 2225 322 2263 a
342 2201 456 2263 nonnul
471 2203 493 2261 ia
515 2201 617 2282 quaeri
635 2203 712 2264 sullu
738 2203 775 2276 ia,
794 2204 845 2264 sed
866 2223 942 2282 quae
962 2198 1082 2262 minime
1103 2221 1216 2262 eoser·

51 2279 188 2358 pediunt.
226 2279 331 2358 Neque
352 2279 430 2338 enim
450 2276 516 2338 ullis
537 2275 647 2338 cavillis
667 2224 745 2338 eludi
765 2279 823 2338 boe
842 2290 951 2358 potest,
976 2296 1036 2356 quo
1058 2275 1104 2336 die
1125 2275 1216 2337 Chri·

48 2368 126 2415 stum
153 2351 375 2428 crucifixerunt,
408 2373 471 2412 non
496 2353 594 2435 egisse
616 2355 694 2415 diem
722 2353 827 2414 festum
852 2357 928 2434 (quo
957 2349 999 2413 sas
1025 2371 1087 2414 non
1115 2349 1216 2414 suisset

21 2429 228 2510 ,supplicium
252 2429 290 2490 de
317 2429 416 2509 aliquo
441 2431 588 2566 sumerep,
612 2442 644 2490 ct
668 2441 740 2490 tunc
767 2429 932 2490 sollennem
957 2427 1045 2488 luisse
1065 2427 1143 2509 apud
1162 2449 1216 2490 coa

48 2504 323 2586 praeparationem,
348 2517 381 2566 ut
406 2525 437 2566 se
460 2505 523 2565 ulto
570 2526 666 2566 emum
686 2504 806 2566 Christo
825 2503 937 2566 Pascha
957 2503 1089 2566 ederent
1126 2503 1217 2565 Nune

48 2581 219 2662 quaeritur,
250 2581 402 2672 quomodo
429 2526 561 2643 dhrisus
589 2583 793 2644 anteverterit:
823 2602 920 2661 neque
953 2581 1031 2641 enim
1058 2579 1216 2660 quicquam

70 2669 170 2719 raeter
189 2655 278 2739 Legis
298 2659 510 2738 praescriptum
534 2658 590 2719 sibi
617 2659 648 2718 in
671 2659 726 2721 boc
745 2659 804 2718 ritu
824 2655 979 2740 permisit„
1004 2653 1097 2730 Quod
1116 2657 1215 2718 studio

47 2680 164 2795 iibristi
185 2735 329 2814 perdendi
340 2735 452 2796 Pascha
465 2756 482 2796 a
494 2735 609 2796 Iudaeis
625 2735 712 2796 luisse
733 2735 853 2798 dilatum
873 2732 991 2824 quidam
1010 2729 1125 2812 pritant,
1144 2733 1217 2793 scite

48 2811 108 2872 boc
129 2824 330 2874 commentum
344 2832 360 2872 a
372 2811 490 2873 Bucero
503 2811 659 2886 refellitur,
677 2812 737 2872 imo
756 2833 808 2873 sua
827 2822 957 2872 vanitate
977 2807 1115 2870 concidit
1145 2807 1216 2902 Ego

49 2887 88 2947 ita
113 2908 151 2948 ue
172 2909 235 2948 non
256 2888 377 2964 dubito,
398 2889 469 2970 quin
491 2900 522 2948 et
540 2887 686 2971 legitimus
707 2889 768 2950 dics
788 2910 805 2950 a
826 2887 944 2950 Christo
964 2896 1093 2948 servatus
1115 2879 1217 2962 luerit,

49 2975 80 3024 et
91 2911 199 3025 iudaei
219 2975 372 3045 receptum
413 2966 506 3026 ridem
526 2987 608 3026 usum
628 2966 744 3045 sequuti
763 2963 830 3025 sint.
869 2964 970 3024 Primo
992 2973 1070 3023 extra
1091 2973 1217 3022 contro·

41 3042 174 3125 ,versiam
197 3041 366 3132 estpridie
387 2987 511 3103 dabani
531 3043 659 3103 occisum
680 3041 768 3104 luisse
782 3038 947 3116 Christum:
967 3040 1036 3119 quia
1056 3050 1124 3098 ante
1144 3037 1216 3098 solis

50 3137 189 3180 occasum
209 3119 241 3178 in
261 3118 359 3179 vicino
379 3119 516 3200 sepulcro
538 3118 676 3180 celeriter
694 3117 751 3178 luit
769 3118 914 3192 conditus,
934 3137 971 3177 eo
992 3115 1071 3195 quod
1085 3121 1216 3196 postve:

48 3214 61 3253 s
83 3216 168 3256 erum
189 3193 290 3266 seriari
309 3207 430 3258 necesse
451 3188 523 3256 erbt.
560 3196 622 3255 lam
642 3215 714 3256 vero
735 3194 846 3256 marrini
872 3192 993 3254 dubium
1018 3203 1076 3267 est,
1100 3203 1216 3253 vetusta

51 3215 275 3346 observatione,
295 3293 383 3352 quum
395 3271 505 3334 Pascha
526 3283 556 3333 et
576 3271 625 3332 alii
646 3270 707 3332 ‹lies
728 3271 794 3332 sesti
813 3271 845 3330 in
865 3267 942 3332 diem
954 3265 1080 3330 Veneris
1099 3267 1215 3330 incide·

49 3360 133 3423 rent,
162 3347 291 3410 reiectos
318 3349 405 3408 fuisse
430 3349 461 3408 in
489 3348 566 3411 diem
594 3359 760 3429 posterum,
790 3346 857 3428 quia
884 3345 996 3436 populo
1017 3343 1103 3404 nimis
1123 3343 1216 3405 durae

48 3421 176 3486 luissent
197 3423 356 3486 continuae
376 3423 458 3485 bidui
477 3423 579 3486 seriae.
617 3424 729 3506 hegem
749 3421 824 3484 hanc
844 3423 991 3503 proditam
1011 3421 1100 3481 luisse
1112 3415 1215 3480 Iudaei

48 3499 320 3577 affirmantstatim,
340 3512 496 3582 postquam
516 3499 552 3560 ab
575 3499 676 3560 exsilio
697 3499 878 3581 babylonico
898 3518 1031 3560 reversus
1052 3503 1096 3556 est
1115 3516 1154 3576 po
1179 3519 1215 3556 u·

48 3574 105 3638 lus:
133 3590 164 3640 et
192 3577 313 3658 quidem
340 3575 462 3638 coelesti
486 3575 623 3652 oraculo,
649 3597 687 3636 ne
708 3577 778 3656 quid
798 3576 953 3636 videantur
972 3585 1082 3634 temere
1102 3572 1133 3631 in
1154 3518 1215 3632 bei

47 3659 216 3745 praeceptis
228 3665 363 3716 mutasse.
404 3651 521 3728 Quodsi
541 3665 610 3714 tunc
631 3653 722 3714 moris
743 3651 808 3726 luit,
828 3651 901 3712 duos
921 3649 953 3710 in
972 3671 1062 3710 unum
1083 3641 1145 3708 dies
1166 3647 1215 3707 le·
1248 3727 1253 3734 ι

47 3740 108 3792 atos
129 3750 315 3811 coniungere
342 3732 390 3810 (ut
413 3728 515 3790 Iudaei
539 3750 659 3810 quoque
683 3729 830 3804 latentur,
857 3738 887 3788 et
916 3747 950 3804 cx
967 3724 1089 3788 vetustis
1110 3743 1215 3784 eorum

47 3806 417 3882 monumentiscoostat),
441 3807 509 3866 satis
529 3804 691 3886 probabilis
713 3814 756 3865 est
776 3805 958 3877 coniectura,
983 3800 1142 3873 Christum,
1163 3797 1216 3882 qui

70 3883 143 3944 ridie
165 3881 292 3946 Sabbati
312 3881 423 3943 Pascha
448 3881 626 3958 celebravit,
650 3881 809 3962 praefixum
834 3880 913 3940 aLe
936 3900 952 3940 e
978 3877 1056 3938 diem
1075 3895 1214 3936 servasse.

47 3905 164 4022 brimus
186 3959 265 4019 enim
287 3979 373 4038 quam
393 3958 496 4018 sedulo
516 3959 678 4033 curaverit,
703 3978 742 4018 ne
768 3957 804 4016 ab
826 3955 887 4016 ullo
907 3899 996 4036 liegis
1015 3949 1099 4034 apice
1119 3947 1215 4042 disqe·

48 4037 142 4097 deret.
182 4039 258 4096 Nam
286 4057 375 4116 quurn
394 4035 469 4116 Legi
494 4033 651 4096 obstrictus
676 4055 738 4096 esse
764 4031 908 4107 voluerit,
933 4042 967 4091 ut
992 4051 1047 4108 nes
1072 4027 1109 4088 ab
1136 4025 1214 4090 illius

46 4113 118 4193 ingo
146 4113 304 4186 eximeret,
336 4111 420 4174 huius
446 4108 641 4170 subiectionis
664 4109 695 4170 in
719 4130 832 4170 summo
858 4105 982 4167 articulo
1013 4101 1132 4166 minime
1159 4101 1216 4166 luit

46 4189 169 4250 oblitus.
211 4189 316 4266 Itaque
336 4211 418 4248 usum
441 4195 577 4247 externae
598 4185 786 4247 ceremoniae
798 4185 936 4244 omittere
948 4179 1106 4256 maluisset,
1125 4203 1213 4262 quam

45 4265 214 4326 iniunctum
236 4263 375 4326 divinitus
394 4264 562 4324 mandatum
581 4263 758 4346 transgredi,
774 4274 865 4351 atque
886 4261 926 4320 ita
945 4277 976 4350 se
991 4257 1149 4397 impiorum
1163 4275 1213 4318 ca·

46 4340 166 4427 lumniis
188 4361 347 4420 exponere.
388 4339 478 4402 Certe
498 4359 537 4400 ne
557 4339 659 4402 ludaei
679 4339 798 4421 quidem
816 4335 872 4422 qpsi
891 4335 1031 4422 iuficrasi
1053 4347 1118 4413 unt,
1138 4351 1214 4420 quo·

71 4443 164 4489 corna
178 4455 264 4488 mn.
279 4441 302 4486 u
315 4441 396 4491 uam.
411 4443 457 4490 av.
472 4442 524 4491 ror.
542 4441 573 4492 rr.
751 4505 759 4528 .
977 4417 1017 4478 Ἃ)

231 4635 237 4668 t

572 4685 591 4730 Ι

1304 4468 1320 4504 N
