2790 4838
294 287 358 366 (91.
378 272 507 348 ioa'nnes
526 284 612 366 Rapt.
632 264 747 368 quaerit
767 289 804 350 de
814 288 957 368 Massia.)
1087 385 1089 393 Α
1126 294 1187 364 259
1244 319 1247 331 ¹

46 457 108 500 esse
126 454 285 519 sponsum.
323 439 407 578 Ergo
432 440 514 521 quod
540 439 633 502 fidelis
653 441 846 534 paranymphi
865 451 927 517 est,
959 447 1067 504 castam
1085 454 1117 505 et
1134 466 1183 518 ιιι.
1253 473 1265 491 =
1368 411 1372 420 ¹

44 527 322 654 tegnrqrdspnnqqm
335 539 376 654 fn
390 529 435 580 ert
452 518 652 655 iffi-Chri?
664 541 717 654 lqur
729 541 838 656 usqimai
858 519 1070 658 estIIlltplesiae
1089 541 1183 602 spon-

44 613 433 762 iiquiuidireieiemiildir
446 617 490 734 ⁸ad
510 617 708 734 irbilatioadledi
729 604 908 754 piroiidiritui·
927 599 1183 736 omnibuili'vids

45 747 294 916 gehffmiilinesi
311 825 362 885 iile
377 840 519 888 cenamus.
558 825 619 886 Pro
640 826 775 888 confesso
795 827 882 890 sumit
900 827 1040 901 Ioannes,
1061 829 1141 908 quod
1161 849 1178 902 a

42 923 141 992 prens
161 901 311 994 tenebaqt
335 903 495 994 discipuli*
518 901 684 964 Commune
710 904 788 994 enim
813 915 876 966 erat
900 904 1016 994 ludaeis
1042 906 1180 966 omnibus

42 980 247 1116 iiiiii?
265 991 663 1148 tttttzaftatitt'fftt
678 981 1179 1148 hl‘ttt..⁶†l¹.t⁵..hlti⁶ttt

42 1145 153 1207 movet,
169 1133 230 1222 ped
247 1144 361 1193 tautmn
382 1145 505 1214 quaerat,
526 1155 564 1194 an
584 1134 664 1195 lesus
683 1135 782 1194 setlle
805 1147 922 1216 emptor
939 1135 988 1194 ille
1008 1136 1176 1214 promissus.

43 1211 194 1290 Oporturt
213 1211 308 1300 enim,
339 1221 494 1302 postquam
512 1211 745 1302 permansierant
764 1211 800 1270 de
819 1212 1024 1348 redemptione
1045 1211 1076 1271 in
1094 1213 1177 1305 Lege

42 1297 71 1346 et
79 1287 246 1366 Prophetas
255 1307 408 1370 promissa,
427 1287 508 1346 rltam
528 1309 559 1348 rn
578 1285 688 1346 Chrrsn
708 1308 834 1366 persona
854 1287 919 1346 exhi
941 1297 1010 1348 etam
1030 1287 1177 1368 amplecti.

44 1364 148 1438 Quum
173 1363 271 1438 addit,
301 1385 343 1424 ms
364 1365 455 1424 olim
478 1370 696 1440 aemam?
726 1363 947 1444 hac‘.particula
967 1363 1087 1442 oblique
1106 1385 1177 1444 per-

41 1440 164 1532 stringit
183 1461 287 1532 eorum
306 1441 487 1516 socordiam,
520 1439 570 1532 q'ui
592 1441 709 1578 pridem
734 1451 816 1501 certo
842 1440 941 1531 edocti
964 1441 1093 1530 tamdiu
1112 1461 1176 1510 am-

40 1517 141 1600 brgurs
159 1537 266 1578 ammas
284 1517 469 1578 llucurarent.
509 1519 591 1578 Simu
627 1530 713 1578 etram
739 1517 890 1593 ostendum·
915 1536 990 1596 quae
1016 1528 1054 1578 sat
1072 1529 1176 1586 natum

42 1609 71 1654 et
89 1596 137 1654 vis
157 1593 245 1668 fidei,
274 1615 381 1674 nempe
406 1607 440 1654 ut
458 1595 579 1656 lundata
598 1596 631 1656 in
648 1594 714 1656 Dei.
731 1595 856 1656 ueritate
880 1605 948 1658 uod
962 1593 1085 1660 circulus
1108 1593 1178 1655 iciat
1253 1609 1254 1618 ¹

42 1673 96 1733 huc
117 1671 170 1731 vel
189 1671 270 1746 illuc,
289 1672 467 1746 servarier,
486 1683 520 1732 ut
538 1673 603 1733 solo
616 1670 736 1732 Christo
751 1682 974 1732 contentanon
994 1670 1054 1731 alio
1096 1683 1176 1732 ecta-

41 1761 95 1810 tur.
138 1748 199 1822 Ite,
216 1751 387 1808 ranorum.
425 1749 657 1812 Sieuti'ioaunes
669 1747 794 1810 alienam
812 1748 843 1808 in
862 1768 894 1810 se
912 1767 1070 1839 personam
1079 1759 1176 1818 trans,-
1194 1807 1197 1818 ,

41 1827 167 1899 tulerat,
187 1825 230 1886 sic
251 1825 280 1884 ei
299 1825 462 1886 renuntiari
480 1826 564 1886 iubet
585 1826 727 1901 Christus,
747 1827 827 1906 quod
845 1846 937 1908 magra
958 1825 1175 1897 observandum

42 1916 105 1963 erat
127 1903 190 1962 eins
212 1901 370 1987 discipulis.
411 1901 504 1976 Quod
521 1902 693 1984 simpliciter
712 1923 774 1964 nou
794 1903 970 1994 respondet,
990 1899 1116 1982 primum
1137 1921 1174 1964 eo

42 1979 170 2042 oonsilio
190 1979 280 2054 lacit,
309 1977 376 2057 quia
396 1980 483 2040 satius
503 1993 566 2040 erat
584 2001 652 2042 rem
664 1981 757 2066 ipsam
775 1980 872 2059 loqur:
890 1979 1068 2045 .deinde,ut
1087 1995 1184 2060 prae-·

42 2058 112 2118 coni
135 2077 191 2116 suo
208 2055 341 2116 ,liberius
365 2055 494 2116 docendi
516 2069 721 2140 argumentum
743 2058 849 2117 tradat.
886 2055 933 2118 Ne
957 2077 994 2116 ue
1012 2068 1111 2118 tamen
1130 2056 1175 2117 illi

40 2145 155 2194 hunam
174 2132 346 2223 suppeditat
362 2133 470 2194 nudem
490 2137 519 2196 et
535 2137 640 2196 rudem
658 2134 809 2198 materiam
827 2079 988 2208 miracuius,
1012 2131 1064 2192 sed
1071 2159 1077 2198 ῃ
1084 2131 1174 2197 mira·

42 2211 113 2272 cula.
130 2221 215 2290 aptat
237 2232 270 2270 m
294 2229 378 2268 suum
402 2211 491 2272 finem
517 2227 551 2270 er
572 2211 789 2292 Prophetarum
807 2209 952 2283 {oraculiu
978 2208 1176 2276 Praesertim
1280 2270 1282 2274 .

40 2309 112 2348 vero
132 2287 234 2348 locum
254 2307 346 2345 unum
366 2291 458 2352 ex35.
478 2287 574 2367 rapite
593 2289 713 2362 hesaiae,
733 2298 764 2347 et
782 2287 905 2347 alterum
920 2307 954 2344 cx
968 2291 1014 2352 61.
1026 2297 1122 2360 notat,
1140 2297 1175 2349 ut

42 2376 208 2444 agnuscant
226 2361 361 2442 discipuli
379 2363 511 2438 Ioannis,
531 2363 612 2443 quod
625 2363 776 2442 Propheta
797 2365 834 2422 de
853 2383 948 2444 regno
961 2360 1071 2422 Christi
1083 2373 1174 2424 testa·

42 2453 85 2501 tus
113 2453 160 2500 est
189 2439 370 2520 completum
400 2461 463 2501 esse
492 2452 523 2500 et
547 2441 725 2521 praestitum.
773 2438 880 2498 Priore
904 2438 973 2498 loco
1004 2437 1175 2500 continetur

42 2518 134 2578 deseri
160 2518 203 2577 tio
222 2515 309 2598 regni
330 2515 452 2592 Christi,
469 2517 523 2577 suh
545 2537 605 2596 quo
623 2515 705 2576 Deus
725 2515 816 2575 itase
836 2513 989 2576 liberalem
1010 2524 1040 2573 et
1059 2511 1173 2574 benefi-

43 2617 105 2654 cum
125 2540 194 2654 tire
215 2592 377 2674 pr'umittit,
407 2589 446 2652 u't.
460 2615 549 2685 opem
566 2593 788 2672 remediumque
807 2588 918 2652 morbis
939 2587 1075 2648 omnibus
1093 2587 1174 2654 nile·

42 2685 93 2731 rat.
132 2673 199 2738 Nec
219 2669 340 2728 dubium
360 2682 413 2746 est,
454 2693 504 2730 nm
525 2670 561 2731 de
579 2693 593 2730 s
617 2668 724 2739 iritqali
743 2690 759 2728 a
780 2667 862 2728 malis
880 2665 1018 2726 omnibus
1038 2677 1068 2724 et
1085 2665 1174 2726 mise·-

42 2749 89 2808 riis
112 2746 294 2808 liberatione
320 2757 395 2830 agat.
469 2769 551 2808 erum
607 2747 727 2806 hristus·
743 2743 870 2806 externis
903 2741 1043 2823 symbolis
1074 2742 1176 2821 (sicuti
1284 2760 1289 2776 ¹

43 2825 119 2903 prius
140 2823 253 2884 dietum
274 2825 331 2894 est)
351 2846 382 2883 se
403 2825 440 2884 ad
458 2823 599 2884 sanandas
619 2823 728 2884 animas
747 2816 929 2913 spiritualem
947 2819 1060 2884 venisse
1079 2817 1174 2880 medi·
1253 2841 1255 2846 ·
1315 2897 1325 2916 Ι

43 2925 105 2962 cum
127 2900 268 2962 ostendit.
307 2899 351 2958 Ita
372 2899 479 2960 factum
492 2897 560 2977 'est,
584 2912 617 2960 ut
636 2899 770 2980 discipuli
788 2897 908 2974 minime
928 2895 1060 2976 perplexi
1080 2895 1174 2958 discea

44 2979 161 3052 dorent,
193 2975 244 3057 qui
268 2975 380 3035 clarum
400 2989 435 3036 'et
459 2977 546 3038 nullis
566 2976 737 3068 ambagibuq
761 2973 934 3066 implicitum
955 2971 1106 3035 habebant
1123 2985 1188 3033 re-'

43 3075 191 3189 sponsum.
230 3051 384 3113 Posterior
403 3054 486 3114 locus
510 3055 541 3112 in
566 3055 624 3114 hoc
644 3075 738 3133 prrorr
757 3051 870 3126 srmrhs,
901 3050 981 3130 quod
1000 3051 1031 3108 in
1053 3048 1173 3111 Christo

43 3141 55 3188 l

73 3151 195 3190 esauros
252 3130 327 3188 atiae
347 3129 407 3190 Dei
429 3131 538 3192 mundo
565 3129 712 3211 expositos
737 3127 803 3190 sore
829 3129 953 3202 docens,
984 3126 1175 3220 peculiariter
1217 3125 1221 3141 ⁴

44 3208 177 3288 exprimit
243 3207 346 3266 ristum
376 3205 514 3268 destinari
539 3206 722 3288 pauperibus
753 3217 784 3268 ct
807 3205 933 3268 afflictis.
970 3204 1013 3264 bt
1035 3205 1175 3268 consulto

42 3284 208 3344 vaticinium
230 3283 286 3344 hoc
306 3281 426 3342 adducit
445 3283 594 3357 Christus,
614 3284 720 3366 partim
739 3295 773 3346 ut
791 3303 857 3342 suos
882 3299 985 3342 omnes
1004 3281 1175 3343 humilitatis

43 3359 180 3420 tirocinio
200 3359 331 3434 imbuat,
350 3358 456 3438 partim
477 3372 510 3420 ut
529 3357 728 3420 offensionem
747 3357 848 3434 tollat,
872 3363 957 3438 quani
979 3370 1079 3438 posset
1098 3381 1175 3420 con-

43 3437 139 3518 cipere
161 3435 377 3497 caruissemus
397 3457 431 3496 ex
450 3437 668 3517 contemptibili
687 3435 748 3496 eius
768 3453 869 3520 grege.
906 3435 981 3495 Nam
1000 3446 1035 3494 nt
1052 3431 1175 3516 superbi

42 3527 144 3574 natura
163 3533 278 3588 murus,
297 3510 372 3572 nibil
392 3513 453 3573 lere
473 3513 560 3575 nobis
579 3512 611 3572 iu
625 3513 730 3605 pretio
750 3524 804 3586 nst,
823 3511 880 3572 nisi
898 3511 992 3572 multo
1012 3533 1024 3572 s
1047 3510 1175 3574 lendure

43 3602 179 3650 ornatum
203 3589 250 3650 sit.
296 3588 389 3668 Atqui
407 3589 540 3650 Ecclesia
561 3589 671 3650 Christi
702 3609 792 3670 quum
817 3609 851 3648 ex
891 3593 1001 3669 auperc
1033 3610 1056 3648 rs
1076 3588 1174 3648 homi-

41 3667 125 3726 uibus
145 3665 271 3726 collecta
292 3664 339 3740 sit,
359 3663 431 3724 nihil
453 3678 496 3726 est
515 3687 531 3726 a
552 3667 706 3748 splendido
727 3676 757 3727 et
774 3687 875 3748 magur
897 3686 933 3726 co
953 3665 1062 3726 decore
1080 3663 1175 3746 magis

41 3755 195 3803 remotum.
236 3741 315 3802 Hinc
334 3741 431 3801 multis
451 3742 572 3824 obrepit
583 3741 737 3826 Evangelii
756 3753 954 3822 contemptus,
975 3741 1043 3822 quia
1062 3758 1174 3799 asmu-

41 3819 93 3879 mir
113 3819 281 3900 quibusque
300 3829 331 3878 et
348 3836 456 3902 magna
476 3818 620 3901 dignitate
645 3818 785 3900 praeditis
803 3837 868 3878 nou
887 3819 1038 3910 recipitur.
1075 3815 1175 3875 Porro

43 3916 126 3974 quam
147 3915 291 3978 perversa
312 3893 350 3956 sit
375 3907 407 3954 et
430 3895 531 3976 iniqua
552 3897 623 3958 haec
644 3895 824 3971 aestimatio,
855 3893 918 3956 exi
940 3917 999 3956 saus
1016 3891 1174 3974 Evangelii

43 3984 142 4032 natura
164 3972 300 4032 Christus
320 3971 476 4048 admonet,
505 3967 623 4052 quando
643 3995 707 4032 non
726 3971 784 4031 nisi
802 3992 925 4052 paupera
949 3992 981 4031 us
1001 3981 1032 4029 et
1050 3962 1174 4030 abiectis

43 4049 218 4109 destinatum
243 4059 295 4108 est.
346 4047 436 4109 Unde
460 4049 607 4128 sequitur,
637 4047 711 4110 nihil
736 4067 846 4109 novum
873 4046 1006 4108 accidere
1024 4041 1072 4106 vel
1093 4041 1174 4183 quod
1232 4044 1235 4054 ’

43 4145 93 4184 nos
112 4127 236 4186 turbare
258 4123 379 4196 debeat,
397 4124 422 4186 si
442 4147 459 4186 a
477 4127 591 4209 magnis
611 4125 749 4188 omnibus
766 4125 929 4206 spernitur,
951 4123 1001 4204 qui
1020 4123 1077 4184 suis

43 4201 85 4260 tiis
104 4203 202 4262 inilati
228 4201 341 4260 nullum
360 4201 421 4262 Dei
444 4203 555 4284 gratiae
580 4203 679 4265 locum
702 4224 826 4265 uacuum
853 4199 1036 4279 relinquunt:
1068 4201 1128 4263 imo
1148 4223 1174 4261 ει

42 4279 188 4368 respuitur
200 4300 217 4338 a
230 4277 336 4338 maiori
353 4277 506 4339 homiuum
526 4291 620 4372 partq
639 4301 703 4342 non
723 4279 867 4357 estquod
885 4276 1035 4354 miremur,
1055 4278 1174 4359 quando

1118 4123 1178 4214 ivis

42 4356 287 4416 sexcentesimus
313 4354 436 4438 quisque
461 4367 522 4432 est,
561 4376 699 4436 quinon
729 4377 817 4438 prava
844 4353 1023 4414 confidentia
1047 4361 1174 4436 turgeat.
1254 4385 1260 4396 ·

43 4429 134 4496 Sicuti
153 4445 255 4496 autem
272 4431 404 4496 Christus
423 4431 471 4495 hic
490 4433 683 4518 Euangeliou
702 4453 787 4497 suun
805 4431 941 4576 vindicpq
954 4449 974 4557 q
991 4441 1174 4544 contemptu,

1325 4085 1336 4114 h
