2766 4834
185 251 226 312 26
361 241 515 304 SECTIO
536 241 576 302 11.
614 240 756 304 loannis
776 240 968 300 narreris
989 253 1152 302 roratas.

186 399 283 475 mihi,
315 407 351 464 ut
376 401 485 464 veniat
509 409 610 464 muter
630 398 763 463 Domini
791 399 855 463 mei
877 395 918 463 ad
940 398 1014 461 me?
1055 395 1107 462 44.
1132 393 1219 460 Eece
1241 397 1358 460 enim

188 511 223 566 ut
245 500 333 566 locta
355 511 403 587 est
423 520 485 564 vox
497 497 700 564 salutationis
722 507 797 562 tuae
819 495 1007 582 inauribus
1028 498 1119 573 meis,
1140 493 1225 564 saliit
1246 517 1355 582 prae

159 601 165 628 ‘'
187 597 310 688 gaudio
332 599 437 663 inians
451 601 483 664 io
496 611 589 665 utero
604 621 686 664 meo.
721 597 772 664 45.
796 597 837 664 Et
858 596 953 663 beata
976 617 1058 682 quae
1081 595 1229 672 eredidit,
1251 598 1353 684 quia

186 700 460 788 complementum
482 703 543 764 erit
564 702 611 778 iis,
632 719 715 785 quae
739 698 823 764 dicta
845 708 919 805 spot
939 696 989 762 illi
1009 719 1028 762 a
1046 696 1199 764 Domino.
1255 741 1257 750 x

263 861 314 924 39⁸.
351 853 528 932 Ersurgens
545 870 640 934 orum
655 854 771 915 Morio.
810 853 965 916 Profectio
985 853 1068 928 hacc,
1088 854 1169 914 cuius
1189 853 1347 914 meminit

189 933 294 1008 Lucas,
315 943 439 995 testatur
457 953 520 994 nou
538 932 690 994 evanidam
703 931 789 992 luisse
803 931 915 993 Mariae
929 931 1027 1002 fidem,
1047 932 1115 1009 quia
1134 952 1197 992 non
1218 929 1351 990 diffluit

188 1031 247 1070 una
267 1031 336 1070 erun
355 1009 465 1092 hngeli
486 1021 648 1089 conspectu
667 1008 727 1068 Dei
746 1009 915 1093 promissio,
934 1007 986 1068 sed
1006 1006 1068 1066 eius
1087 1007 1187 1068 animo
1208 1007 1344 1066 insidet.

187 1085 354 1148 Festinatio
375 1097 472 1148 autem
491 1086 560 1148 serii
586 1086 774 1164 ardentisque
799 1085 922 1144 allectus
949 1083 1030 1144 testis
1053 1095 1105 1144 est.
1143 1084 1218 1144 Iade
1239 1083 1344 1144 colli-

211 1157 261 1224 ere
287 1163 374 1238 licet,
405 1162 581 1242 posthabitis
611 1162 748 1222 omnibus
773 1161 837 1245 aliis
863 1159 951 1222 rebus
976 1161 1051 1220 hauc
1075 1159 1135 1220 Dei
1159 1160 1285 1242 gratiam
1321 1179 1343 1219 a

188 1183 314 1322 Nirgine
335 1239 424 1300 fuisse
445 1239 635 1311 aestimatam,
655 1250 688 1298 ut
705 1249 844 1319 parerat.
884 1236 997 1312 Quaeri
1018 1249 1115 1297 nmen
1136 1248 1244 1316 potest,
1267 1257 1342 1316 quo
1359 1259 1366 1268 ·

188 1315 315 1376 consilio
335 1315 501 1395 susceperit
519 1315 576 1376 iter
596 1314 685 1374 illud.¹
719 1313 842 1376 Certum
863 1326 921 1390 est,
949 1334 1012 1373 non
1032 1312 1205 1394 simpliciter
1224 1313 1341 1394 inqui-

188 1393 275 1454 rendi
294 1413 380 1454 causa
401 1390 527 1466 venisse,
547 1391 615 1472 quia
634 1412 698 1472 non
716 1391 813 1450 minus
829 1391 936 1452 Filium
954 1389 1013 1450 Dei
1034 1389 1065 1449 in
1086 1389 1177 1450 corde
1196 1411 1251 1450 suo
1299 1410 1343 1449 er

188 1469 276 1530 fidem
318 1489 385 1528 nam
406 1468 436 1528 in
455 1480 542 1528 utero
556 1480 733 1548 conceptum
753 1467 884 1530 fovebat.
922 1467 1029 1546 Neque
1050 1467 1137 1532 etiam
1152 1465 1259 1557 quibus
1281 1487 1339 1526 arn

178 1491 359 1619 subscribo,
395 1545 445 1623 qui
465 1544 631 1626 gratulandi
652 1564 737 1604 cansa
755 1545 871 1605 venisse
913 1553 1009 1604 utant:
1064 1541 1226 1604 robabrlius
1247 1542 1340 1602 eninr

187 1622 260 1682 mihi
279 1621 411 1694 videtur,
430 1621 536 1700 partim
557 1621 711 1702 augendae
731 1565 1008 1700 confirmanhaeque
1029 1564 1099 1680 diei
1118 1640 1197 1693 suae,
1217 1619 1338 1699 partim

189 1697 383 1761 illustrandae
399 1696 478 1756 ultro
498 1697 634 1775 citroque
654 1697 766 1779 gratiae
779 1697 839 1757 Dei
859 1695 988 1757 habitam
1008 1693 1045 1756 ab
1067 1718 1100 1756 ea
1122 1696 1209 1756 luisse
1230 1696 1335 1756 ratio-

188 1795 267 1836 nem.
305 1774 370 1832 Nec
390 1793 462 1834 vero
484 1785 528 1832 est
546 1795 599 1834 cur
619 1772 774 1832 absurdum
792 1773 941 1847 ducamus,
961 1773 1122 1853 quaesitam
1142 1771 1178 1832 ab
1200 1793 1235 1832 ea
1256 1772 1336 1832 fidei

188 1849 447 1912 confirmationem
473 1849 562 1909 fuisse
590 1870 625 1910 ex
650 1849 783 1910 miraculi
803 1861 981 1930 conspectu,
1011 1850 1091 1928 quod
1109 1849 1337 1931 Angelusnon

187 1925 295 1988 frustra
315 1925 358 1985 illi
376 1925 410 1986 in
431 1926 558 1986 medium
577 1946 633 2006 pro
658 1936 784 1986 osuerat
822 1927 897 1986 Nam
918 1925 972 1986 etsi
993 1925 1073 1984 nudo
1094 1923 1187 1986 verbo
1200 1925 1336 1985 Domini

189 2001 324 2066 contenti
343 2012 415 2062 sunt
433 2001 550 2078 fideles,
580 1947 655 2063 nihl
674 2014 771 2062 tamen
797 2003 911 2063 interea
931 2021 1055 2083 operum
1077 2003 1139 2062 cius
1158 2002 1335 2083 negligunt,

211 2079 271 2139 uod
289 2076 424 2139 sentiunt
442 2079 479 2139 ad
499 2078 568 2139 fidei
581 2099 651 2139 suae
671 2078 879 2140 adminiculum
899 2077 1007 2139 valere.
1046 2077 1225 2140 Praesertim
1252 2099 1333 2138 vero

187 2101 284 2217 liaris
309 2154 443 2216 oblatum
465 2153 523 2216 sibi
539 2154 755 2231 ,adminiculum
786 2154 923 2236 amplecti
950 2153 1068 2228 debuit,
1098 2155 1155 2216 nisi
1184 2175 1333 2235 respuere

188 2231 281 2293 vellet
297 2231 379 2312 qnod
390 2231 538 2290 Dominus
557 2231 636 2292 ultro
656 2231 699 2292 illi
720 2231 849 2293 dederat
884 2230 1004 2293 Deinde
1022 2243 1138 2292 mutnus
1149 2243 1332 2312 conspectus

187 2319 250 2370 tam
269 2309 362 2390 ipsam
383 2329 469 2388 quant
480 2307 632 2382 Elisabeth
650 2308 813 2370 accendere
833 2309 933 2390 potnit
950 2308 988 2369 ad
1007 2306 1150 2369 maiorem
1169 2307 1332 2390 gratitudi-

188 2407 275 2461 nem,
298 2383 385 2446 sicuti
405 2404 439 2444 ex
459 2396 598 2446 contextu
617 2397 708 2466 patet.
747 2385 816 2448 l'uit
835 2385 914 2446 enim
933 2384 1027 2476 magis
1048 2381 1207 2476 conspicua
1229 2395 1260 2446 et
1277 2382 1331 2443 in-

188 2463 284 2553 signis·
299 2460 361 2522 Dei
378 2461 470 2524 virtus
490 2461 521 2524 in
541 2481 602 2522 uno
623 2461 747 2598 duplicis
766 2462 879 2546 gratiae
905 2462 1030 2538 intuitu,
1059 2483 1128 2541 qma
1153 2481 1216 2542 ipsa
1242 2481 1332 2522 com-

188 2552 307 2621 paratio
326 2558 391 2598 non
411 2559 512 2618 parurn
533 2536 605 2600 lucis
625 2539 661 2600 ad
684 2538 760 2599 ebat.
801 2538 959 2599 Caeterum
980 2557 1042 2598 non
1063 2537 1199 2617 exprimit
1216 2536 1327 2612 Lucas,

189 2637 334 2697 quaenam
353 2613 445 2676 fuerit
463 2615 534 2676 urbs
554 2616 585 2675 in
626 2636 663 2675 ua
682 2615 837 2680 Zacharias
857 2613 1019 2689 habitabat,
1037 2615 1089 2675 sed
1110 2625 1222 2674 tanturn
1242 2635 1330 2676 com-

188 2702 336 2754 memorat
345 2692 522 2773 pertinuisse
534 2693 571 2752 ad
583 2637 692 2752 orbum
711 2691 794 2768 Iuda,
814 2692 921 2752 deinde
941 2692 1025 2752 sitam
1045 2690 1134 2751 suisse
1154 2690 1184 2750 iu
1198 2691 1331 2772 regione

187 2781 338 2832 montana.
377 2769 467 2828 Unde
487 2767 652 2851 colligitur,
680 2767 799 2852 longius
818 2767 945 2830 abluisse
971 2767 1008 2830 ab
1036 2767 1149 2850 oppido
1176 2767 1330 2828 Nazareth

190 2867 278 2928 quarn
298 2845 546 2926 Hierosolymam.

266 2929 314 2987 41.
359 2921 399 2981 Ut
416 2919 526 2982 audiit
542 2921 752 2982 solutrrtiooeru.
789 2919 930 2982 Naturale
946 2932 999 2995 est,
1018 2931 1052 2981 ut
1062 2921 1098 2980 ad
1107 2917 1235 2980 subitum
1251 2939 1329 3001 gau-

192 2999 273 3061 dium
292 3009 412 3058 moveat
429 3018 461 3057 se
482 2998 558 3058 setus
577 2998 609 3058 iu
629 3009 715 3058 utero
736 2997 875 3082 gravidae
888 2998 1028 3070 mulieris,
1047 2996 1099 3057 sed
1108 2997 1202 3058 Lucas
1213 2995 1329 3086 aliquid

183 3074 455 3146 extraordinarium
479 3086 585 3136 notare
611 3074 714 3134 voluit.
752 3075 939 3157 ¹Quanquam
972 3073 1045 3135 nihil
1070 3072 1108 3133 ad
1132 3093 1194 3134 rem
1219 3083 1330 3132 attinet

190 3151 302 3235 argutis
322 3149 544 3230 quaestionibus
563 3171 618 3212 nos
638 3151 845 3226 intricare,‘an
862 3151 988 3214 senserit
1007 3150 1103 3210 inians
1115 3148 1225 3210 Christi
1259 3169 1327 3210 rae-

190 3229 331 3302 sentiam,
362 3247 519 3289 ansensus
540 3227 848 3309 hiclueritpictatis:
880 3228 979 3309 potius
1001 3228 1058 3288 hoc
1079 3249 1168 3286 unum
1187 3247 1220 3284 sn
1257 3225 1328 3300 ciat,

190 3326 300 3370 arcano
326 3303 453 3395 Spiritus
477 3317 561 3366 motu
585 3305 728 3366 infantem
752 3303 872 3366 saliisse.
914 3305 978 3366 Nec
1004 3325 1074 3364 sane
1100 3303 1255 3384 proprium
1282 3302 1334 3362 illi

191 3402 308 3444 sensum
328 3382 433 3442 tribuit
451 3382 561 3456 Lucas,
580 3381 634 3442 scd
653 3383 745 3465 magis
765 3383 789 3442 si
812 3382 927 3454 nificat,
947 3380 1023 3440 banc
1043 3379 1158 3441 divinae
1179 3380 1210 3438 in
1229 3391 1326 3439 matre

191 3459 201 3520 i
224 3481 255 3520 sa
269 3458 452 3538 operationis
472 3459 560 3520 inisse
580 3470 704 3540 partem,
724 3401 811 3538 quod

193 3481 286 3612 guod
306 3536 378 3596 dicit
397 3535 511 3617 Spiritu
529 3548 632 3598 sancto
644 3536 799 3616 repletam,
817 3555 917 3595 sensus
938 3546 992 3611 est,
1011 3533 1124 3615 Spiritu
1145 3531 1326 3613 prophetico

133 3664 136 3670 ,
191 3624 311 3696 praeter
336 3625 509 3674 consuetum
534 3632 648 3673 morem
672 3624 797 3694 repente
828 3612 966 3671 donatam
993 3631 1065 3672 csse.
1110 3611 1217 3689 Neque
1245 3608 1325 3668 enirn

192 3690 273 3827 pilius
292 3689 419 3780 Spiritus
439 3688 526 3752 donis
545 3710 634 3752 vacua
656 3700 729 3763 erat,
748 3688 800 3750 sed
819 3698 889 3748 tunc
908 3687 1001 3772 longe
1021 3687 1144 3750 uberior
1163 3685 1206 3746 vis
1227 3697 1259 3746 et
1278 3685 1326 3744 in-

190 3789 224 3830 eo
238 3779 312 3827 naa
357 3778 441 3826 aruit.
1189 3775 1192 3789 '

267 3789 513 3908 tnppltenedtcm
530 3856 570 3904 tu.
608 3841 736 3902 Videtur
762 3840 792 3902 in
818 3839 882 3922 pari
944 3841 1003 3900 adu
1026 3839 1150 3900 Mariam
1177 3849 1208 3898 et
1235 3837 1326 3900 Chri-

191 3932 266 3984 stum
286 3919 396 3993 locare,
416 3919 496 3998 quod
516 3919 636 3978 minime
654 3929 884 3978 consentaneum
919 3928 994 3977 oret.
1034 3917 1094 3976 Sed
1115 3935 1173 3998 ego
1194 3913 1326 3974 libenter

193 4018 296 4059 eorum
316 3997 493 4058 sententiam
512 3995 651 4070 admitto,
677 3995 727 4074 qni
749 3995 930 4055 insecundo
950 3993 1085 4054 membro
1106 4013 1220 4053 causam
1240 3991 1325 4052 reddi

214 4084 305 4134 utant
344 4074 492 4134 Usitatum
512 4073 591 4134 enim
612 4082 665 4148 cst,
685 4071 821 4152 copulam
841 4071 915 4130 sumi
935 4071 999 4132 vice
1012 4069 1174 4149 particulae
1193 4069 1324 4129 causalis.

191 4096 383 4210 benedictam
405 4171 478 4234 crgo
499 4159 654 4242 cognatam
678 4169 758 4208 suam
779 4148 929 4229 praedicat
947 4145 1100 4208 Elisabeth
1125 4156 1251 4226 propter
1271 4144 1325 4204 filii

191 4225 440 4288 benedictionem.
480 4229 543 4288 Etsi
564 4236 660 4286 autem
680 4226 774 4307 prima
794 4246 856 4286 non
878 4223 933 4284 luit
944 4223 1057 4283 Mariae
1076 4221 1211 4296 felicitas,
1233 4221 1323 4282 Chri-

190 4316 265 4363 stum
287 4303 317 4363 in
330 4315 417 4364 utero
428 4315 554 4385 gestare,
575 4301 635 4364 imo
649 4303 755 4362 ordine
771 4301 921 4380 posterior
941 4312 986 4362 est
1004 4299 1058 4360 ista
1079 4298 1216 4382 dignitas,
1237 4319 1323 4377 quam

191 4380 306 4470 Spiritu
316 4379 430 4445 Christi
449 4379 564 4444 renasci
584 4378 615 4440 in
635 4399 741 4444 novam
760 4379 860 4452 vitam,
877 4375 987 4440 merito
1005 4385 1250 4444 tamenvvocator
1268 4372 1322 4436 bc-

824 3457 1084 3518 insanscxsnltavit
1103 3457 1133 3516 in
1153 3467 1239 3516 utero
1253 3457 1326 3516 cius.
