2766 4834
195 273 236 336 ω
362 251 515 372 SttCTlO
537 263 577 326 11.
598 261 756 324 'loturus
777 225 968 322 Barrssrhr
987 269 1152 323 narinus.

196 419 360 504 siguificat,
379 421 477 480 Deum
497 438 560 479 non
580 415 679 476 alieno
699 413 831 476 subsidio
851 414 945 476 fuisse
959 413 1104 482 adiutum,
1128 423 1162 470 ut
1180 410 1242 472 sola
1268 412 1361 472 eius

196 499 332 580 potentia
352 497 488 557 emineat.
526 493 589 554 lam
608 491 803 574 repetendum
822 504 868 552 est
927 488 966 550 od
986 489 1066 624 prius
1086 487 1168 564 dixit,
1185 507 1217 550 se
1237 488 1365 556 fuisse

195 587 375 655 respectam,
407 571 536 652 quamvis
555 569 669 632 abiecta
689 580 720 630 et
738 513 975 648 contemptibilis
1004 576 1080 626 oret
1118 565 1208 626 Unde
1227 566 1362 645 sequi-

129 651 135 676 *
189 653 255 724 tur,
275 661 478 731 praeposteras
498 659 529 708 et
547 646 724 717 adulterinas
744 663 806 706 esse
826 644 937 704 lllariae
957 643 1068 718 laudes,
1087 641 1193 723 quibus
1213 663 1279 702 non
1303 641 1359 701 in

196 727 324 789 solidum
344 724 494 787 extollitur
513 723 572 783 Dei
591 723 725 803 potentia
747 735 778 782 et
833 720 939 782 atuitus
960 719 1053 780 lavor.
1160 733 1164 751 ¹

273 811 321 870 49.
359 803 402 862 Et
418 813 549 862 suanm
565 820 669 860 nomeu
686 803 755 860 eius.
825 819 876 858 aec
903 809 948 858 est
969 796 1098 857 secunda
1123 815 1190 874 pars
1210 795 1357 868 cantici,

198 879 229 939 iu
251 900 307 960 qua
328 875 515 962 generalibus
534 875 688 937 sententiis
707 885 807 938 sancta
825 874 911 958 virgo
925 873 983 935 Dei
1002 873 1150 948 uirtutem,
1169 871 1281 933 iudicia
1306 884 1358 934 et

195 954 428 1016 misericordiam
448 952 644 1016 commendat.
681 952 787 1032 Neque
815 951 893 1012 enim
912 969 974 1010 uno
994 960 1133 1013 contextu
1157 949 1215 1009 boc
1234 970 1354 1008 mem-

196 1031 283 1100 brum
309 1053 374 1092 eum
398 1029 569 1111 superiore,
597 1027 649 1090 sed
674 1049 804 1090 seorsum
831 1027 891 1111 legi
916 1026 1030 1087 debetl
1053 1027 1205 1086 Extulerat
1223 1025 1354 1100 Maria,

196 1129 285 1190 quam
310 1108 342 1170 in
365 1127 397 1170 se
417 1119 535 1188 experta
557 1117 635 1180 erat,
663 1104 722 1166 Dei
742 1104 875 1187 gratiam.
925 1103 1005 1164 Hinc
1029 1113 1144 1182 sumpta
1171 1102 1353 1163 occasione

196 1184 349 1261 exclamat,
367 1195 500 1246 sancum
519 1203 581 1244 esse
601 1182 663 1242 eius
683 1201 804 1256 nomen,
824 1192 854 1241 et
868 1179 1099 1241 misericordiam
1117 1179 1178 1240 eius
1190 1178 1349 1239 omuibus
1370 1239 1371 1260 ,

195 1261 319 1323 saeculis
337 1261 448 1344 vigere.
486 1259 583 1321 Porro
595 1259 736 1319 Sanctum
751 1256 941 1320 uocaturDei
957 1277 1079 1332 nomen,
1098 1257 1168 1336 quia
1186 1275 1348 1315 reveren·
1370 1265 1371 1310 l

194 1339 266 1398 tiam
286 1358 425 1398 summam
445 1347 589 1397 meretur:
609 1347 643 1395 ut
661 1333 849 1414 quotiesDei
868 1334 902 1394 lit
919 1334 1044 1408 mentio,
1063 1332 1149 1392 simul
1159 1333 1349 1394 ueneranda

196 1415 260 1476 eius
278 1413 413 1474 maiestas
433 1413 464 1473 iu
483 1412 612 1473 medium
631 1411 766 1493 prodeat.
805 1409 941 1472 Proxima
950 1410 1109 1483 sententia,
1127 1409 1179 1470 ubi
1195 1407 1347 1470 laudatur

195 1492 379 1574 perpetuitas
404 1489 625 1552 misericordiae
643 1487 719 1560 Dei,
753 1508 788 1548 ex
812 1486 940 1548 sollenni
965 1485 1044 1566 pacti
1068 1484 1195 1547 formula
1214 1495 1345 1565 sumpta

196 1579 259 1643 est,
276 1569 339 1628 Ero
359 1567 441 1627 Deus
460 1578 542 1639 tuus,
562 1578 593 1625 et
610 1564 729 1625 seminis
748 1563 792 1622 tui
812 1564 843 1622 iu
862 1562 1019 1624 saeculum.
1059 1563 1151 1636 Item,
1175 1563 1243 1645 Ego
1265 1576 1342 1622 sum

194 1645 278 1704 Deus
303 1643 414 1704 faciens
437 1641 669 1703 misericordiam
695 1639 728 1700 in
752 1639 834 1702 mille
859 1639 1069 1723 generationes
1100 1639 1194 1719 (Gen.
1220 1645 1276 1710 17,
1305 1645 1342 1704 7.
1370 1675 1371 1682 1

194 1719 286 1782 Dent
305 1727 335 1792 7,
353 1721 406 1796 9.).
447 1718 564 1792 Quibus
582 1716 681 1778 verbis
700 1737 763 1778 nou
782 1717 873 1778 modo
887 1725 1023 1792 testatur,
1040 1735 1074 1777 se
1093 1726 1240 1796 perpetuo
1263 1715 1343 1774 sore

194 1796 241 1858 sui
260 1795 395 1870 similem,
414 1795 466 1855 sed
485 1793 659 1856 continuum
679 1792 810 1854 favorem
822 1791 967 1873 exprimit,
986 1811 1074 1871 quem
1094 1813 1165 1874 erga
1176 1813 1244 1852 suos
1256 1813 1340 1872 pro-

195 1873 338 1952 sequitur,
357 1882 391 1930 ut
408 1881 478 1951 post
497 1891 601 1931 eorum
619 1881 746 1930 mortem
766 1869 842 1930 lilios
863 1881 894 1929 et
912 1880 1050 1948 nepotes,
1068 1879 1220 1948 totamque
1235 1867 1340 1928 sobo-

194 1947 255 2010 lem
275 1947 388 2030 diligat.
426 1946 478 2006 Sic
498 1947 642 2008 continuo
662 1945 770 2006 amoris
789 1957 896 2006 tenore
936 1956 1113 2026 rosequutus
1132 1957 1177 2008 est
1189 1943 1339 2006 Abrahae

195 2036 344 2108 posteros,
365 2022 519 2103 quoniam,
536 2035 657 2160 patrem
676 2021 824 2084 Abrabam
844 1966 936 2084 semei
955 2020 986 2080 in
1006 2021 1130 2104 gratiam
1150 2020 1341 2102 complexus,

195 2113 348 2162 aeteruum
364 2119 430 2160 cum
449 2100 459 2163 i
481 2122 515 2162 so
549 2101 639 2162 oedus
664 2100 828 2180 pepigerat.
868 2097 929 2159 Sed
955 2099 1023 2178 quia
1048 2119 1111 2159 non
1131 2119 1251 2173 omues,
1278 2099 1337 2177 qui

196 2177 382 2240 descendunt
400 2197 434 2236 ex
503 2177 602 2237 raham
622 2177 781 2238 secundum
801 2195 936 2251 carnem,
983 2175 1085 2235 enuini
1103 2187 1172 2235 suut
1190 2173 1336 2236 Abrabae

196 2253 267 2330 filii,
287 2252 490 2334 promissionis
511 2254 651 2316 ellectum
671 2251 825 2334 restringit
836 2251 928 2312 Maria
949 2195 985 2312 ai
1005 2273 1091 2312 veros
1110 2251 1169 2314 Dei
1189 2252 1336 2326 cultores,

109 2343 112 2354 '
197 2327 442 2412 quemadmodum
470 2342 502 2390 et
525 2329 621 2391 David
647 2328 817 2403 psal-103,
841 2337 904 2405 at,
935 2329 1139 2390 Misericordia
1162 2328 1289 2389 Domini
1316 2349 1335 2388 a

194 2406 314 2469 saeculo
335 2427 427 2486 usque
446 2405 645 2468 insaeculum
664 2425 754 2488 super
772 2405 908 2466 timentes
929 2427 1009 2465 euru:
1035 2417 1065 2465 et
1085 2405 1193 2466 iustitia
1214 2405 1277 2465 eius
1300 2404 1334 2463 in

195 2482 274 2544 filios
293 2484 420 2543 filiorum
441 2483 487 2558 iis,
508 2485 557 2576 qui
579 2482 749 2557 custodiunt
768 2483 872 2544 foedus
893 2482 964 2557 eius,
985 2494 1041 2542 etc.
1082 2481 1133 2543 Sic
1152 2502 1226 2564 ergo
1246 2481 1333 2542 Deus

196 2559 375 2622 Sanctorum
393 2560 462 2622 filiis
480 2561 701 2622 misericordem
720 2581 750 2620 se
771 2580 826 2640 per
844 2579 947 2620 omnes
967 2569 1079 2620 aetates
1091 2559 1157 2620 sore
1170 2558 1333 2639 promittit,

195 2649 231 2698 ut
248 2635 358 2698 nullam
377 2647 477 2697 umen
492 2637 656 2719 hypocritis
675 2657 768 2698 ranae
781 2636 903 2697 fiduciae
915 2635 1066 2696 materiam
1101 2635 1232 2710 raebeat,
1253 2655 1332 2715 quo-

194 2714 276 2776 niam
301 2715 407 2774 frustra
434 2725 466 2774 et
487 2725 599 2774 temere
623 2714 722 2773 Deum
751 2712 809 2774 sibi
838 2733 901 2772 esse
924 2724 1038 2792 patrem
1061 2657 1243 2794 gloriantur,
1278 2711 1332 2790 qui

196 2791 360 2874 degeneres
379 2802 448 2850 sunt
465 2789 643 2851 Sanctomm
663 2789 715 2849 dlii
735 2801 767 2849 et
785 2788 822 2848 ab
843 2807 945 2848 eorum
964 2789 1075 2868 pietate
1094 2788 1212 2870 fideque
1233 2787 1331 2849 desci-

194 2877 311 2928 verunt.
332 2863 433 2940 Quare
447 2865 501 2926 hac
518 2865 691 2946 exceptione
710 2865 857 2925 refellitur
876 2883 977 2925 eorum
996 2867 1109 2926 vanitas
1129 2875 1160 2926 et
1178 2865 1332 2939 iactantia,

197 2942 248 3024 qui
267 2941 341 3000 falso
399 2939 474 3000 atiae
493 2941 553 3002 Dei
573 2952 726 3021 praetextu
750 2941 814 3002 sine
838 2939 895 3002 lide
922 2941 1017 3002 inflati
1037 2954 1114 3002 sunt
1152 2941 1331 3002 Universale

196 3017 316 3099 quidem
329 3037 358 3076 sa
371 3017 428 3075 ntis
449 3017 552 3078 foedus
572 3018 689 3100 pepigit
702 3017 782 3078 Deus
796 3039 862 3079 eum
873 3038 984 3101 genere
994 3017 1141 3094 Abrahae,
1160 3019 1212 3079 sed
1224 3039 1330 3098 quem-

195 3093 354 3154 admodum
379 3091 404 3152 la
430 3093 491 3154 ides
517 3093 614 3174 pluvia
639 3094 753 3176 irrigati
781 3115 844 3155 uon
872 3095 1067 3171 mollescunt,
1098 3096 1138 3156 ita
1156 3095 1330 3156 ‘incredulis

146 3247 150 3255 ι
197 3167 315 3232 obstitit
333 3189 383 3228 sua
404 3115 542 3246 durities,
560 3191 599 3233 ue
619 3171 655 3230 ad
676 3191 727 3232 eos
748 3183 919 3251 penetraret
938 3172 1080 3252 promissa
1100 3171 1210 3232 iustitia
1225 3184 1261 3232 et
1280 3194 1329 3232 sa-

196 3249 251 3308 lus.
289 3244 413 3306 Interim
433 3246 514 3308 Deus
545 3259 579 3307 nt
596 3246 708 3308 stabilis
727 3261 849 3342 rataque
870 3261 946 3309 esset
964 3269 1014 3310 sua
1035 3248 1207 3329 promissio,
1225 3269 1328 3308 semen

195 3322 318 3402 aliquod
336 3323 471 3384 servavit.
511 3293 573 3384 iub
598 3329 699 3386 tiruore
716 3325 840 3386 Domini
865 3325 1127 3404 comprehenditur
1149 3335 1213 3386 tota
1233 3327 1327 3405 pietas

196 3411 228 3462 et
241 3397 364 3490 Ιιζεᾎίςίο,
384 3401 542 3490 quaeriue
561 3401 620 3462 fide
640 3415 775 3463 constare
796 3421 858 3462 non
878 3413 987 3482 potest.
1013 3403 1125 3462 Verum
1146 3401 1194 3461 hic
1214 3403 1328 3482 poterit

195 3475 289 3536 obncr
309 3488 457 3554 quaestio,
490 3477 641 3552 Quorsum
666 3480 773 3538 attinet
797 3479 897 3540 vocari
917 3479 1015 3538 Deum
1034 3477 1272 3552 misericordem,
1302 3479 1326 3539 si

86 3623 95 3630 ,
194 3552 284 3613 talem
304 3573 392 3612 nemo
413 3574 480 3614 eum
500 3555 603 3629 sentit,
630 3555 687 3615 nisi
706 3555 756 3634 qui
777 3555 838 3616 eius
858 3555 981 3637 gratiam
996 3555 1213 3647 promeretur?
1251 3557 1325 3616 Nam

195 3631 220 3694 si
239 3629 299 3690 Dei
317 3629 583 3692 misericordia'est
600 3653 689 3712 super
708 3631 844 3692 timentes
864 3652 946 3706 eum,
973 3643 1065 3712 pietas
1092 3644 1122 3694 et
1146 3631 1225 3692 bona
1250 3653 1325 3692 con-

194 3705 318 3768 scientia
336 3707 460 3800 gratiam
481 3707 649 3768 hominibus
669 3709 746 3788 apud
766 3729 832 3768 eum
852 3707 1023 3783 conciliant,
1043 3709 1100 3770 hoc
1118 3720 1214 3769 autem
1234 3709 1325 3769 modo

196 3785 259 3844 eius
278 3795 402 3865 gratim
421 3785 479 3843 suis
499 3785 611 3845 meritis
630 3785 764 3845 homines
784 3786 986 3865 praeveniente
1023 3785 1222 3867 Respondeo,
1250 3785 1324 3846 banc

195 3881 315 3953 quoque
336 3881 398 3920 esse
417 3861 637 3921 misericordiae
657 3874 786 3941 partem,
814 3863 895 3942 quod
915 3862 1051 3922 timorem
1071 3863 1115 3922 sui
1136 3873 1168 3922 et
1186 3883 1323 3924 revereu-

194 3949 265 3997 tram
285 3937 402 4016 piorum
423 3936 490 3996 filiis
510 3937 590 3998 Deus
611 3938 655 3997 ins
679 3939 743 3998 irat.
781 3939 986 4018 Nequesenim
1005 3938 1053 4001 hic
1073 3949 1195 3998 notatur
1213 3940 1323 4020 gratiae

196 4013 326 4086 initium,
357 4013 437 4092 quasi
457 4015 539 4074 Deus
559 4035 576 4074 e
596 3959 683 4074 coeii>
703 4016 815 4075 otiosus
834 4015 1018 4096 speculetur,
1047 4017 1166 4096 quinam
1187 4036 1221 4076 ea
1242 4015 1322 4098 digni

194 4091 271 4164 sint,
289 4089 341 4150 sed
360 4099 473 4149 tantum
494 4090 655 4170 hypocritis
675 4091 819 4151 excurtitur
838 4113 974 4172 perversa
994 4081 1148 4166 sechritas,
1167 4113 1206 4154 ne
1226 4092 1322 4152 Deum

195 4167 252 4228 sibi
279 4165 453 4225 obstricttnn
480 4187 543 4227 esse
590 4178 688 4242 utent,
716 4169 784 4247 quia
809 4169 940 4229 carnales
964 4179 1033 4228 sunt
1053 4167 1231 4229 Sanctorum
1254 4169 1321 4228 filii:

195 4263 284 4323 quum
305 4241 396 4300 divini
416 4242 545 4303 foederis
566 4188 656 4326 iunge
675 4244 748 4304 alius
760 4247 799 4305 sit
810 4245 876 4304 finis
888 4257 918 4305 et
928 4246 1041 4306 diversa
1052 4246 1198 4320 conditio,
1217 4267 1322 4326 nempe

193 4331 241 4455 ut¹
256 4317 383 4400 aliquem
414 4339 533 4400 semper
571 4320 602 4380 iu
631 4322 741 4381 mundo
776 4321 918 4402 populrnn
949 4321 1072 4398 habeat,
1110 4344 1126 4383 a
1156 4342 1228 4402 quo¹
1251 4343 1321 4402 pure

191 4417 229 4458 co
242 4405 315 4456 atur.
675 4408 680 4416 '
