2790 4838
170 249 229 312 ‘th
389 237 543 302 SECt'iO
563 233 616 296 m.
654 235 875 330 incrementa
895 207 1098 338 Evandrum.

172 400 258 466 Ecce
279 398 441 464 bominem
463 395 674 463 comedouem
697 402 730 456 et
750 390 818 454 vini
838 401 1001 478 potorem,
1031 385 1216 476 publicanis
1239 391 1327 456 arni·
1389 411 1390 416 ¹

175 523 245 566 cum
268 522 306 566 ac
327 482 566 584 peccatoribus:
595 505 627 558 et
647 489 818 556 iustificata
841 501 888 555 est
909 491 1076 576 Sapientia
1098 511 1116 552 a
1138 489 1215 554 filiis
1238 493 1324 558 suis.
1363 545 1373 554 .

248 610 359 684 'LUC.
381 615 452 680 Vtt.
493 615 546 679 29.
561 583 609 676 xEt
630 609 733 675 omdis
754 605 897 693 populus
920 608 1073 686 audiens,
1094 619 1127 672 et
1149 605 1326 693 publicani

174 719 431 784 iustifieaverunt
459 713 579 790 Deum,
610 706 765 797 baptizati
793 700 953 796 baptisino
983 709 1122 775 loannis.
1163 709 1214 776 30.
1236 709 1329 774 Pba-

175 795 271 884 risaei
299 825 404 881 autem
434 825 466 878 et
494 815 589 900 Legis
619 793 716 899 periti
737 807 905 874 consilium
928 811 993 874 Dei
1014 809 1205 894 spreverunt
1225 814 1261 874 in
1285 833 1326 876 se
1389 899 1390 902 Ἴ

175 921 267 1004 ipsis,
297 937 364 982 non
392 912 546 1000 baptizati
576 911 617 978 ab
647 913 717 976 eo.'
742 909 795 976 31.
823 909 877 974 Ait
910 911 1220 990 autem'Dominus,
1253 907 1327 976 Cui
1389 985 1390 996 q

176 1038 253 1102 argo
285 1013 469 1082 assimilabo
501 1016 648 1082 homines
675 1011 893 1099 generationis
923 1009 1036 1076 buius?
1071 1022 1103 1077 et
1124 1013 1175 1075 cui
1197 1011 1327 1118 similes

174 1122 270 1184 suut?
310 1118 362 1183 32.
390 1114 518 1200 Similes
540 1128 614 1180 sunt
635 1115 745 1200 pueris
769 1109 958 1177 sedentibus
980 1116 1014 1178 iu
1037 1111 1125 1188 loro,
1161 1121 1194 1176 et
1215 1111 1328 1179 accla-

175 1218 338 1284 mantibus
358 1221 444 1282 inter
464 1235 514 1292 se,
549 1237 586 1280 ac
609 1212 806 1290 dicentibus,
832 1211 929 1278 Tibia
953 1205 1127 1278 cecinimus
1148 1212 1258 1292 vobis,
1289 1227 1327 1280 et
1389 1207 1390 1212 ἵ

137 1370 140 1376 .
175 1341 244 1385 nou
277 1317 430 1384 saltastis:
472 1314 620 1401 lugubria
656 1316 828 1378 cecinimus
861 1312 970 1392 vohis,
1005 1323 1037 1380 et
1065 1335 1130 1380 nou
1160 1313 1326 1401 plorastis.

145 1503 148 1513 Ι
174 1421 225 1485 33.
248 1420 348 1484 Venit
370 1419 454 1482 eninr
479 1417 616 1482 loannes
638 1385 790 1502 Baptista',
810 1435 924 1500 neque⁴
941 1413 1042 1480 edens
1064 1435 1190 1501 panem,
1210 1435 1327 1502 neque

176 1519 296 1585 bibens
318 1521 437 1592 vinum,
460 1527 491 1582 et
513 1516 630 1590 dicitis,
653 1517 867 1582 Daemonium
892 1514 995 1584 babet.
1025 1516 1075 1579 34.
1100 1517 1200 1582 Venit
1217 1517 1326 1583 Filius

178 1621 317 1688 bominis
338 1617 440 1683 edens
461 1638 500 1680 ac
520 1615 648 1693 bibens,
670 1626 702 1680 et
724 1615 838 1693 dicitis,
859 1615 944 1680 Ecce
965 1615 1060 1682 bomo
1085 1616 1174 1696 edax,
1199 1627 1231 1682 et
1254 1619 1326 1683 vini
1389 1615 1390 1676 Ϊ

177 1732 290 1809 potor,
321 1716 504 1804 publicanis
531 1719 649 1780 amicus
679 1727 710 1780 et
738 1714 970 1802 peccatoribus.
1010 1717 1060 1782 35.
1087 1715 1129 1782 Et
1150 1717 1326 1785 iustificata

95 1812 98 1818 ’
155 1819 158 1834 ’
180 1831 229 1888 est
250 1821 456 1905 Sapientiaa
477 1814 554 1880 filiis
576 1817 642 1880 suis
664 1816 823 1883 omnibus.

256 1985 330 2045 Luc·
353 1989 401 2050 29.
444 1981 694 2060 Omnis-papulam
717 1981 838 2044 medinm
861 1998 912 2047 etc.
952 1985 1033 2044 Haec
1059 2003 1125 2064 pars
1151 1987 1262 2046 omissa
1282 2000 1328 2046 est

156 2079 196 2122 ‘a
222 2062 392 2135 blattbaeo,
424 2080 499 2139 quae
524 2073 622 2120 tamen
646 2081 710 2120 nou
731 2082 833 2141 parum
854 2061 926 2122 lucis
946 2060 1035 2120 affert
1055 2062 1221 2122 contextui:
1256 2085 1325 2123 nam

180 2140 251 2200 binc
273 2137 393 2199 Christo
415 2137 481 2197 data
503 2149 546 2196 est
566 2136 769 2217 expostulandi
791 2138 924 2212 occasio,
945 2147 1033 2218 quutn
1053 2138 1164 2202 scribas
1183 2150 1245 2198 tam
1267 2140 1325 2201 ob·
1372 2148 1376 2157 '

181 2215 305 2286 stinatos
326 2225 463 2274 cerneret
481 2213 512 2272 in
531 2213 590 2272 Dei
612 2225 729 2274 contem
753 2225 792 2273 tu.
824 2215 943 2274 Summa
964 2227 1060 2274 autern
1080 2207 1164 2275 buius
1187 2216 1256 2278 loci·
1270 2229 1325 2292 est,

181 2293 285 2375 vulgus
307 2289 458 2350 hominurn
480 2300 510 2350 et
529 2290 704 2370 publicanos
726 2236 837 2351 dedisse
858 2291 984 2374 gloriam
1003 2291 1087 2352 Deo:
1108 2292 1219 2352 scribas
1239 2313 1326 2368 vero,

203 2370 232 2428 ui
265 2367 404 2428 scientiae
430 2367 536 2426 fiducia
561 2367 619 2428 sibi
643 2366 817 2447 placebant,
857 2367 996 2446 quicquid
1022 2391 1038 2429 a
1065 2368 1186 2430 Christo
1212 2370 1324 2430 dictum

156 2519 160 2526 .
183 2392 280 2506 inerat
305 2465 360 2525 pro
388 2443 481 2504 uibilo
509 2444 631 2505 duxisse.
678 2446 745 2505 Hoc
771 2444 888 2524 quidem
908 2443 1005 2524 primo
1026 2457 1145 2525 aspectu
1165 2447 1327 2540 Evangelii
1389 2509 1390 2524 ,

182 2521 308 2604 gloriam
334 2519 417 2594 valde
444 2520 599 2596 obscurat,
628 2521 688 2582 imo
717 2521 877 2595 deformat,
907 2515 987 2654 quod
1008 2522 1166 2602 discipulos
1188 2522 1327 2584 Cbrrstus
1389 2555 1390 2560 κ

183 2620 244 2659 non
272 2597 329 2658 nisi
355 2617 388 2658 ex
414 2597 495 2658 faece
524 2597 627 2678 populi
654 2611 683 2658 et
704 2597 866 2677 quisquiliis
886 2597 909 2656 si
933 2597 942 2655 i
963 2598 1104 2681 colligere
1125 2600 1239 2678 potuit:
1276 2603 1326 2680 qui
1389 2659 1390 2668 ,

183 2688 279 2736 autern
305 2673 352 2737 ‚vel
378 2674 533 2734 sanctitate
554 2675 600 2735 rel
621 2675 754 2735 doctrina
776 2673 978 2754 praestabant,
1008 2674 1100 2754 ipsum
1120 2695 1153 2734 re
1176 2677 1327 2738 udiaruut.
1389 2695 1390 2706 ¹

184 2753 244 2813 Sed
265 2751 411 2813 Dominus
431 2750 488 2810 boc
508 2751 593 2818 initio
615 2753 764 2831 specimen
785 2751 872 2816 edere
892 2748 1000 2825 voluit,
1020 2771 1057 2812 ne
1077 2751 1124 2812 vel
1145 2697 1222 2814 illius
1245 2769 1326 2815 aeta-
1389 2789 1390 2808 r

182 2831 221 2892 tis
243 2828 393 2903 homiues,
413 2827 459 2888 rel
480 2827 567 2886 etiarn
588 2827 700 2906 posteri
719 2828 912 2919 Evangelium
924 2829 1123 2900 aestimarent
1138 2829 1174 2890 ab
1197 2831 1326 2892 bumana
1389 2833 1390 2840 '

205 2905 377 2966 robatione:
397 2903 539 2984 propensi
560 2905 637 2963 enim
651 2903 693 2964 'ad
716 2904 771 2964 boc
791 2905 893 2964 vitium
914 2915 1018 2963 natura
1029 2927 1126 2964 sumus
1137 2905 1200 2966 iere
1213 2929 1328 2969 omnes.

212 2981 276 3060 t'qui
302 2977 375 3040 nibil
400 2981 492 3062 magis
517 2991 741 3060 praeposterum
768 2992 828 3056 est,
860 3001 946 3061 quam
965 2981 1024 3042 Dei
1045 2982 1199 3058 veritatem
1219 2985 1327 3046 subiici

184 3057 336 3119 bominum
357 3055 477 3130 iudicio,
518 3077 622 3116 uorum
643 3068 738 3116 toturn
758 3078 881 3118 acumen
902 3067 933 3117 et
952 3057 1131 3138 perspicacia
1150 3059 1225 3119 nibil
1237 3085 1326 3142 quarn

184 3155 265 3194 mera
287 3144 330 3212 est
348 3131 470 3192 vanitas.
523 3133 608 3213 rgo,
634 3144 667 3192 ut
687 3133 757 3193 dicit
775 3134 883 3195 Paulus
904 3135 943 3269 ql.
965 3136 1037 3197 Cor.
1054 3142 1091 3210 t,
1111 3139 1189 3214 22),
1210 3151 1326 3218 partem

184 3197 346 3270 sociandum
370 3209 512 3268 mundum
538 3207 682 3270 infirmam
708 3222 740 3270 et
758 3211 874 3271 stultam
896 3211 988 3304 ergit
1006 3209 1103 3286 Deus,
1132 3225 1165 3273 ut
1185 3215 1327 3294 quicquid

186 3286 264 3346 sorte
293 3296 324 3346 et
350 3285 465 3364 sapieps
485 3284 601 3344 videtur
621 3306 637 3345 a
657 3309 708 3346 saa
729 3287 883 3347 altitudine
904 3288 1054 3349 deiiceret.
1093 3291 1235 3350 Nostrum
1256 3311 1327 3352 vcro

187 3375 231 3423 est
257 3363 331 3422 banc
353 3361 416 3454 pei
441 3361 610 3439 stultitiam,
639 3375 674 3423 ut
697 3364 775 3424 idern
801 3363 909 3424 Paulus
936 3366 1024 3424 docet
1047 3367 1086 3446 (1.
1109 3365 1329 3446 Cor.1,21,),

103 3477 106 3488 ι
186 3449 293 3500 cuncto
330 3439 474 3499 humanae
490 3485 491 3488 ,
509 3439 669 3518 sapientiae
700 3440 859 3520 ,splendori
914 3441 1055 3502 raeserre'.
1093 3441 1329 3536 [ecficiamus

185 3516 293 3578 Deum.
340 3517 452 3580 Notatu
480 3515 569 3596 digna
595 3515 746 3596 loquutio,
778 3517 858 3596 quod
882 3461 951 3579 ileo
972 3517 1109 3578 iustitiam
1130 3520 1264 3590 tribuere
1285 3523 1328 3582 di-

187 3606 308 3668 cuntnr,
347 3593 398 3671 qui
424 3591 532 3652 Filium
561 3594 622 3653 eius
656 3593 818 3654 honorilice
844 3595 967 3674 amplexi
993 3595 1145 3656 doctrinae
1170 3619 1226 3677 per
1253 3600 1330 3660 bunc

75 3695 80 3705 ¹
186 3670 290 3731 allatae
311 3669 508 3730 subscribunt
548 3671 637 3731 Unde
657 3691 721 3730 non
739 3669 844 3730 mirum
866 3681 926 3747 est,
946 3671 970 3732 si
990 3671 1076 3731 fidem
1096 3673 1207 3753 ubique
1228 3675 1329 3757 singu-

187 3747 296 3825 laribus
323 3746 465 3807 encomiis
492 3746 605 3806 extollit
633 3747 759 3826 Spiritus
786 3759 916 3808 sanctus:
951 3748 1144 3830 palmanr.illi
1172 3751 1273 3811 desert
1298 3753 1329 3810 in

186 3823 246 3884 Dei
263 3824 358 3897 cultu,
388 3844 421 3881 ac
443 3823 635 3904 gratissimum
658 3822 834 3902 obsequium
858 3844 919 3886 esse
939 3825 1097 3906 praedicat.
1138 3826 1232 3901 Quod
1253 3829 1330 3888 enirn

75 3901 78 3910 ’
121 3913 154 3962 ’.
187 3901 315 3962 sanctius
355 3899 485 3959 officinm
521 3901 680 3983 excogitari
710 3912 823 3980 potest,
862 3923 948 3981 quam
978 3905 1046 3962 Deo
1078 3924 1158 3966 suam
1191 3905 1329 3965 iustitiam

170 3975 341 4036 asserere?
372 3997 537 4056 quanquam
562 3975 740 4054 lucrificandi
757 3975 881 4037 verbum
902 3979 1081 4062 generaliter
1101 3981 1137 4040 ad
1156 3992 1252 4056 totam
1272 3981 1329 4042 Dei

190 4053 307 4113 laudern
329 4052 510 4126 extenditur,
535 4053 593 4114 acsi
614 4053 722 4114 dictum
744 4053 837 4127 foret,
850 4057 1020 4134 'probatum
1041 4057 1128 4116 fuisse
1147 4056 1246 4117 Deum
1266 4079 1330 4119 sua-

195 4149 253 4208 que
272 4128 375 4217 ·gloria
403 4140 538 4190 ornatum
565 4151 582 4189 a
606 4130 735 4266 populo,
769 4129 819 4209 qni
844 4131 873 4190 iu
900 4132 1096 4194 doctrina'ab
1123 4134 1175 4193 illo
1194 4136 1329 4272 prosecta

195 4204 351 4294 acquievit.
390 4205 485 4268 Sicuti
506 4217 602 4266 autern
623 4203 641 4263 fi
665 4227 694 4266 es
714 4206 813 4266 Deum
834 4207 980 4284 iustificat,
1000 4209 1040 4269 ita
1060 4232 1174 4270 rursum
1217 4212 1259 4272 eri
1278 4231 1329 4270 ne-

198 4292 272 4360 qurt,
293 4279 362 4358 quin
384 4279 552 4371 blasphema
572 4282 611 4342 sit
628 4282 658 4341 in
680 4303 745 4343 cum
766 4281 964 4356 incredulitas,
984 4297 1014 4346 et
1025 4287 1238 4350 contumeliose
1251 4287 1329 4347 illum

197 4377 247 4418 sua
273 4355 358 4417 laude
383 4357 500 4436 spoliet
550 4358 710 4420 Caeterum
738 4361 840 4422 eadem
867 4361 1003 4441 loquutio
1028 4363 1132 4442 docet,
1163 4357 1223 4428 boc
1242 4363 1330 4426 modo

401 4643 416 4674 q
