2764 4846
181 227 224 282 χι
519 190 576 250 10.
599 185 769 250 ChLVINl
790 187 889 248 VITA
945 231 949 248 .
1003 229 1011 236 -

183 313 892 496 ”sestam‘ttststtttmtm
907 335 1043 474 emt
1063 333 1348 488 smtt‘st

182 464 241 558 hoc
265 485 329 577 ipso
356 461 403 554 die
428 459 543 582 accidit,
558 492 606 552 ille
632 495 710 584 apud
735 435 877 581 Druydis',
897 433 1220 580 [quepc]gacerriinus
1247 507 1347 546 con-

184 574 292 650 llictus,
312 571 347 630 de
367 588 427 650 quo
448 568 561 648 aliquot
580 580 648 648 post
668 569 771 630 diebus
793 573 934 632 Genevae
955 567 1010 628 surt
1029 575 1243 625 renuntiatum.

261 721 377 811 (1563.)
416 720 504 779 anno
526 733 726 816 consequente
747 740 854 799 nempe
872 719 983 779 LXIII.
1003 717 1043 780 sic
1065 715 1232 778 exacerbati
1258 727 1346 774 sunt
1365 733 1366 744 ¹

187 801 248 862 eius
272 797 385 872 morbi,
416 808 449 854 ut
469 795 556 876 plane
576 797 614 856 sit
632 797 804 857 incredibile
826 797 856 854 in
878 794 1055 876 corpusculo
1076 805 1135 854 tarn
1155 792 1341 866 imbecillo,

185 888 234 936 tot
253 872 406 933 laboribus
427 873 576 946 exhausto,
596 883 643 932 tot
662 873 788 953 denique
808 871 917 932 morbis
938 872 1054 945 attrito,
1073 882 1132 928 tam
1151 869 1273 930 fortem
1301 891 1343 928 ac
1365 873 1366 876 ’

186 965 364 1034 generosum
388 948 516 1008 animum
540 949 687 1010 contineri
712 949 816 1008 diutius
843 948 989 1028 potuisse,
1016 947 1161 1040 siquidem
1187 966 1227 1016 ne
1253 957 1341 1004 tunc

189 1027 306 1108 quidem
326 1025 431 1086 adduci
446 1024 559 1114 potuit,
580 1037 613 1086 ut
632 1025 689 1086 sihi
709 1037 851 1116 parceret.
882 1027 948 1086 Imo
965 1024 1130 1104 siquando,
1172 1021 1234 1080 uod
1248 1037 1340 1080 numa

188 1124 275 1240 quam
302 1101 358 1161 nisi
384 1113 501 1180 penitus
524 1101 632 1160 invitus
661 1101 746 1177 secet,
776 1101 896 1182 publico
923 1122 976 1162 suo
1001 1120 1123 1160 munere
1181 1097 1341 1172 stinebat,

209 1179 269 1239 omi
306 1179 420 1237 interea
457 1177 505 1238 vel
539 1177 758 1237 consulentibus
792 1177 1006 1258 respondebat,
1044 1175 1092 1236 vel
1128 1193 1338 1234 amanuenses

114 1302 115 1310 ,
187 1254 325 1316 dictando
350 1251 511 1314 indefessus
537 1253 598 1342 ipse
624 1253 774 1344 fatigabat.
818 1257 917 1333 Atque
941 1254 1003 1314 eius
1028 1253 1072 1312 rei
1098 1251 1185 1312 tidem
1209 1251 1341 1311 iaciunt
1365 1297 1366 1300 η

187 1342 251 1392 tum
276 1330 363 1390 binae
387 1329 455 1388 illae
480 1329 601 1390 maxone
627 1350 720 1392 serrae
740 1331 775 1390 ad
796 1329 930 1392 Polonos
949 1328 1164 1390 admonitiones
1184 1327 1338 1394 adversus

189 1408 252 1467 blas
277 1407 376 1466 bernes
400 1404 467 1466 illos
492 1426 591 1466 sacrae
610 1404 725 1466 Triadis
746 1407 860 1468 hostes:
890 1419 952 1466 turn
974 1406 1060 1464 etiam
1081 1403 1163 1484 quod
1182 1403 1336 1464 iratribus

192 1504 226 1544 ex
245 1429 572 1566 XynodoLugdunensi
591 1481 627 1542 ad
645 1503 677 1542 se
697 1482 789 1544 missis
809 1483 926 1544 abunde
946 1494 1008 1540 tum
1027 1502 1101 1542 voce
1121 1492 1182 1538 turn
1203 1479 1335 1558 scriptis

189 1559 359 1640 respondit,
415 1559 474 1616 uod
507 1555 743 1618 Commentarios
769 1559 799 1618 in
826 1570 952 1638 quatuor
976 1557 1065 1618 Mosis
1092 1557 1183 1616 libros
1212 1555 1334 1616 latinos

190 1637 297 1709 edidit,
337 1579 417 1714 quoi
448 1633 570 1716 gallicos
601 1655 635 1694 ex
664 1633 760 1694 latinis
791 1623 1049 1726 ipsolmiefflecit,
1088 1627 1174 1722 quod'
1193 1631 1335 1709 denique

192 1709 444 1784 Commentarium
470 1710 499 1768 in
526 1709 633 1770 librum
662 1712 782 1785 iosuae,
814 1709 864 1790 qui
889 1711 945 1770 furt
968 1711 1085 1770 ultimus
1111 1709 1199 1788 ipsius
1227 1707 1333 1783 labor,

190 1788 247 1848 iam
267 1799 328 1848 tum
348 1785 508 1872 inchoavit,
529 1807 616 1865 quem
634 1788 753 1847 tandem
774 1787 861 1850 etiam
880 1787 1073 1848 moribundus
1091 1783 1229 1846 absolvit.

267 1938 383 2020 (156l.)
403 1939 506 1997 Aurius
527 1951 624 2001 autem
643 1939 751 1999 LXIV.
772 1927 865 2020 supra‘
878 1937 1159 2020 sesquimillesImum
1178 1937 1239 2017 ipsi
1261 1936 1331 2016 qni-

191 2015 258 2084 dem
278 2025 437 2106 perpetuae
458 2014 618 2090 felicitatis,
650 2015 737 2078 nobis
757 2029 853 2076 autern
874 2016 964 2098 longe
984 2013 1099 2076 maximi
1118 2013 1332 2103 iustissimisque

190 2091 302 2153 doloris
331 2091 445 2150 mitium
477 2090 562 2150 suit..
600 2093 750 2172 Siquidem
782 2093 835 2168 Yl.
854 2093 942 2152 Febr.
968 2093 1107 2153 asthmate
1132 2111 1239 2152 vocem
1257 2099 1332 2150 erbs

189 2167 399 2248 praepediente
424 2166 555 2227 nltimam
579 2167 681 2228 habuit
706 2169 898 2244 concionem,
933 2181 963 2228 et
987 2169 1023 2230 ab
1046 2189 1081 2228 eo
1103 2179 1162 2228 tem
1185 2186 1258 2240 ore,
1292 2187 1329 2226 eo

193 2255 316 2325 excepto
354 2243 433 2334 quod
467 2243 504 2302 ali
527 2245 623 2304 uoties
655 2245 691 2317 ad
724 2242 974 2328 Congregationis
1003 2256 1120 2306 coetum
1172 2265 1187 2302 e
1214 2253 1330 2304 ortatus

194 2321 297 2402 (quod
323 2316 367 2392 illr
393 2319 494 2379 ultimo
539 2321 620 2380 lartii
640 2321 827 2382 novissimum
847 2322 973 2399 accidit)
993 2321 1115 2412 paucula
1134 2266 1226 2381 recha
1247 2319 1330 2392 lecit,

192 2397 274 2461 omni
294 2395 420 2466 docendi
440 2417 562 2456 munere
583 2397 731 2456 abstinuit
763 2397 857 2478 Ipsius
876 2398 973 2457 morbi
993 2395 1215 2468 incredibilibus
1237 2393 1329 2455 animi

193 2473 327 2554 corporis
351 2494 386 2532 ne
410 2471 562 2532 laboribus
587 2474 732 2534 contracti
756 2473 829 2536 rarii
854 2474 937 2534 multi
961 2473 1087 2562 licesque
1115 2473 1255 2546 suerunt,
1285 2470 1327 2530 uti

194 2570 244 2609 sna
272 2495 394 2630 quadam
419 2549 455 2608 ad
481 2547 612 2610 medicos
631 2550 888 2631 lllouspessulanos
919 2496 1172 2628 diMontpellier]
1200 2546 1326 2628 epistola

194 2626 271 2686 edita
298 2645 348 2686 eos
374 2625 436 2706 ipse
464 2637 628 2706 percenset.
672 2627 794 2687 Praeter
836 2649 881 2686 om
907 2627 985 2687 enim
1011 2627 1091 2706 qnod
1118 2646 1247 2706 corpore
1274 2623 1329 2682 fuit

192 2715 295 2762 natura
315 2702 475 2777 imbecillo,
488 2702 651 2763 ¹macilento
672 2704 758 2762 etad
778 2716 804 2762 ta
830 2724 875 2762 em
895 2703 972 2763 ultro
984 2703 1156 2778 inclinante,
1176 2701 1326 2762 dormiens

195 2799 289 2861 paene
322 2777 478 2860 vigilabat,
517 2797 651 2860 magnam
682 2780 751 2838 anni
781 2791 893 2860 partem
926 2777 1146 2854 concionando,
1178 2777 1326 2850 docendo,

196 2856 334 2916 dictando
360 2853 560 2914 consumebat.
605 2855 663 2914 Per
684 2857 786 2916 decern
804 2857 955 2916 minimum
975 2877 1068 2916 annos
1089 2855 1214 2936 prandio
1237 2850 1324 2914 absti-
1365 2917 1366 2924 ἵ

197 2931 276 3004 nuit,
307 2942 339 2990 ut
358 2929 469 2988 nullum
489 2930 611 2990 omnino
632 2930 729 2992 cibum
749 2943 828 2992 entra
847 2944 950 2992 statam
971 2951 1083 2994 coenae
1107 2933 1211 2992 horam
1230 2948 1324 2990 sume-

196 3018 258 3082 ret,
289 3020 320 3068 nt
345 3027 411 3066 eum
435 3007 541 3065 mirum
568 3006 605 3066 sit
629 3007 757 3086 phthisin
778 3009 913 3090 elingere
933 3021 992 3068 tarn
1013 3007 1062 3068 diu
1103 3007 1222 3068 otuisse.
1259 3003 1326 3064 Fuit

197 3094 294 3143 autem
324 3083 351 3142 ei
381 3081 565 3143 heniicranea
590 3079 753 3164 santiliaris,
791 3085 838 3146 cui
863 3085 925 3145 sola
944 3084 1000 3146 ,illa
1023 3029 1122 3146 inedia
1145 3081 1315 3154 medebatur

197 3161 272 3220 adeo
299 3173 331 3220 ut
355 3179 567 3248 nonnunquam
591 3172 668 3222 totas
693 3162 820 3221 XXXVI
844 3161 1024 3248 horaspcibo
1051 3160 1221 3220 abstineret.
1266 3122 1323 3216 Sel

153 3311 160 3320 ἡ
198 3249 228 3297 et
247 3237 352 3316 partim
374 3257 407 3296 ex
425 3257 506 3295 voces
526 3236 736 3314 contentione,
761 3238 884 3318 partim,
904 3238 985 3328 quod
1003 3257 1071 3298 sero
1091 3237 1176 3298 nimis
1196 3232 1322 3296 animad-

196 3335 311 3374 versum
337 3325 396 3386 est,
428 3333 462 3372 ex
485 3313 645 3373 immodico
672 3313 752 3375 aloes
777 3337 846 3389 usu,
877 3335 1002 3394 primum
1028 3314 1061 3374 in
1086 3305 1321 3374 haemorrhoidas

144 3455 152 3468 ,
197 3410 303 3470 easque
328 3391 447 3449 tandem
474 3389 638 3467 ulcerosas,
671 3391 777 3452 deinde
803 3391 933 3482 quinque
959 3401 1027 3450 ante
1047 3403 1174 3450 mortem
1193 3386 1275 3450 annis
1292 3382 1322 3441 in

196 3467 346 3548 sanguinis
373 3467 602 3536 exscreationem
627 3466 782 3546 aliquoties
807 3466 921 3528 rncidrt.
961 3465 1114 3542 Quartana
1137 3487 1208 3528 vero
1233 3462 1321 3542 ipsum

197 3545 369 3618 deserente,
400 3554 603 3604 successerunt
625 3544 656 3602 in
682 3544 784 3606 dextro
812 3561 896 3604 crure
917 3545 1064 3636 podagra,
1097 3543 1183 3605 colici
1203 3537 1320 3602 subinde

196 3632 382 3682 recurrentes
403 3618 535 3694 dolores,
556 3618 681 3680 calculus
702 3621 845 3700 denique,
866 3640 952 3700 quem
972 3611 1083 3756 alioqui
1103 3639 1250 3698 nunquam
1269 3611 1320 3673 nisi

52 3677 59 3694 ⁸
122 3701 128 3713 “
198 3697 235 3756 ali
260 3707 405 3756 notante
432 3693 730 3756 mortem'mensibus
756 3709 895 3757 senserat.
939 3697 1037 3757 Medic
1067 3703 1256 3785 quaeeunque
1275 3710 1317 3749 re-

197 3794 245 3832 me
269 3773 294 3831 ia
314 3763 453 3852 potlrant
472 3772 673 3848 adhibebant,
693 3794 748 3833 nec
768 3773 920 3853 quisquam
939 3773 1091 3833 hominum
1111 3772 1176 3848 luit,
1197 3793 1245 3850 qm
1262 3785 1318 3826 rne-

198 3849 331 3910 dicorum
361 3861 518 3929 praecepta
547 3851 708 3910 accuratius
740 3850 923 3912 observaret:
964 3849 1156 3930 caeteroquin
1186 3845 1261 3928 qnod
1284 3841 1316 3901 ad

198 3925 288 3984 animi
315 3925 431 3986 labores
457 3926 562 3985 attinet
585 3925 758 3986 valetudinis
786 3948 823 3986 ne
845 3921 1065 4009 ligentissimus,
1096 3928 1170 3986 adeo
1195 3919 1316 3984 utillum

200 4022 238 4060 ne
265 4001 399 4060 acerrimi
426 4002 542 4081 quidem
568 4001 772 4064 hemicraneae
796 3947 913 4063 doXores
938 4002 1101 4082 unquam'a
1122 3995 1317 4062 concionando

113 4077 117 4098 ‘
199 4076 416 4158 prohibuerint.
472 4079 536 4137 Tot
566 4088 662 4136 autem
686 4078 796 4138 morbis
823 4100 994 4159 oppressum
1020 4101 1107 4138 nemo
1133 4099 1171 4139 ne
1196 4071 1315 4138 voculam

222 4154 318 4220 uidem
339 4152 449 4213 audivit
468 4155 652 4214 emittentem
673 4153 753 4229 forti,
769 4157 881 4218 nedum
902 4153 1070 4217 Christiano
1090 4155 1154 4215 viro
1167 4151 1315 4233 indignam·

199 4176 328 4293 Xantum
358 4231 460 4292 oculos
489 4231 519 4289 in
551 4229 667 4291 coelum
692 4231 845 4308 attollens,
884 4233 1089 4314 „Usquequo,
1127 4225 1314 4312 inquietat

201 4305 393 4384 „1)omiue!“
426 4306 496 4398 boc·
514 4307 592 4366 euim
622 4308 708 4370 etiam
738 4309 837 4394 valens
866 4321 1005 4391 tanquam
1032 4307 1195 4391 symbolum
1217 4305 1245 4364 in
1268 4315 1313 4360 ore

756 4591 763 4619 l
