<?xml version="1.0" encoding="UTF-8"?>
<!DOCTYPE html PUBLIC "-//W3C//DTD XHTML 1.0 Transitional//EN"
    "http://www.w3.org/TR/xhtml1/DTD/xhtml1-transitional.dtd">
<html xmlns="http://www.w3.org/1999/xhtml" xml:lang="en" lang="en">
 <head>
  <title>
</title>
<meta http-equiv="Content-Type" content="text/html;charset=utf-8" />
  <meta name='ocr-system' content='tesseract 3.04.00' />
  <meta name='ocr-capabilities' content='ocr_page ocr_carea ocr_par ocr_line ocrx_word'/>
</head>
<body>
  <div class='ocr_page' id='page_1' title='image "./innovumtestamen00calvgoog_0240.png"; bbox 0 0 2768 4834; ppageno 0'>
   <div class='ocr_carea' id='block_1_1' title="bbox 464 221 1198 331">
    <p class='ocr_par' dir='ltr' id='par_1_1' title="bbox 464 221 1198 331">
     <span class='ocr_line' id='line_1_1' title="bbox 464 221 1198 331; baseline 0.004 -24"><span class='ocrx_word' id='word_1_1' title='bbox 464 221 654 310; x_wconf 70' lang='lat' dir='ltr'><strong>Ommoiu</strong></span> <span class='ocrx_word' id='word_1_2' title='bbox 673 261 800 312; x_wconf 78' lang='lat' dir='ltr'><strong>nourr.</strong></span> <span class='ocrx_word' id='word_1_3' title='bbox 923 315 931 324; x_wconf 55' lang='grc'><strong>,</strong></span> <span class='ocrx_word' id='word_1_4' title='bbox 1088 256 1198 331; x_wconf 65' lang='lat' dir='ltr'><strong>&#39;m</strong></span> 
     </span>
    </p>
   </div>
   <div class='ocr_carea' id='block_1_2' title="bbox 8 393 1230 1023">
    <p class='ocr_par' dir='ltr' id='par_1_2' title="bbox 8 393 1197 556">
     <span class='ocr_line' id='line_1_2' title="bbox 8 393 1197 480; baseline 0.008 -22"><span class='ocrx_word' id='word_1_5' title='bbox 8 393 10 414; x_wconf 92' lang='lat'>&#39;</span> <span class='ocrx_word' id='word_1_6' title='bbox 58 399 121 460; x_wconf 80' lang='lat' dir='ltr'><strong>sere</strong></span> <span class='ocrx_word' id='word_1_7' title='bbox 142 398 339 458; x_wconf 66' lang='lat' dir='ltr'><strong>inmanitatis</strong></span> <span class='ocrx_word' id='word_1_8' title='bbox 358 408 430 458; x_wconf 90' lang='lat' dir='ltr'><strong>sunt</strong></span> <span class='ocrx_word' id='word_1_9' title='bbox 448 410 596 480; x_wconf 79' lang='lat' dir='ltr'>expertes,</span> <span class='ocrx_word' id='word_1_10' title='bbox 626 400 752 480; x_wconf 82' lang='lat' dir='ltr'><strong>aliquam</strong></span> <span class='ocrx_word' id='word_1_11' title='bbox 772 412 869 464; x_wconf 87' lang='lat' dir='ltr'><strong>tamen</strong></span> <span class='ocrx_word' id='word_1_12' title='bbox 888 403 1000 466; x_wconf 82' lang='lat' dir='ltr'><strong>babere</strong></span> <span class='ocrx_word' id='word_1_13' title='bbox 1010 402 1109 466; x_wconf 85' lang='lat' dir='ltr'><strong>mutui</strong></span> <span class='ocrx_word' id='word_1_14' title='bbox 1127 399 1197 468; x_wconf 83' lang='lat' dir='ltr'><strong>iuris</strong></span> 
     </span>
     <span class='ocr_line' id='line_1_3' title="bbox 54 474 717 556; baseline 0.003 -20"><span class='ocrx_word' id='word_1_15' title='bbox 54 475 199 556; x_wconf 81' lang='lat' dir='ltr'><strong>speciem,</strong></span> <span class='ocrx_word' id='word_1_16' title='bbox 223 474 295 534; x_wconf 94' lang='lat' dir='ltr'><strong>dum</strong></span> <span class='ocrx_word' id='word_1_17' title='bbox 313 495 396 546; x_wconf 77' lang='lat' dir='ltr'><strong>suam</strong></span> <span class='ocrx_word' id='word_1_18' title='bbox 415 475 570 537; x_wconf 81' lang='lat' dir='ltr'><strong>utilitatem</strong></span> <span class='ocrx_word' id='word_1_19' title='bbox 589 487 717 556; x_wconf 86' lang='lat' dir='ltr'><strong>captant.</strong></span> 
     </span>
    </p>

    <p class='ocr_par' dir='ltr' id='par_1_3' title="bbox 53 548 1230 1023">
     <span class='ocr_line' id='line_1_4' title="bbox 129 548 1198 636; baseline 0.009 -26"><span class='ocrx_word' id='word_1_20' title='bbox 129 557 183 616; x_wconf 74' lang='grc'><strong>48.</strong></span> <span class='ocrx_word' id='word_1_21' title='bbox 228 551 324 611; x_wconf 69' lang='lat' dir='ltr'><strong>Eritis</strong></span> <span class='ocrx_word' id='word_1_22' title='bbox 350 548 442 627; x_wconf 68' lang='lat' dir='ltr'><strong>igiter</strong></span> <span class='ocrx_word' id='word_1_23' title='bbox 458 573 508 612; x_wconf 85' lang='lat' dir='ltr'><strong>ons</strong></span> <span class='ocrx_word' id='word_1_24' title='bbox 521 553 658 631; x_wconf 68' lang='lat' dir='ltr'><strong>peffeett&#39;.</strong></span> <span class='ocrx_word' id='word_1_25' title='bbox 695 553 846 616; x_wconf 84' lang='lat' dir='ltr'><strong>Persectio</strong></span> <span class='ocrx_word' id='word_1_26' title='bbox 865 555 938 618; x_wconf 86' lang='lat' dir='ltr'><strong>baec</strong></span> <span class='ocrx_word' id='word_1_27' title='bbox 957 575 1019 618; x_wconf 91' lang='lat' dir='ltr'><strong>uon</strong></span> <span class='ocrx_word' id='word_1_28' title='bbox 1038 555 1198 636; x_wconf 72' lang='lat' dir='ltr'><strong>aequalita-</strong></span> 
     </span>
     <span class='ocr_line' id='line_1_5' title="bbox 54 627 1173 708; baseline 0.006 -22"><span class='ocrx_word' id='word_1_29' title='bbox 54 641 110 687; x_wconf 83' lang='lat' dir='ltr'><strong>tem</strong></span> <span class='ocrx_word' id='word_1_30' title='bbox 137 639 253 700; x_wconf 83' lang='lat' dir='ltr'><strong>sonat,</strong></span> <span class='ocrx_word' id='word_1_31' title='bbox 282 628 336 688; x_wconf 89' lang='lat' dir='ltr'><strong>sed</strong></span> <span class='ocrx_word' id='word_1_32' title='bbox 360 638 474 688; x_wconf 86' lang='lat' dir='ltr'><strong>tantum</strong></span> <span class='ocrx_word' id='word_1_33' title='bbox 499 627 535 686; x_wconf 87' lang='lat' dir='ltr'><strong>ad</strong></span> <span class='ocrx_word' id='word_1_34' title='bbox 560 629 781 690; x_wconf 86' lang='lat' dir='ltr'><strong>similitudinem</strong></span> <span class='ocrx_word' id='word_1_35' title='bbox 806 631 943 706; x_wconf 79' lang='lat' dir='ltr'><strong>refertur.</strong></span> <span class='ocrx_word' id='word_1_36' title='bbox 1003 634 1173 708; x_wconf 73' lang='lat' dir='ltr'><strong>Quantumu</strong></span> 
     </span>
     <span class='ocr_line' id='line_1_6' title="bbox 55 635 1198 790; baseline 0.004 -26"><span class='ocrx_word' id='word_1_37' title='bbox 55 726 125 786; x_wconf 85' lang='lat' dir='ltr'><strong>ergo</strong></span> <span class='ocrx_word' id='word_1_38' title='bbox 150 704 298 764; x_wconf 87' lang='lat' dir='ltr'><strong>distemus</strong></span> <span class='ocrx_word' id='word_1_39' title='bbox 318 701 431 778; x_wconf 84' lang='lat' dir='ltr'><strong>aDe0‚</strong></span> <span class='ocrx_word' id='word_1_40' title='bbox 450 704 574 764; x_wconf 85' lang='lat' dir='ltr'><strong>dicimur</strong></span> <span class='ocrx_word' id='word_1_41' title='bbox 593 706 718 785; x_wconf 89' lang='lat' dir='ltr'><strong>perlecti</strong></span> <span class='ocrx_word' id='word_1_42' title='bbox 739 727 801 768; x_wconf 87' lang='lat' dir='ltr'><strong>esse</strong></span> <span class='ocrx_word' id='word_1_43' title='bbox 820 709 896 768; x_wconf 88' lang='lat' dir='ltr'><strong>sicut</strong></span> <span class='ocrx_word' id='word_1_44' title='bbox 915 711 978 790; x_wconf 89' lang='lat' dir='ltr'><strong>ipse</strong></span> <span class='ocrx_word' id='word_1_45' title='bbox 999 723 1052 786; x_wconf 73' lang='lat' dir='ltr'><strong>est,</strong></span> <span class='ocrx_word' id='word_1_46' title='bbox 1072 635 1198 786; x_wconf 51' lang='lat' dir='ltr'><strong>(1⁰¹2ss</strong></span> 
     </span>
     <span class='ocr_line' id='line_1_7' title="bbox 54 781 1197 867; baseline 0.007 -27"><span class='ocrx_word' id='word_1_47' title='bbox 54 781 185 860; x_wconf 80' lang='lat' dir='ltr'><strong>eundem</strong></span> <span class='ocrx_word' id='word_1_48' title='bbox 215 801 339 860; x_wconf 86' lang='lat' dir='ltr'><strong>scopum</strong></span> <span class='ocrx_word' id='word_1_49' title='bbox 366 781 527 854; x_wconf 86' lang='lat' dir='ltr'><strong>tendimus,</strong></span> <span class='ocrx_word' id='word_1_50' title='bbox 559 803 646 862; x_wconf 89' lang='lat' dir='ltr'><strong>quem</strong></span> <span class='ocrx_word' id='word_1_51' title='bbox 672 781 703 840; x_wconf 92' lang='lat' dir='ltr'><strong>in</strong></span> <span class='ocrx_word' id='word_1_52' title='bbox 728 804 759 844; x_wconf 88' lang='lat' dir='ltr'><strong>se</strong></span> <span class='ocrx_word' id='word_1_53' title='bbox 780 783 1039 867; x_wconf 80' lang='lat' dir='ltr'><strong>uobisproponit.</strong></span> <span class='ocrx_word' id='word_1_54' title='bbox 1079 785 1112 847; x_wconf 88' lang='lat' dir='ltr'><strong>si</strong></span> <span class='ocrx_word' id='word_1_55' title='bbox 1133 787 1197 866; x_wconf 86' lang='lat' dir='ltr'><strong>quis</strong></span> 
     </span>
     <span class='ocr_line' id='line_1_8' title="bbox 53 855 1197 944; baseline 0.007 -28"><span class='ocrx_word' id='word_1_56' title='bbox 53 859 137 916; x_wconf 82' lang='lat' dir='ltr'><strong>aliter</strong></span> <span class='ocrx_word' id='word_1_57' title='bbox 158 855 267 930; x_wconf 86' lang='lat' dir='ltr'><strong>malit,</strong></span> <span class='ocrx_word' id='word_1_58' title='bbox 292 877 355 915; x_wconf 92' lang='lat' dir='ltr'><strong>nou</strong></span> <span class='ocrx_word' id='word_1_59' title='bbox 376 857 409 915; x_wconf 87' lang='lat' dir='ltr'><strong>lit</strong></span> <span class='ocrx_word' id='word_1_60' title='bbox 428 857 475 917; x_wconf 89' lang='lat' dir='ltr'><strong>hic</strong></span> <span class='ocrx_word' id='word_1_61' title='bbox 495 857 573 923; x_wconf 87' lang='lat' dir='ltr'><strong>inter</strong></span> <span class='ocrx_word' id='word_1_62' title='bbox 591 858 688 917; x_wconf 86' lang='lat' dir='ltr'><strong>Deum</strong></span> <span class='ocrx_word' id='word_1_63' title='bbox 709 871 739 918; x_wconf 89' lang='lat' dir='ltr'><strong>et</strong></span> <span class='ocrx_word' id='word_1_64' title='bbox 758 881 812 920; x_wconf 90' lang='lat' dir='ltr'><strong>uos</strong></span> <span class='ocrx_word' id='word_1_65' title='bbox 832 863 1032 942; x_wconf 89' lang='lat' dir='ltr'><strong>comparatio,</strong></span> <span class='ocrx_word' id='word_1_66' title='bbox 1055 864 1108 924; x_wconf 88' lang='lat' dir='ltr'><strong>sed</strong></span> <span class='ocrx_word' id='word_1_67' title='bbox 1127 885 1197 944; x_wconf 84' lang='lat' dir='ltr'><strong>per·</strong></span> 
     </span>
     <span class='ocr_line' id='line_1_9' title="bbox 54 933 1230 1023; baseline 0.008 -31"><span class='ocrx_word' id='word_1_68' title='bbox 54 933 145 992; x_wconf 87' lang='lat' dir='ltr'><strong>lectio</strong></span> <span class='ocrx_word' id='word_1_69' title='bbox 168 933 236 992; x_wconf 89' lang='lat' dir='ltr'><strong>Dei</strong></span> <span class='ocrx_word' id='word_1_70' title='bbox 255 946 395 1006; x_wconf 83' lang='lat' dir='ltr'><strong>vocatur,</strong></span> <span class='ocrx_word' id='word_1_71' title='bbox 433 933 684 1023; x_wconf 25' lang='lat' dir='ltr'><strong>r&#39;imumtgratuita</strong></span> <span class='ocrx_word' id='word_1_72' title='bbox 701 955 841 1015; x_wconf 75' lang='lat' dir='ltr'><strong>metaque</strong></span> <span class='ocrx_word' id='word_1_73' title='bbox 862 937 1030 1014; x_wconf 77' lang='lat' dir='ltr'><strong>liberalitas,</strong></span> <span class='ocrx_word' id='word_1_74' title='bbox 1050 961 1124 1020; x_wconf 84' lang='lat' dir='ltr'><strong>quae</strong></span> <span class='ocrx_word' id='word_1_75' title='bbox 1143 961 1197 1021; x_wconf 83' lang='lat' dir='ltr'><strong>spe</strong></span> <span class='ocrx_word' id='word_1_76' title='bbox 1226 965 1230 970; x_wconf 81' lang='grc'><strong>’</strong></span> 
     </span>
    </p>
   </div>
   <div class='ocr_carea' id='block_1_3' title="bbox 54 955 1290 1094">
    <p class='ocr_par' dir='ltr' id='par_1_4' title="bbox 54 955 1290 1094">
     <span class='ocr_line' id='line_1_10' title="bbox 54 955 1290 1094; baseline 0.009 -26"><span class='ocrx_word' id='word_1_77' title='bbox 54 1005 126 1068; x_wconf 85' lang='lat' dir='ltr'><strong>lucri</strong></span> <span class='ocrx_word' id='word_1_78' title='bbox 149 1027 222 1068; x_wconf 91' lang='lat' dir='ltr'><strong>non</strong></span> <span class='ocrx_word' id='word_1_79' title='bbox 242 1007 376 1068; x_wconf 83' lang='lat' dir='ltr'><strong>ducitur:</strong></span> <span class='ocrx_word' id='word_1_80' title='bbox 409 955 514 1070; x_wconf 82' lang='lat' dir='ltr'><strong>deinde</strong></span> <span class='ocrx_word' id='word_1_81' title='bbox 534 1005 687 1092; x_wconf 73' lang='lat' dir='ltr'><strong>singularis</strong></span> <span class='ocrx_word' id='word_1_82' title='bbox 707 1011 838 1088; x_wconf 88' lang='lat' dir='ltr'><strong>bouitas,</strong></span> <span class='ocrx_word' id='word_1_83' title='bbox 863 1035 938 1094; x_wconf 88' lang='lat' dir='ltr'><strong>quae</strong></span> <span class='ocrx_word' id='word_1_84' title='bbox 958 1037 1024 1087; x_wconf 84' lang='lat' dir='ltr'><strong>cum</strong></span> <span class='ocrx_word' id='word_1_85' title='bbox 1044 1016 1196 1078; x_wconf 81' lang='lat' dir='ltr'><strong>bomintun</strong></span> <span class='ocrx_word' id='word_1_86' title='bbox 1273 1071 1290 1089; x_wconf 32' lang='lat' dir='ltr'><strong>q</strong></span> 
     </span>
    </p>
   </div>
   <div class='ocr_carea' id='block_1_4' title="bbox 52 1084 1369 1325">
    <p class='ocr_par' dir='ltr' id='par_1_5' title="bbox 52 1084 1369 1325">
     <span class='ocr_line' id='line_1_11' title="bbox 52 1084 1197 1169; baseline 0.008 -25"><span class='ocrx_word' id='word_1_87' title='bbox 52 1085 164 1146; x_wconf 89' lang='lat' dir='ltr'><strong>malitia</strong></span> <span class='ocrx_word' id='word_1_88' title='bbox 189 1097 223 1144; x_wconf 87' lang='lat' dir='ltr'><strong>et</strong></span> <span class='ocrx_word' id='word_1_89' title='bbox 240 1084 455 1166; x_wconf 80' lang='lat' dir='ltr'><strong>ingratitudine</strong></span> <span class='ocrx_word' id='word_1_90' title='bbox 475 1097 577 1146; x_wconf 88' lang='lat' dir='ltr'><strong>certat.</strong></span> <span class='ocrx_word' id='word_1_91' title='bbox 610 1086 701 1162; x_wconf 89' lang='lat' dir='ltr'><strong>Quod</strong></span> <span class='ocrx_word' id='word_1_92' title='bbox 718 1087 853 1150; x_wconf 88' lang='lat' dir='ltr'><strong>meliusli</strong></span> <span class='ocrx_word' id='word_1_93' title='bbox 876 1104 926 1152; x_wconf 90' lang='lat' dir='ltr'><strong>uet</strong></span> <span class='ocrx_word' id='word_1_94' title='bbox 936 1114 970 1152; x_wconf 83' lang='lat' dir='ltr'><strong>ex</strong></span> <span class='ocrx_word' id='word_1_95' title='bbox 980 1091 1077 1152; x_wconf 89' lang='lat' dir='ltr'><strong>verbis</strong></span> <span class='ocrx_word' id='word_1_96' title='bbox 1087 1089 1197 1169; x_wconf 86' lang='lat' dir='ltr'><strong>Lucae,</strong></span> 
     </span>
     <span class='ocr_line' id='line_1_12' title="bbox 52 1113 1369 1246; baseline 0.007 -24"><span class='ocrx_word' id='word_1_97' title='bbox 52 1177 134 1222; x_wconf 67' lang='lat' dir='ltr'><strong>estem</strong></span> <span class='ocrx_word' id='word_1_98' title='bbox 153 1159 378 1236; x_wconf 52' lang='lat' dir='ltr'><strong>edwardo,</strong></span> <span class='ocrx_word' id='word_1_99' title='bbox 397 1165 469 1224; x_wconf 74' lang='lat' dir='ltr'><strong>sirau</strong></span> <span class='ocrx_word' id='word_1_100' title='bbox 482 1175 570 1238; x_wconf 76' lang='lat' dir='ltr'><strong>puter</strong></span> <span class='ocrx_word' id='word_1_101' title='bbox 588 1177 677 1224; x_wconf 67' lang='lat' dir='ltr'><strong>osmer</strong></span> <span class='ocrx_word' id='word_1_102' title='bbox 694 1163 828 1224; x_wconf 85' lang='lat' dir='ltr'><strong>coelestis.</strong></span> <span class='ocrx_word' id='word_1_103' title='bbox 856 1113 1097 1246; x_wconf 66' lang='lat' dir='ltr'><strong>⁴lliserieordiam</strong></span> <span class='ocrx_word' id='word_1_104' title='bbox 1118 1169 1197 1230; x_wconf 91' lang='lat' dir='ltr'><strong>euim</strong></span> <span class='ocrx_word' id='word_1_105' title='bbox 1251 1207 1261 1226; x_wconf 57' lang='lat' dir='ltr'><strong>s</strong></span> <span class='ocrx_word' id='word_1_106' title='bbox 1281 1184 1289 1207; x_wconf 62' lang='lat' dir='ltr'><strong>t</strong></span> <span class='ocrx_word' id='word_1_107' title='bbox 1366 1165 1369 1176; x_wconf 72' lang='grc'>’</span> 
     </span>
     <span class='ocr_line' id='line_1_13' title="bbox 52 1237 1141 1325; baseline 0.006 -27"><span class='ocrx_word' id='word_1_108' title='bbox 52 1237 244 1300; x_wconf 85' lang='lat' dir='ltr'><strong>mercenario</strong></span> <span class='ocrx_word' id='word_1_109' title='bbox 266 1238 440 1318; x_wconf 87' lang='lat' dir='ltr'><strong>opponitur,</strong></span> <span class='ocrx_word' id='word_1_110' title='bbox 460 1238 511 1320; x_wconf 89' lang='lat' dir='ltr'><strong>qui</strong></span> <span class='ocrx_word' id='word_1_111' title='bbox 530 1239 645 1319; x_wconf 84' lang='lat' dir='ltr'><strong>privato</strong></span> <span class='ocrx_word' id='word_1_112' title='bbox 665 1237 974 1325; x_wconf 69' lang='lat' dir='ltr'><strong>commodoalligatus</strong></span> <span class='ocrx_word' id='word_1_113' title='bbox 994 1256 1045 1304; x_wconf 88' lang='lat' dir='ltr'><strong>est.</strong></span> <span class='ocrx_word' id='word_1_114' title='bbox 1077 1305 1080 1316; x_wconf 84' lang='grc'>,</span> <span class='ocrx_word' id='word_1_115' title='bbox 1138 1309 1141 1318; x_wconf 31' lang='lat'><strong>¹</strong></span> 
     </span>
    </p>
   </div>
   <div class='ocr_carea' id='block_1_5' title="bbox 54 1449 1305 2458">
    <p class='ocr_par' dir='ltr' id='par_1_6' title="bbox 54 1449 1305 2260">
     <span class='ocr_line' id='line_1_14' title="bbox 90 1449 1197 1557; baseline 0.008 -23"><span class='ocrx_word' id='word_1_116' title='bbox 90 1471 181 1550; x_wconf 79' lang='lat'>(52)</span> <span class='ocrx_word' id='word_1_117' title='bbox 212 1449 454 1532; x_wconf 65' lang='lat' dir='ltr'><strong>usumve</strong></span> <span class='ocrx_word' id='word_1_118' title='bbox 496 1467 524 1534; x_wconf 87' lang='lat'><strong>1.</strong></span> <span class='ocrx_word' id='word_1_119' title='bbox 545 1465 781 1548; x_wconf 62' lang='lat' dir='ltr'><strong>Attendimus</strong></span> <span class='ocrx_word' id='word_1_120' title='bbox 803 1459 1043 1557; x_wconf 80' lang='lat' dir='ltr'><strong>eleemosynam</strong></span> <span class='ocrx_word' id='word_1_121' title='bbox 1059 1482 1197 1543; x_wconf 85' lang='lat' dir='ltr'><strong>vestram</strong></span> 
     </span>
     <span class='ocr_line' id='line_1_15' title="bbox 55 1565 1198 1662; baseline 0.004 -26"><span class='ocrx_word' id='word_1_122' title='bbox 55 1573 228 1656; x_wconf 85' lang='lat' dir='ltr'><strong>praestetis</strong></span> <span class='ocrx_word' id='word_1_123' title='bbox 250 1589 360 1634; x_wconf 86' lang='lat' dir='ltr'><strong>coram</strong></span> <span class='ocrx_word' id='word_1_124' title='bbox 383 1565 580 1649; x_wconf 85' lang='lat' dir='ltr'><strong>bominibus,</strong></span> <span class='ocrx_word' id='word_1_125' title='bbox 601 1593 667 1656; x_wconf 89' lang='lat' dir='ltr'><strong>quo</strong></span> <span class='ocrx_word' id='word_1_126' title='bbox 689 1573 876 1656; x_wconf 75' lang='lat' dir='ltr'><strong>spectamini</strong></span> <span class='ocrx_word' id='word_1_127' title='bbox 899 1570 940 1635; x_wconf 85' lang='lat' dir='ltr'><strong>ab</strong></span> <span class='ocrx_word' id='word_1_128' title='bbox 961 1572 1041 1638; x_wconf 88' lang='lat' dir='ltr'><strong>illis:</strong></span> <span class='ocrx_word' id='word_1_129' title='bbox 1055 1571 1060 1611; x_wconf 85' lang='grc'><strong>’·</strong></span> <span class='ocrx_word' id='word_1_130' title='bbox 1074 1573 1198 1662; x_wconf 83' lang='lat' dir='ltr'><strong>alipqui</strong></span> 
     </span>
     <span class='ocr_line' id='line_1_16' title="bbox 54 1666 1198 1761; baseline 0.004 -26"><span class='ocrx_word' id='word_1_131' title='bbox 54 1671 243 1738; x_wconf 83' lang='lat' dir='ltr'><strong>mercedem</strong></span> <span class='ocrx_word' id='word_1_132' title='bbox 270 1691 339 1734; x_wconf 88' lang='lat' dir='ltr'><strong>uon</strong></span> <span class='ocrx_word' id='word_1_133' title='bbox 370 1666 495 1733; x_wconf 87' lang='lat' dir='ltr'><strong>habetis</strong></span> <span class='ocrx_word' id='word_1_134' title='bbox 522 1669 608 1756; x_wconf 87' lang='lat' dir='ltr'><strong>apud</strong></span> <span class='ocrx_word' id='word_1_135' title='bbox 631 1671 756 1736; x_wconf 84' lang='lat' dir='ltr'><strong>Patrem</strong></span> <span class='ocrx_word' id='word_1_136' title='bbox 778 1682 932 1750; x_wconf 87' lang='lat' dir='ltr'><strong>vestrum,</strong></span> <span class='ocrx_word' id='word_1_137' title='bbox 962 1675 1072 1761; x_wconf 90' lang='lat' dir='ltr'><strong>quiin</strong></span> <span class='ocrx_word' id='word_1_138' title='bbox 1094 1673 1198 1741; x_wconf 87' lang='lat' dir='ltr'><strong>coelis</strong></span> 
     </span>
     <span class='ocr_line' id='line_1_17' title="bbox 56 1767 1197 1858; baseline 0.008 -22"><span class='ocrx_word' id='word_1_139' title='bbox 56 1783 109 1838; x_wconf 82' lang='lat' dir='ltr'><strong>est</strong></span> <span class='ocrx_word' id='word_1_140' title='bbox 151 1773 187 1836; x_wconf 75' lang='lat'><em>2</em></span> <span class='ocrx_word' id='word_1_141' title='bbox 223 1771 337 1856; x_wconf 89' lang='lat' dir='ltr'><strong>Itaque</strong></span> <span class='ocrx_word' id='word_1_142' title='bbox 366 1790 463 1856; x_wconf 91' lang='lat' dir='ltr'><strong>quum</strong></span> <span class='ocrx_word' id='word_1_143' title='bbox 484 1781 626 1855; x_wconf 85' lang='lat' dir='ltr'><strong>praestas</strong></span> <span class='ocrx_word' id='word_1_144' title='bbox 648 1767 977 1858; x_wconf 79' lang='lat' dir='ltr'><strong>eleemosynam‚&#39;&#39;ne</strong></span> <span class='ocrx_word' id='word_1_145' title='bbox 994 1767 1080 1842; x_wconf 85' lang='lat' dir='ltr'><strong>tobis</strong></span> <span class='ocrx_word' id='word_1_146' title='bbox 1101 1797 1197 1852; x_wconf 80' lang='lat' dir='ltr'><strong>cane·</strong></span> 
     </span>
     <span class='ocr_line' id='line_1_18' title="bbox 57 1861 1305 1962; baseline 0.007 -26"><span class='ocrx_word' id='word_1_147' title='bbox 57 1885 107 1938; x_wconf 90' lang='lat' dir='ltr'><strong>tur</strong></span> <span class='ocrx_word' id='word_1_148' title='bbox 136 1883 215 1938; x_wconf 83' lang='lat' dir='ltr'><strong>aute</strong></span> <span class='ocrx_word' id='word_1_149' title='bbox 238 1882 285 1952; x_wconf 75' lang='lat' dir='ltr'><strong>te,</strong></span> <span class='ocrx_word' id='word_1_150' title='bbox 318 1869 589 1956; x_wconf 82' lang='lat' dir='ltr'><strong>quemadmodum</strong></span> <span class='ocrx_word' id='word_1_151' title='bbox 612 1870 804 1956; x_wconf 81' lang='lat' dir='ltr'><strong>hypocritae</strong></span> <span class='ocrx_word' id='word_1_152' title='bbox 826 1861 947 1940; x_wconf 79' lang='lat' dir='ltr'><strong>iaciunt</strong></span> <span class='ocrx_word' id='word_1_153' title='bbox 966 1877 1001 1939; x_wconf 88' lang='lat' dir='ltr'><strong>ln</strong></span> <span class='ocrx_word' id='word_1_154' title='bbox 1021 1879 1196 1962; x_wconf 71' lang='lat' dir='ltr'><strong>synagogis</strong></span> <span class='ocrx_word' id='word_1_155' title='bbox 1301 1891 1305 1908; x_wconf 81' lang='lat'><strong>¹</strong></span> 
     </span>
     <span class='ocr_line' id='line_1_19' title="bbox 57 1959 1197 2056; baseline 0.004 -20"><span class='ocrx_word' id='word_1_156' title='bbox 57 1983 87 2036; x_wconf 89' lang='lat' dir='ltr'><strong>et</strong></span> <span class='ocrx_word' id='word_1_157' title='bbox 107 1975 142 2036; x_wconf 88' lang='lat' dir='ltr'><strong>iu</strong></span> <span class='ocrx_word' id='word_1_158' title='bbox 165 1971 264 2049; x_wconf 83' lang='lat' dir='ltr'><strong>vicis,</strong></span> <span class='ocrx_word' id='word_1_159' title='bbox 291 1981 326 2035; x_wconf 93' lang='lat' dir='ltr'><strong>ut</strong></span> <span class='ocrx_word' id='word_1_160' title='bbox 347 1968 569 2055; x_wconf 81' lang='lat' dir='ltr'><strong>glorificentur</strong></span> <span class='ocrx_word' id='word_1_161' title='bbox 590 1970 633 2035; x_wconf 85' lang='lat' dir='ltr'><strong>ab</strong></span> <span class='ocrx_word' id='word_1_162' title='bbox 655 1972 854 2038; x_wconf 86' lang='lat' dir='ltr'><strong>hominibus:</strong></span> <span class='ocrx_word' id='word_1_163' title='bbox 881 1959 972 2039; x_wconf 76' lang='lat' dir='ltr'><strong>dinen</strong></span> <span class='ocrx_word' id='word_1_164' title='bbox 995 1974 1197 2056; x_wconf 81' lang='lat' dir='ltr'><strong>dicovobis,</strong></span> 
     </span>
     <span class='ocr_line' id='line_1_20' title="bbox 58 2071 1196 2170; baseline 0.009 -35"><span class='ocrx_word' id='word_1_165' title='bbox 58 2072 180 2138; x_wconf 84' lang='lat' dir='ltr'><strong>babent</strong></span> <span class='ocrx_word' id='word_1_166' title='bbox 209 2071 397 2168; x_wconf 84' lang='lat' dir='ltr'><strong>merpedetu</strong></span> <span class='ocrx_word' id='word_1_167' title='bbox 425 2093 524 2136; x_wconf 85' lang='lat' dir='ltr'><strong>suam.</strong></span> <span class='ocrx_word' id='word_1_168' title='bbox 564 2073 594 2138; x_wconf 81' lang='lat'><strong>3.</strong></span> <span class='ocrx_word' id='word_1_169' title='bbox 623 2071 878 2170; x_wconf 65' lang='lat' dir='ltr'><strong>Caeterpm,‚tu</strong></span> <span class='ocrx_word' id='word_1_170' title='bbox 899 2074 1196 2162; x_wconf 84' lang='lat' dir='ltr'><strong>quumpraestahis</strong></span> 
     </span>
     <span class='ocr_line' id='line_1_21' title="bbox 58 2171 1192 2260; baseline 0.005 -22"><span class='ocrx_word' id='word_1_171' title='bbox 58 2174 318 2258; x_wconf 76' lang='lat' dir='ltr'><strong>eleemosynam,</strong></span> <span class='ocrx_word' id='word_1_172' title='bbox 352 2171 475 2236; x_wconf 83' lang='lat' dir='ltr'><strong>nesciet</strong></span> <span class='ocrx_word' id='word_1_173' title='bbox 502 2175 628 2238; x_wconf 88' lang='lat' dir='ltr'><strong>sinistra</strong></span> <span class='ocrx_word' id='word_1_174' title='bbox 656 2184 724 2251; x_wconf 85' lang='lat' dir='ltr'><strong>tua,</strong></span> <span class='ocrx_word' id='word_1_175' title='bbox 756 2173 844 2260; x_wconf 91' lang='lat' dir='ltr'><strong>quod</strong></span> <span class='ocrx_word' id='word_1_176' title='bbox 875 2173 950 2240; x_wconf 88' lang='lat' dir='ltr'><strong>lacit</strong></span> <span class='ocrx_word' id='word_1_177' title='bbox 970 2175 1102 2243; x_wconf 81' lang='lat' dir='ltr'><strong>dextera</strong></span> <span class='ocrx_word' id='word_1_178' title='bbox 1124 2189 1192 2258; x_wconf 83' lang='lat' dir='ltr'><strong>tna,</strong></span> 
     </span>
    </p>

    <p class='ocr_par' dir='ltr' id='par_1_7' title="bbox 57 2271 1195 2458">
     <span class='ocr_line' id='line_1_22' title="bbox 57 2271 1195 2364; baseline 0.004 -24"><span class='ocrx_word' id='word_1_179' title='bbox 57 2275 85 2339; x_wconf 74' lang='lat' dir='ltr'><strong>l</strong></span> <span class='ocrx_word' id='word_1_180' title='bbox 105 2277 151 2340; x_wconf 91' lang='lat' dir='ltr'><strong>Ut</strong></span> <span class='ocrx_word' id='word_1_181' title='bbox 172 2277 214 2340; x_wconf 86' lang='lat' dir='ltr'><strong>sit</strong></span> <span class='ocrx_word' id='word_1_182' title='bbox 237 2271 451 2355; x_wconf 83' lang='lat' dir='ltr'><strong>eleemosyna</strong></span> <span class='ocrx_word' id='word_1_183' title='bbox 472 2281 527 2336; x_wconf 86' lang='lat' dir='ltr'><strong>tua</strong></span> <span class='ocrx_word' id='word_1_184' title='bbox 548 2275 580 2337; x_wconf 87' lang='lat' dir='ltr'><strong>iu</strong></span> <span class='ocrx_word' id='word_1_185' title='bbox 604 2272 743 2351; x_wconf 89' lang='lat' dir='ltr'><strong>occulto,</strong></span> <span class='ocrx_word' id='word_1_186' title='bbox 764 2274 902 2340; x_wconf 82' lang='lat' dir='ltr'><strong>etPater</strong></span> <span class='ocrx_word' id='word_1_187' title='bbox 921 2286 1004 2354; x_wconf 86' lang='lat' dir='ltr'><strong>tuus,</strong></span> <span class='ocrx_word' id='word_1_188' title='bbox 1025 2281 1082 2364; x_wconf 90' lang='lat' dir='ltr'><strong>qui</strong></span> <span class='ocrx_word' id='word_1_189' title='bbox 1105 2277 1195 2345; x_wconf 84' lang='lat' dir='ltr'><strong>videt</strong></span> 
     </span>
     <span class='ocr_line' id='line_1_23' title="bbox 59 2370 1171 2458; baseline -0.001 -20"><span class='ocrx_word' id='word_1_190' title='bbox 59 2377 91 2440; x_wconf 90' lang='lat' dir='ltr'><strong>in</strong></span> <span class='ocrx_word' id='word_1_191' title='bbox 111 2373 254 2452; x_wconf 87' lang='lat' dir='ltr'><strong>occulto,</strong></span> <span class='ocrx_word' id='word_1_192' title='bbox 275 2371 395 2438; x_wconf 85' lang='lat' dir='ltr'><strong>reddet</strong></span> <span class='ocrx_word' id='word_1_193' title='bbox 415 2370 474 2438; x_wconf 88' lang='lat' dir='ltr'><strong>tibi</strong></span> <span class='ocrx_word' id='word_1_194' title='bbox 495 2371 529 2438; x_wconf 92' lang='lat' dir='ltr'><strong>in</strong></span> <span class='ocrx_word' id='word_1_195' title='bbox 549 2371 740 2458; x_wconf 52' lang='lat' dir='ltr'><strong>propatulo(</strong></span> <span class='ocrx_word' id='word_1_196' title='bbox 1135 2373 1171 2388; x_wconf 83' lang='grc'><strong>”“</strong></span> 
     </span>
    </p>
   </div>
   <div class='ocr_carea' id='block_1_6' title="bbox 34 2531 1322 4452">
    <p class='ocr_par' dir='ltr' id='par_1_8' title="bbox 59 2531 1322 3000">
     <span class='ocr_line' id='line_1_24' title="bbox 128 2531 1195 2602; baseline 0.006 -5"><span class='ocrx_word' id='word_1_197' title='bbox 128 2537 237 2598; x_wconf 77' lang='lat' dir='ltr'><strong>ttattt.</strong></span> <span class='ocrx_word' id='word_1_198' title='bbox 262 2543 290 2602; x_wconf 93' lang='lat'><strong>1.</strong></span> <span class='ocrx_word' id='word_1_199' title='bbox 326 2531 476 2596; x_wconf 73' lang='lat' dir='ltr'><strong>Attendite</strong></span> <span class='ocrx_word' id='word_1_200' title='bbox 493 2551 545 2596; x_wconf 83' lang='lat' dir='ltr'><strong>ete.</strong></span> <span class='ocrx_word' id='word_1_201' title='bbox 584 2535 652 2596; x_wconf 89' lang='lat' dir='ltr'><strong>Hoc</strong></span> <span class='ocrx_word' id='word_1_202' title='bbox 672 2535 830 2598; x_wconf 75' lang='lat' dir='ltr'><strong>locosuos</strong></span> <span class='ocrx_word' id='word_1_203' title='bbox 849 2538 984 2598; x_wconf 87' lang='lat' dir='ltr'><strong>hortatur</strong></span> <span class='ocrx_word' id='word_1_204' title='bbox 1004 2536 1137 2602; x_wconf 80' lang='lat' dir='ltr'><strong>Christus</strong></span> <span class='ocrx_word' id='word_1_205' title='bbox 1156 2541 1195 2602; x_wconf 86' lang='lat' dir='ltr'><strong>ad</strong></span> 
     </span>
     <span class='ocr_line' id='line_1_25' title="bbox 59 2611 1194 2692; baseline 0.004 -20"><span class='ocrx_word' id='word_1_206' title='bbox 59 2617 199 2676; x_wconf 84' lang='lat' dir='ltr'><strong>siureurrn</strong></span> <span class='ocrx_word' id='word_1_207' title='bbox 222 2613 374 2676; x_wconf 88' lang='lat' dir='ltr'><strong>bonorum</strong></span> <span class='ocrx_word' id='word_1_208' title='bbox 395 2633 518 2692; x_wconf 91' lang='lat' dir='ltr'><strong>operum</strong></span> <span class='ocrx_word' id='word_1_209' title='bbox 538 2611 682 2686; x_wconf 87' lang='lat' dir='ltr'><strong>studium,</strong></span> <span class='ocrx_word' id='word_1_210' title='bbox 706 2613 765 2674; x_wconf 90' lang='lat' dir='ltr'><strong>hoe</strong></span> <span class='ocrx_word' id='word_1_211' title='bbox 786 2625 845 2688; x_wconf 85' lang='lat' dir='ltr'><strong>est,</strong></span> <span class='ocrx_word' id='word_1_212' title='bbox 870 2625 904 2674; x_wconf 92' lang='lat' dir='ltr'><strong>ut</strong></span> <span class='ocrx_word' id='word_1_213' title='bbox 922 2613 1095 2692; x_wconf 86' lang='lat' dir='ltr'><strong>simpliciter</strong></span> <span class='ocrx_word' id='word_1_214' title='bbox 1112 2627 1194 2677; x_wconf 86' lang='lat' dir='ltr'><strong>recte</strong></span> 
     </span>
     <span class='ocr_line' id='line_1_26' title="bbox 61 2687 1194 2762; baseline 0.005 -14"><span class='ocrx_word' id='word_1_215' title='bbox 61 2691 153 2751; x_wconf 86' lang='lat' dir='ltr'><strong>lacere</strong></span> <span class='ocrx_word' id='word_1_216' title='bbox 181 2691 324 2752; x_wconf 87' lang='lat' dir='ltr'><strong>studeant</strong></span> <span class='ocrx_word' id='word_1_217' title='bbox 348 2710 444 2748; x_wconf 84' lang='lat' dir='ltr'><strong>coram</strong></span> <span class='ocrx_word' id='word_1_218' title='bbox 470 2687 555 2762; x_wconf 90' lang='lat' dir='ltr'><strong>Deo,</strong></span> <span class='ocrx_word' id='word_1_219' title='bbox 584 2708 646 2748; x_wconf 89' lang='lat' dir='ltr'><strong>non</strong></span> <span class='ocrx_word' id='word_1_220' title='bbox 672 2700 769 2748; x_wconf 89' lang='lat' dir='ltr'><strong>autem</strong></span> <span class='ocrx_word' id='word_1_221' title='bbox 793 2711 825 2748; x_wconf 94' lang='lat' dir='ltr'><strong>se</strong></span> <span class='ocrx_word' id='word_1_222' title='bbox 846 2687 1013 2750; x_wconf 90' lang='lat' dir='ltr'><strong>bominibus</strong></span> <span class='ocrx_word' id='word_1_223' title='bbox 1034 2702 1194 2754; x_wconf 86' lang='lat' dir='ltr'><strong>ostentent.</strong></span> 
     </span>
     <span class='ocr_line' id='line_1_27' title="bbox 61 2763 1195 2847; baseline 0 -21"><span class='ocrx_word' id='word_1_224' title='bbox 61 2769 233 2830; x_wconf 73' lang='lat' dir='ltr'><strong>Admonitio</strong></span> <span class='ocrx_word' id='word_1_225' title='bbox 254 2765 397 2847; x_wconf 81' lang='lat' dir='ltr'><strong>imprimis</strong></span> <span class='ocrx_word' id='word_1_226' title='bbox 416 2764 593 2838; x_wconf 85' lang='lat' dir='ltr'><strong>necessaria,</strong></span> <span class='ocrx_word' id='word_1_227' title='bbox 625 2763 691 2844; x_wconf 85' lang='lat' dir='ltr'><strong>quia</strong></span> <span class='ocrx_word' id='word_1_228' title='bbox 711 2765 833 2826; x_wconf 88' lang='lat' dir='ltr'><strong>ambitio</strong></span> <span class='ocrx_word' id='word_1_229' title='bbox 852 2785 969 2846; x_wconf 83' lang='lat' dir='ltr'><strong>semper</strong></span> <span class='ocrx_word' id='word_1_230' title='bbox 988 2765 1018 2825; x_wconf 91' lang='lat' dir='ltr'><strong>in</strong></span> <span class='ocrx_word' id='word_1_231' title='bbox 1038 2767 1195 2838; x_wconf 73' lang='lat' dir='ltr'><strong>virtutibus</strong></span> 
     </span>
     <span class='ocr_line' id='line_1_28' title="bbox 61 2839 1194 2922; baseline 0.004 -20"><span class='ocrx_word' id='word_1_232' title='bbox 61 2845 185 2906; x_wconf 83' lang='lat' dir='ltr'><strong>timenda</strong></span> <span class='ocrx_word' id='word_1_233' title='bbox 212 2857 273 2920; x_wconf 87' lang='lat' dir='ltr'><strong>est,</strong></span> <span class='ocrx_word' id='word_1_234' title='bbox 305 2863 361 2903; x_wconf 90' lang='lat' dir='ltr'><strong>nec</strong></span> <span class='ocrx_word' id='word_1_235' title='bbox 389 2839 479 2900; x_wconf 89' lang='lat' dir='ltr'><strong>ullum</strong></span> <span class='ocrx_word' id='word_1_236' title='bbox 505 2852 550 2902; x_wconf 90' lang='lat' dir='ltr'><strong>est</strong></span> <span class='ocrx_word' id='word_1_237' title='bbox 573 2861 647 2920; x_wconf 88' lang='lat' dir='ltr'><strong>opus</strong></span> <span class='ocrx_word' id='word_1_238' title='bbox 671 2853 731 2901; x_wconf 86' lang='lat' dir='ltr'><strong>tam</strong></span> <span class='ocrx_word' id='word_1_239' title='bbox 750 2841 911 2918; x_wconf 85' lang='lat' dir='ltr'><strong>laudabile,</strong></span> <span class='ocrx_word' id='word_1_240' title='bbox 942 2841 1022 2922; x_wconf 89' lang='lat' dir='ltr'><strong>quod</strong></span> <span class='ocrx_word' id='word_1_241' title='bbox 1042 2861 1104 2905; x_wconf 90' lang='lat' dir='ltr'><strong>non</strong></span> <span class='ocrx_word' id='word_1_242' title='bbox 1123 2843 1194 2906; x_wconf 86' lang='lat' dir='ltr'><strong>inde</strong></span> 
     </span>
     <span class='ocr_line' id='line_1_29' title="bbox 61 2915 1322 3000; baseline 0.002 -20"><span class='ocrx_word' id='word_1_243' title='bbox 61 2942 143 3000; x_wconf 83' lang='lat' dir='ltr'><strong>saepe</strong></span> <span class='ocrx_word' id='word_1_244' title='bbox 166 2921 265 2982; x_wconf 81' lang='lat' dir='ltr'><strong>vitiari</strong></span> <span class='ocrx_word' id='word_1_245' title='bbox 293 2931 324 2980; x_wconf 85' lang='lat' dir='ltr'><strong>et</strong></span> <span class='ocrx_word' id='word_1_246' title='bbox 343 2915 437 2997; x_wconf 91' lang='lat' dir='ltr'><strong>pollui</strong></span> <span class='ocrx_word' id='word_1_247' title='bbox 458 2917 620 3000; x_wconf 85' lang='lat' dir='ltr'><strong>contingat.</strong></span> <span class='ocrx_word' id='word_1_248' title='bbox 659 2917 817 2980; x_wconf 78' lang='lat' dir='ltr'><strong>Caeterum</strong></span> <span class='ocrx_word' id='word_1_249' title='bbox 837 2939 892 2999; x_wconf 87' lang='lat' dir='ltr'><strong>per</strong></span> <span class='ocrx_word' id='word_1_250' title='bbox 910 2919 1117 3000; x_wconf 84' lang='lat' dir='ltr'><strong>synecdochen</strong></span> <span class='ocrx_word' id='word_1_251' title='bbox 1137 2921 1192 2983; x_wconf 87' lang='lat' dir='ltr'><strong>sub</strong></span> <span class='ocrx_word' id='word_1_252' title='bbox 1265 2961 1269 2966; x_wconf 90' lang='lat'><em>-</em></span> <span class='ocrx_word' id='word_1_253' title='bbox 1319 2957 1322 2962; x_wconf 78' lang='lat'><em>,</em></span> 
     </span>
    </p>

    <p class='ocr_par' dir='ltr' id='par_1_9' title="bbox 34 2993 1295 3460">
     <span class='ocr_line' id='line_1_30' title="bbox 34 2993 1194 3128; baseline 0.005 -74"><span class='ocrx_word' id='word_1_254' title='bbox 34 3057 43 3068; x_wconf 71' lang='grc'><strong><em>,</em></strong></span> <span class='ocrx_word' id='word_1_255' title='bbox 64 3019 117 3056; x_wconf 90' lang='lat' dir='ltr'><strong>una</strong></span> <span class='ocrx_word' id='word_1_256' title='bbox 135 2999 235 3080; x_wconf 83' lang='lat' dir='ltr'><strong>speeie</strong></span> <span class='ocrx_word' id='word_1_257' title='bbox 257 2996 383 3056; x_wconf 90' lang='lat' dir='ltr'><strong>traditur</strong></span> <span class='ocrx_word' id='word_1_258' title='bbox 401 2993 546 3128; x_wconf 62' lang='lat' dir='ltr'><strong>peneralis</strong></span> <span class='ocrx_word' id='word_1_259' title='bbox 567 2995 714 3054; x_wconf 87' lang='lat' dir='ltr'><strong>doctrina:</strong></span> <span class='ocrx_word' id='word_1_260' title='bbox 734 2994 772 3056; x_wconf 92' lang='lat' dir='ltr'><strong>de</strong></span> <span class='ocrx_word' id='word_1_261' title='bbox 784 2995 978 3077; x_wconf 88' lang='lat' dir='ltr'><strong>eleemosynis</strong></span> <span class='ocrx_word' id='word_1_262' title='bbox 990 2995 1067 3056; x_wconf 88' lang='lat' dir='ltr'><strong>enim</strong></span> <span class='ocrx_word' id='word_1_263' title='bbox 1079 3007 1194 3060; x_wconf 79' lang='lat' dir='ltr'><strong>tantun</strong></span> 
     </span>
     <span class='ocr_line' id='line_1_31' title="bbox 61 3070 1193 3152; baseline 0.004 -22"><span class='ocrx_word' id='word_1_264' title='bbox 61 3073 204 3152; x_wconf 85' lang='lat' dir='ltr'><strong>loquitur,</strong></span> <span class='ocrx_word' id='word_1_265' title='bbox 232 3073 322 3134; x_wconf 89' lang='lat' dir='ltr'><strong>sicuti</strong></span> <span class='ocrx_word' id='word_1_266' title='bbox 345 3091 434 3151; x_wconf 81' lang='lat' dir='ltr'><strong>pauo</strong></span> <span class='ocrx_word' id='word_1_267' title='bbox 460 3082 529 3150; x_wconf 91' lang='lat' dir='ltr'><strong>post</strong></span> <span class='ocrx_word' id='word_1_268' title='bbox 551 3071 587 3130; x_wconf 92' lang='lat' dir='ltr'><strong>de</strong></span> <span class='ocrx_word' id='word_1_269' title='bbox 607 3070 752 3150; x_wconf 89' lang='lat' dir='ltr'><strong>precibus.</strong></span> <span class='ocrx_word' id='word_1_270' title='bbox 794 3072 971 3152; x_wconf 83' lang='lat' dir='ltr'><strong>Quanquam</strong></span> <span class='ocrx_word' id='word_1_271' title='bbox 991 3072 1021 3130; x_wconf 92' lang='lat' dir='ltr'><strong>in</strong></span> <span class='ocrx_word' id='word_1_272' title='bbox 1041 3073 1193 3144; x_wconf 80' lang='lat' dir='ltr'><strong>nonnullis</strong></span> 
     </span>
     <span class='ocr_line' id='line_1_32' title="bbox 62 3145 1193 3231; baseline 0.004 -23"><span class='ocrx_word' id='word_1_273' title='bbox 62 3150 270 3231; x_wconf 80' lang='lat' dir='ltr'><strong>exemplaribus</strong></span> <span class='ocrx_word' id='word_1_274' title='bbox 300 3168 358 3228; x_wconf 92' lang='lat' dir='ltr'><strong>pro</strong></span> <span class='ocrx_word' id='word_1_275' title='bbox 386 3147 567 3225; x_wconf 76' lang='lat' dir='ltr'><strong>eleemosynis</strong></span> <span class='ocrx_word' id='word_1_276' title='bbox 595 3145 717 3227; x_wconf 89' lang='lat' dir='ltr'><strong>ponitur</strong></span> <span class='ocrx_word' id='word_1_277' title='bbox 740 3168 850 3209; x_wconf 89' lang='lat' dir='ltr'><strong>nomeu</strong></span> <span class='ocrx_word' id='word_1_278' title='bbox 874 3151 1012 3222; x_wconf 74' lang='lat' dir='ltr'><strong>iustitiae,</strong></span> <span class='ocrx_word' id='word_1_279' title='bbox 1051 3153 1193 3228; x_wconf 78' lang='lat' dir='ltr'><strong>quemad-</strong></span> 
     </span>
     <span class='ocr_line' id='line_1_33' title="bbox 62 3223 1295 3304; baseline 0.002 -20"><span class='ocrx_word' id='word_1_280' title='bbox 62 3227 291 3286; x_wconf 86' lang='lat' dir='ltr'><strong>modum-etiam</strong></span> <span class='ocrx_word' id='word_1_281' title='bbox 315 3223 443 3286; x_wconf 86' lang='lat' dir='ltr'><strong>reddidit</strong></span> <span class='ocrx_word' id='word_1_282' title='bbox 467 3235 549 3284; x_wconf 85' lang='lat' dir='ltr'><strong>vetus</strong></span> <span class='ocrx_word' id='word_1_283' title='bbox 575 3223 728 3303; x_wconf 85' lang='lat' dir='ltr'><strong>interpres.</strong></span> <span class='ocrx_word' id='word_1_284' title='bbox 773 3223 833 3304; x_wconf 89' lang='lat' dir='ltr'><strong>Sed</strong></span> <span class='ocrx_word' id='word_1_285' title='bbox 859 3225 890 3283; x_wconf 92' lang='lat' dir='ltr'><strong>in</strong></span> <span class='ocrx_word' id='word_1_286' title='bbox 911 3245 947 3284; x_wconf 91' lang='lat' dir='ltr'><strong>eo</strong></span> <span class='ocrx_word' id='word_1_287' title='bbox 969 3225 1042 3284; x_wconf 89' lang='lat' dir='ltr'><strong>nibil</strong></span> <span class='ocrx_word' id='word_1_288' title='bbox 1063 3239 1108 3286; x_wconf 88' lang='lat' dir='ltr'><strong>est</strong></span> <span class='ocrx_word' id='word_1_289' title='bbox 1125 3248 1193 3288; x_wconf 88' lang='lat' dir='ltr'><strong>mo·</strong></span> <span class='ocrx_word' id='word_1_290' title='bbox 1290 3277 1295 3286; x_wconf 84' lang='lat'><em>.</em></span> 
     </span>
     <span class='ocr_line' id='line_1_34' title="bbox 62 3299 1193 3390; baseline 0.003 -29"><span class='ocrx_word' id='word_1_291' title='bbox 62 3304 159 3378; x_wconf 75' lang='lat' dir='ltr'><strong>menti,</strong></span> <span class='ocrx_word' id='word_1_292' title='bbox 180 3303 248 3390; x_wconf 89' lang='lat' dir='ltr'><strong>quia</strong></span> <span class='ocrx_word' id='word_1_293' title='bbox 269 3315 397 3380; x_wconf 84' lang='lat' dir='ltr'><strong>utroque</strong></span> <span class='ocrx_word' id='word_1_294' title='bbox 417 3301 507 3360; x_wconf 90' lang='lat' dir='ltr'><strong>modo</strong></span> <span class='ocrx_word' id='word_1_295' title='bbox 527 3299 594 3358; x_wconf 90' lang='lat' dir='ltr'><strong>satis</strong></span> <span class='ocrx_word' id='word_1_296' title='bbox 614 3311 728 3358; x_wconf 88' lang='lat' dir='ltr'><strong>constat</strong></span> <span class='ocrx_word' id='word_1_297' title='bbox 748 3301 857 3382; x_wconf 85' lang='lat' dir='ltr'><strong>corrigi</strong></span> <span class='ocrx_word' id='word_1_298' title='bbox 866 3300 1033 3376; x_wconf 83' lang='lat' dir='ltr'><strong>ambitionis</strong></span> <span class='ocrx_word' id='word_1_299' title='bbox 1044 3302 1193 3380; x_wconf 77' lang='lat' dir='ltr'><strong>morbum,</strong></span> 
     </span>
     <span class='ocr_line' id='line_1_35' title="bbox 64 3374 881 3460; baseline 0 -24"><span class='ocrx_word' id='word_1_300' title='bbox 64 3379 127 3438; x_wconf 86' lang='lat' dir='ltr'><strong>dum</strong></span> <span class='ocrx_word' id='word_1_301' title='bbox 144 3391 225 3441; x_wconf 87' lang='lat' dir='ltr'><strong>reete</strong></span> <span class='ocrx_word' id='word_1_302' title='bbox 246 3379 365 3460; x_wconf 85' lang='lat' dir='ltr'><strong>agendo</strong></span> <span class='ocrx_word' id='word_1_303' title='bbox 384 3375 478 3460; x_wconf 82' lang='lat' dir='ltr'><strong>gloria</strong></span> <span class='ocrx_word' id='word_1_304' title='bbox 498 3374 534 3436; x_wconf 91' lang='lat' dir='ltr'><strong>ab</strong></span> <span class='ocrx_word' id='word_1_305' title='bbox 553 3375 721 3435; x_wconf 86' lang='lat' dir='ltr'><strong>hominibus</strong></span> <span class='ocrx_word' id='word_1_306' title='bbox 740 3387 881 3456; x_wconf 89' lang='lat' dir='ltr'><strong>captatur.</strong></span> 
     </span>
    </p>

    <p class='ocr_par' dir='ltr' id='par_1_10' title="bbox 64 3451 1193 4452">
     <span class='ocr_line' id='line_1_36' title="bbox 132 3451 1193 3540; baseline 0.004 -27"><span class='ocrx_word' id='word_1_307' title='bbox 132 3464 160 3522; x_wconf 78' lang='lat'><em>2</em></span> <span class='ocrx_word' id='word_1_308' title='bbox 202 3457 301 3540; x_wconf 75' lang='lat' dir='ltr'><strong>Quom</strong></span> <span class='ocrx_word' id='word_1_309' title='bbox 314 3466 450 3530; x_wconf 72' lang='lat' dir='ltr'><strong>procum</strong></span> <span class='ocrx_word' id='word_1_310' title='bbox 467 3451 679 3529; x_wconf 59' lang='lat' dir='ltr'><strong>elemosymam</strong></span> <span class='ocrx_word' id='word_1_311' title='bbox 718 3451 812 3512; x_wconf 82' lang='lat' dir='ltr'><strong>Taxat</strong></span> <span class='ocrx_word' id='word_1_312' title='bbox 830 3453 878 3514; x_wconf 90' lang='lat' dir='ltr'><strong>hic</strong></span> <span class='ocrx_word' id='word_1_313' title='bbox 897 3453 1069 3516; x_wconf 86' lang='lat' dir='ltr'><strong>nominatim</strong></span> <span class='ocrx_word' id='word_1_314' title='bbox 1088 3456 1193 3525; x_wconf 79' lang='lat' dir='ltr'><strong>uitium</strong></span> 
     </span>
     <span class='ocr_line' id='line_1_37' title="bbox 64 3527 1193 3620; baseline 0.001 -30"><span class='ocrx_word' id='word_1_315' title='bbox 64 3553 112 3591; x_wconf 87' lang='lat' dir='ltr'><strong>usu</strong></span> <span class='ocrx_word' id='word_1_316' title='bbox 136 3545 166 3592; x_wconf 91' lang='lat' dir='ltr'><strong>et</strong></span> <span class='ocrx_word' id='word_1_317' title='bbox 190 3529 406 3598; x_wconf 85' lang='lat' dir='ltr'><strong>cousuetudine</strong></span> <span class='ocrx_word' id='word_1_318' title='bbox 431 3542 600 3620; x_wconf 85' lang='lat' dir='ltr'><strong>receptum,</strong></span> <span class='ocrx_word' id='word_1_319' title='bbox 629 3527 660 3587; x_wconf 90' lang='lat' dir='ltr'><strong>iu</strong></span> <span class='ocrx_word' id='word_1_320' title='bbox 685 3549 745 3607; x_wconf 91' lang='lat' dir='ltr'><strong>quo</strong></span> <span class='ocrx_word' id='word_1_321' title='bbox 770 3549 831 3588; x_wconf 88' lang='lat' dir='ltr'><strong>non</strong></span> <span class='ocrx_word' id='word_1_322' title='bbox 850 3541 964 3596; x_wconf 85' lang='lat' dir='ltr'><strong>tanturn</strong></span> <span class='ocrx_word' id='word_1_323' title='bbox 981 3531 1080 3620; x_wconf 88' lang='lat' dir='ltr'><strong>palam</strong></span> <span class='ocrx_word' id='word_1_324' title='bbox 1099 3531 1193 3608; x_wconf 80' lang='lat' dir='ltr'><strong>cerui,</strong></span> 
     </span>
     <span class='ocr_line' id='line_1_38' title="bbox 64 3604 1192 3696; baseline 0.002 -30"><span class='ocrx_word' id='word_1_325' title='bbox 64 3609 110 3668; x_wconf 79' lang='lat' dir='ltr'><strong>sed</strong></span> <span class='ocrx_word' id='word_1_326' title='bbox 129 3607 262 3671; x_wconf 86' lang='lat' dir='ltr'><strong>manibus</strong></span> <span class='ocrx_word' id='word_1_327' title='bbox 283 3607 347 3667; x_wconf 90' lang='lat' dir='ltr'><strong>lere</strong></span> <span class='ocrx_word' id='word_1_328' title='bbox 366 3605 480 3696; x_wconf 85' lang='lat' dir='ltr'><strong>palpari</strong></span> <span class='ocrx_word' id='word_1_329' title='bbox 498 3605 591 3664; x_wconf 79' lang='lat' dir='ltr'><strong>suauis</strong></span> <span class='ocrx_word' id='word_1_330' title='bbox 633 3604 724 3672; x_wconf 75' lang='lat' dir='ltr'><strong>leriae</strong></span> <span class='ocrx_word' id='word_1_331' title='bbox 744 3605 885 3682; x_wconf 89' lang='lat' dir='ltr'><strong>cupiditas</strong></span> <span class='ocrx_word' id='word_1_332' title='bbox 905 3617 1011 3685; x_wconf 78' lang='lat' dir='ltr'><strong>potuit.</strong></span> <span class='ocrx_word' id='word_1_333' title='bbox 1048 3609 1086 3668; x_wconf 91' lang='lat' dir='ltr'><strong>ln</strong></span> <span class='ocrx_word' id='word_1_334' title='bbox 1107 3625 1192 3668; x_wconf 83' lang='lat' dir='ltr'><strong>cotu-</strong></span> 
     </span>
     <span class='ocr_line' id='line_1_39' title="bbox 64 3625 1192 3764; baseline -0.002 -23"><span class='ocrx_word' id='word_1_335' title='bbox 64 3685 124 3764; x_wconf 87' lang='lat' dir='ltr'><strong>pitis</strong></span> <span class='ocrx_word' id='word_1_336' title='bbox 142 3687 222 3746; x_wconf 88' lang='lat' dir='ltr'><strong>enirn</strong></span> <span class='ocrx_word' id='word_1_337' title='bbox 243 3696 275 3745; x_wconf 88' lang='lat' dir='ltr'><strong>et</strong></span> <span class='ocrx_word' id='word_1_338' title='bbox 295 3681 422 3764; x_wconf 75' lang='lat' dir='ltr'><strong>publicis</strong></span> <span class='ocrx_word' id='word_1_339' title='bbox 440 3681 523 3754; x_wconf 87' lang='lat' dir='ltr'><strong>locis,</strong></span> <span class='ocrx_word' id='word_1_340' title='bbox 542 3681 592 3740; x_wconf 89' lang='lat' dir='ltr'><strong>ubi</strong></span> <span class='ocrx_word' id='word_1_341' title='bbox 612 3625 715 3740; x_wconf 70' lang='lat' dir='ltr'><strong>deberi</strong></span> <span class='ocrx_word' id='word_1_342' title='bbox 734 3679 870 3745; x_wconf 82' lang='lat' dir='ltr'><strong>solebant</strong></span> <span class='ocrx_word' id='word_1_343' title='bbox 889 3680 1000 3761; x_wconf 89' lang='lat' dir='ltr'><strong>publici</strong></span> <span class='ocrx_word' id='word_1_344' title='bbox 1017 3694 1192 3758; x_wconf 76' lang='lat' dir='ltr'><strong>conventus,</strong></span> 
     </span>
     <span class='ocr_line' id='line_1_40' title="bbox 64 3756 1193 3844; baseline -0.003 -24"><span class='ocrx_word' id='word_1_345' title='bbox 64 3761 221 3844; x_wconf 81' lang='lat' dir='ltr'><strong>erogabant</strong></span> <span class='ocrx_word' id='word_1_346' title='bbox 246 3760 436 3840; x_wconf 81' lang='lat' dir='ltr'><strong>pauperibus</strong></span> <span class='ocrx_word' id='word_1_347' title='bbox 451 3759 609 3838; x_wconf 85' lang='lat' dir='ltr'><strong>sportulas:</strong></span> <span class='ocrx_word' id='word_1_348' title='bbox 640 3757 670 3815; x_wconf 90' lang='lat' dir='ltr'><strong>in</strong></span> <span class='ocrx_word' id='word_1_349' title='bbox 696 3777 733 3816; x_wconf 90' lang='lat' dir='ltr'><strong>eo</strong></span> <span class='ocrx_word' id='word_1_350' title='bbox 757 3758 910 3819; x_wconf 81' lang='lat' dir='ltr'><strong>manifesta</strong></span> <span class='ocrx_word' id='word_1_351' title='bbox 938 3769 1001 3817; x_wconf 88' lang='lat' dir='ltr'><strong>erat</strong></span> <span class='ocrx_word' id='word_1_352' title='bbox 1020 3756 1193 3834; x_wconf 82' lang='lat' dir='ltr'><strong>ostentatio,</strong></span> 
     </span>
     <span class='ocr_line' id='line_1_41' title="bbox 66 3831 1192 3914; baseline -0.003 -19"><span class='ocrx_word' id='word_1_353' title='bbox 66 3840 138 3914; x_wconf 90' lang='lat' dir='ltr'><strong>quod</strong></span> <span class='ocrx_word' id='word_1_354' title='bbox 156 3839 295 3900; x_wconf 88' lang='lat' dir='ltr'><strong>locorum</strong></span> <span class='ocrx_word' id='word_1_355' title='bbox 316 3834 515 3895; x_wconf 81' lang='lat' dir='ltr'><strong>celebritatem</strong></span> <span class='ocrx_word' id='word_1_356' title='bbox 536 3831 731 3912; x_wconf 84' lang='lat' dir='ltr'><strong>quaerebant,</strong></span> <span class='ocrx_word' id='word_1_357' title='bbox 750 3844 783 3892; x_wconf 86' lang='lat' dir='ltr'><strong>ut</strong></span> <span class='ocrx_word' id='word_1_358' title='bbox 800 3833 908 3895; x_wconf 87' lang='lat' dir='ltr'><strong>multos</strong></span> <span class='ocrx_word' id='word_1_359' title='bbox 927 3833 1072 3893; x_wconf 86' lang='lat' dir='ltr'><strong>haberent</strong></span> <span class='ocrx_word' id='word_1_360' title='bbox 1089 3843 1192 3908; x_wconf 84' lang='lat' dir='ltr'><strong>testes,</strong></span> 
     </span>
     <span class='ocr_line' id='line_1_42' title="bbox 66 3908 1192 3992; baseline -0.001 -22"><span class='ocrx_word' id='word_1_361' title='bbox 66 3933 115 3974; x_wconf 88' lang='lat' dir='ltr'><strong>nec</strong></span> <span class='ocrx_word' id='word_1_362' title='bbox 137 3936 173 3977; x_wconf 88' lang='lat' dir='ltr'><strong>eo</strong></span> <span class='ocrx_word' id='word_1_363' title='bbox 201 3911 340 3976; x_wconf 88' lang='lat' dir='ltr'><strong>contenti</strong></span> <span class='ocrx_word' id='word_1_364' title='bbox 364 3911 512 3971; x_wconf 92' lang='lat' dir='ltr'><strong>addebant</strong></span> <span class='ocrx_word' id='word_1_365' title='bbox 531 3910 617 3970; x_wconf 91' lang='lat' dir='ltr'><strong>etiarn</strong></span> <span class='ocrx_word' id='word_1_366' title='bbox 643 3908 779 3969; x_wconf 88' lang='lat' dir='ltr'><strong>tubarum</strong></span> <span class='ocrx_word' id='word_1_367' title='bbox 805 3910 984 3992; x_wconf 83' lang='lat' dir='ltr'><strong>clangorem.</strong></span> <span class='ocrx_word' id='word_1_368' title='bbox 1021 3908 1192 3990; x_wconf 68' lang='lat' dir='ltr'><strong>fingebant</strong></span> 
     </span>
     <span class='ocr_line' id='line_1_43' title="bbox 65 3982 1191 4116; baseline -0.003 -68"><span class='ocrx_word' id='word_1_369' title='bbox 65 3991 170 4067; x_wconf 90' lang='lat' dir='ltr'><strong>quidem</strong></span> <span class='ocrx_word' id='word_1_370' title='bbox 192 4013 225 4052; x_wconf 88' lang='lat' dir='ltr'><strong>se</strong></span> <span class='ocrx_word' id='word_1_371' title='bbox 270 3982 575 4067; x_wconf 74' lang='lat' dir='ltr'><strong>auperes‘arcessere‚</strong></span> <span class='ocrx_word' id='word_1_372' title='bbox 595 3996 628 4044; x_wconf 89' lang='lat' dir='ltr'><strong>ut</strong></span> <span class='ocrx_word' id='word_1_373' title='bbox 646 4007 795 4066; x_wconf 84' lang='lat' dir='ltr'><strong>nunquam</strong></span> <span class='ocrx_word' id='word_1_374' title='bbox 816 3989 921 4046; x_wconf 88' lang='lat' dir='ltr'><strong>desunt</strong></span> <span class='ocrx_word' id='word_1_375' title='bbox 939 3985 1191 4116; x_wconf 78' lang='lat' dir='ltr'><strong>praetextus2&#39;ni-</strong></span> 
     </span>
     <span class='ocr_line' id='line_1_44' title="bbox 66 4011 1190 4150; baseline -0.002 -26"><span class='ocrx_word' id='word_1_376' title='bbox 66 4065 97 4126; x_wconf 89' lang='lat' dir='ltr'><strong>bil</strong></span> <span class='ocrx_word' id='word_1_377' title='bbox 115 4081 215 4128; x_wconf 86' lang='lat' dir='ltr'><strong>tamen</strong></span> <span class='ocrx_word' id='word_1_378' title='bbox 237 4011 343 4125; x_wconf 72' lang='lat' dir='ltr'><strong>ciarius</strong></span> <span class='ocrx_word' id='word_1_379' title='bbox 364 4075 435 4138; x_wconf 83' lang='lat' dir='ltr'><strong>erat,</strong></span> <span class='ocrx_word' id='word_1_380' title='bbox 456 4085 541 4142; x_wconf 84' lang='lat' dir='ltr'><strong>quam</strong></span> <span class='ocrx_word' id='word_1_381' title='bbox 562 4062 640 4140; x_wconf 89' lang='lat' dir='ltr'><strong>ipsus</strong></span> <span class='ocrx_word' id='word_1_382' title='bbox 660 4062 760 4123; x_wconf 83' lang='lat' dir='ltr'><strong>venari</strong></span> <span class='ocrx_word' id='word_1_383' title='bbox 771 4063 886 4142; x_wconf 85' lang='lat' dir='ltr'><strong>plausus</strong></span> <span class='ocrx_word' id='word_1_384' title='bbox 898 4073 928 4120; x_wconf 88' lang='lat' dir='ltr'><strong>et</strong></span> <span class='ocrx_word' id='word_1_385' title='bbox 950 4059 1063 4150; x_wconf 74' lang='lat' dir='ltr'><strong>audem.</strong></span> <span class='ocrx_word' id='word_1_386' title='bbox 1092 4061 1190 4126; x_wconf 84' lang='lat' dir='ltr'><strong>Pomo</strong></span> 
     </span>
     <span class='ocr_line' id='line_1_45' title="bbox 64 4136 1192 4211; baseline -0.003 -12"><span class='ocrx_word' id='word_1_387' title='bbox 64 4143 106 4204; x_wconf 89' lang='lat' dir='ltr'><strong>ubi</strong></span> <span class='ocrx_word' id='word_1_388' title='bbox 129 4144 273 4206; x_wconf 79' lang='lat' dir='ltr'><strong>servimus</strong></span> <span class='ocrx_word' id='word_1_389' title='bbox 298 4139 448 4200; x_wconf 86' lang='lat' dir='ltr'><strong>homiuum</strong></span> <span class='ocrx_word' id='word_1_390' title='bbox 474 4138 583 4211; x_wconf 86' lang='lat' dir='ltr'><strong>oculis,</strong></span> <span class='ocrx_word' id='word_1_391' title='bbox 611 4136 666 4198; x_wconf 88' lang='lat' dir='ltr'><strong>iam</strong></span> <span class='ocrx_word' id='word_1_392' title='bbox 692 4138 789 4196; x_wconf 90' lang='lat' dir='ltr'><strong>Deum</strong></span> <span class='ocrx_word' id='word_1_393' title='bbox 809 4158 870 4197; x_wconf 91' lang='lat' dir='ltr'><strong>nou</strong></span> <span class='ocrx_word' id='word_1_394' title='bbox 891 4147 1094 4200; x_wconf 81' lang='lat' dir='ltr'><strong>coustiturmus</strong></span> <span class='ocrx_word' id='word_1_395' title='bbox 1112 4139 1192 4200; x_wconf 86' lang='lat' dir='ltr'><strong>vitae</strong></span> 
     </span>
     <span class='ocr_line' id='line_1_46' title="bbox 65 4209 1192 4296; baseline -0.002 -20"><span class='ocrx_word' id='word_1_396' title='bbox 65 4234 171 4282; x_wconf 85' lang='lat' dir='ltr'><strong>nostrae</strong></span> <span class='ocrx_word' id='word_1_397' title='bbox 197 4217 345 4280; x_wconf 84' lang='lat' dir='ltr'><strong>arbitrum</strong></span> <span class='ocrx_word' id='word_1_398' title='bbox 370 4227 400 4275; x_wconf 91' lang='lat' dir='ltr'><strong>et</strong></span> <span class='ocrx_word' id='word_1_399' title='bbox 425 4237 461 4296; x_wconf 90' lang='lat' dir='ltr'><strong>ap</strong></span> <span class='ocrx_word' id='word_1_400' title='bbox 484 4213 664 4274; x_wconf 88' lang='lat' dir='ltr'><strong>robatorem.</strong></span> <span class='ocrx_word' id='word_1_401' title='bbox 707 4215 811 4295; x_wconf 88' lang='lat' dir='ltr'><strong>ltaque</strong></span> <span class='ocrx_word' id='word_1_402' title='bbox 830 4211 935 4272; x_wconf 89' lang='lat' dir='ltr'><strong>merito</strong></span> <span class='ocrx_word' id='word_1_403' title='bbox 956 4209 1192 4292; x_wconf 61' lang='lat' dir='ltr'><strong>dicittChristus,</strong></span> 
     </span>
     <span class='ocr_line' id='line_1_47' title="bbox 65 4237 1189 4379; baseline -0.002 -25"><span class='ocrx_word' id='word_1_404' title='bbox 65 4297 223 4358; x_wconf 85' lang='lat' dir='ltr'><strong>mercedem</strong></span> <span class='ocrx_word' id='word_1_405' title='bbox 248 4314 330 4354; x_wconf 87' lang='lat' dir='ltr'><strong>suam</strong></span> <span class='ocrx_word' id='word_1_406' title='bbox 354 4313 433 4352; x_wconf 87' lang='lat' dir='ltr'><strong>nune</strong></span> <span class='ocrx_word' id='word_1_407' title='bbox 459 4237 583 4363; x_wconf 68' lang='lat' dir='ltr'><strong>debere,</strong></span> <span class='ocrx_word' id='word_1_408' title='bbox 615 4289 665 4370; x_wconf 91' lang='lat' dir='ltr'><strong>qui</strong></span> <span class='ocrx_word' id='word_1_409' title='bbox 687 4311 718 4352; x_wconf 82' lang='lat' dir='ltr'><strong>se</strong></span> <span class='ocrx_word' id='word_1_410' title='bbox 738 4290 796 4350; x_wconf 90' lang='lat' dir='ltr'><strong>boc</strong></span> <span class='ocrx_word' id='word_1_411' title='bbox 815 4288 906 4379; x_wconf 83' lang='lat' dir='ltr'><strong>modo</strong></span> <span class='ocrx_word' id='word_1_412' title='bbox 926 4299 1088 4378; x_wconf 74' lang='lat' dir='ltr'><strong>ostentant:</strong></span> <span class='ocrx_word' id='word_1_413' title='bbox 1114 4291 1189 4370; x_wconf 81' lang='lat' dir='ltr'><strong>quia</strong></span> 
     </span>
     <span class='ocr_line' id='line_1_48' title="bbox 65 4365 1193 4452; baseline 0.003 -22"><span class='ocrx_word' id='word_1_414' title='bbox 65 4370 153 4434; x_wconf 81' lang='lat' dir='ltr'><strong>Deum</strong></span> <span class='ocrx_word' id='word_1_415' title='bbox 178 4371 331 4452; x_wconf 85' lang='lat' dir='ltr'><strong>respicere</strong></span> <span class='ocrx_word' id='word_1_416' title='bbox 353 4379 520 4448; x_wconf 86' lang='lat' dir='ltr'><strong>nequeunt,</strong></span> <span class='ocrx_word' id='word_1_417' title='bbox 552 4387 678 4449; x_wconf 86' lang='lat' dir='ltr'><strong>quorum</strong></span> <span class='ocrx_word' id='word_1_418' title='bbox 692 4367 807 4448; x_wconf 25' lang='lat' dir='ltr'><strong>&#39;oculos</strong></span> <span class='ocrx_word' id='word_1_419' title='bbox 831 4365 895 4429; x_wconf 78' lang='lat' dir='ltr'><strong>talu</strong></span> <span class='ocrx_word' id='word_1_420' title='bbox 918 4377 1029 4432; x_wconf 77' lang='lat' dir='ltr'><strong>ventus</strong></span> <span class='ocrx_word' id='word_1_421' title='bbox 1054 4377 1193 4450; x_wconf 65' lang='lat' dir='ltr'><strong>occupate</strong></span> 
     </span>
    </p>
   </div>
   <div class='ocr_carea' id='block_1_7' title="bbox 87 4449 989 4522">
    <p class='ocr_par' dir='ltr' id='par_1_11' title="bbox 87 4449 989 4522">
     <span class='ocr_line' id='line_1_49' title="bbox 87 4449 989 4522; baseline -0.009 -3"><span class='ocrx_word' id='word_1_422' title='bbox 87 4473 176 4522; x_wconf 76' lang='lat' dir='ltr'><strong>covus</strong></span> <span class='ocrx_word' id='word_1_423' title='bbox 187 4485 276 4522; x_wconf 72' lang='grc' dir='ltr'><strong>ωιι.</strong></span> <span class='ocrx_word' id='word_1_424' title='bbox 290 4471 314 4516; x_wconf 79' lang='lat' dir='ltr'><strong>u</strong></span> <span class='ocrx_word' id='word_1_425' title='bbox 326 4471 407 4518; x_wconf 72' lang='lat' dir='ltr'><strong>nam</strong></span> <span class='ocrx_word' id='word_1_426' title='bbox 422 4471 467 4520; x_wconf 74' lang='lat' dir='ltr'><strong>nv.</strong></span> <span class='ocrx_word' id='word_1_427' title='bbox 482 4470 535 4518; x_wconf 77' lang='lat' dir='ltr'><strong>vot.</strong></span> <span class='ocrx_word' id='word_1_428' title='bbox 550 4470 572 4520; x_wconf 89' lang='lat'><strong>1.</strong></span> <span class='ocrx_word' id='word_1_429' title='bbox 952 4449 989 4511; x_wconf 90' lang='lat'><strong>11</strong></span> 
     </span>
    </p>
   </div>
   <div class='ocr_carea' id='block_1_8' title="bbox 0 0 1395 4834">
    <p class='ocr_par' dir='ltr' id='par_1_12' title="bbox 0 0 1395 4834">
     <span class='ocr_line' id='line_1_50' title="bbox 0 0 1395 4834; baseline 0 0"><span class='ocrx_word' id='word_1_430' title='bbox 0 0 1395 4834; x_wconf 95' lang='lat' dir='ltr'><strong> </strong></span> 
     </span>
    </p>
   </div>
  </div>
 </body>
</html>
