2790 4838
274 219 275 222 Ἴ
394 236 456 315 (tt.
480 187 660 314 l’aralyticns
676 243 712 293 'et
730 233 877 310 Scribas.)
1131 242 1195 305 m

57 386 206 474 abiitque
234 389 268 454 in
297 383 430 458 domum
456 407 547 484 'suam
574 389 761 474 glorificens
787 388 903 454 Deum.
943 387 993 454 26.
1010 387 1061 454 ‘Et
1081 397 1194 474 stupor

12 483 13 498 ¹
55 490 217 574 corripuit
241 509 363 564 omnes,
385 500 416 556 et
437 488 661 575 glorificabant
672 489 789 568 Deum,
811 500 843 554 ct
856 487 972 575 repleti
984 502 1058 557 sunt
1068 496 1192 574 timore,

56 587 223 663 dicentes,
246 589 396 656 Vidimus
417 590 618 681 incredibilia
641 591 747 656 hodie.

130 769 244 830 blattb.
263 778 293 836 1.
336 770 632 834 Venitincivitotem
649 793 739 832 soum.
783 771 883 832 Docet
902 772 949 832 bic
970 773 1068 850 locus,
1087 777 1190 838 urbem
1226 788 1248 840 s

57 843 252 926 Capernaum
281 846 374 930 vulgo
403 849 543 910 creditam
569 849 656 908 luisse
681 847 806 909 nantem
827 848 924 908 locum
945 847 1071 926 Christi,
1110 855 1191 933 quod

56 943 117 982 eam
138 924 270 983 maxime
291 923 504 1003 frequentaret:
524 925 642 984 minime
662 924 741 984 enim
761 924 881 986 dubium
901 937 955 1000 est,
973 927 1095 988 eandem
1107 950 1123 989 a
1135 931 1190 990 tri-

57 999 107 1059 bus
132 1000 292 1061 historiam
318 1001 438 1076 referri,
468 1002 596 1081 quamvis
622 1001 851 1063 circumstantias
875 1001 946 1062 ilius
971 1003 1030 1066 alio
1055 1005 1190 1069 subtilius

56 1088 224 1136 enumeret.
263 1076 347 1136 Dicit
369 1079 476 1154 Lucas,
507 1079 620 1140 venisse
651 1099 685 1137 ex
708 1076 793 1138 variis
818 1077 949 1156 partibus
969 1080 1093 1142 Iudaeae
1118 1083 1189 1144 scri-
1262 1087 1268 1108 ‘

56 1151 121 1226 bas,
156 1153 265 1232 quibus
280 1153 478 1233 spectantibus
520 1154 689 1235 aralyticurn
710 1153 843 1230 Christus
868 1153 993 1216 sanavit:
1023 1156 1190 1220 subindicat

55 1241 174 1303 tamen,
204 1229 271 1288 aliis
291 1251 410 1310 quoque
430 1231 482 1290 red
506 1243 574 1290 rtnm
595 1251 655 1290 esse
675 1229 826 1289 sanitatem
845 1229 956 1289 Christi
974 1232 1076 1312 gratia.
1114 1234 1189 1294 Nam

55 1305 229 1384 priusquam
257 1306 293 1364 ad
319 1307 510 1398 paralyticum
535 1307 708 1379 descendat,
737 1305 768 1362 iu
791 1304 901 1441 plurali
921 1325 1044 1366 numero
1064 1309 1189 1388 loquens

56 1383 142 1456 dicit,
182 1381 343 1442 atelactam
362 1383 421 1444 illrc
441 1384 530 1444 luisse
541 1384 600 1444 Dei
618 1383 789 1444 virtutema
828 1381 972 1446 sanandos
992 1403 1094 1444 conam
1107 1406 1189 1444 mor-

56 1459 117 1518 bos.
161 1404 233 1518 luia
251 1471 349 1518 autem
370 1481 431 1520 non
451 1460 576 1542 vulgaris
595 1458 678 1519 huius
697 1457 830 1517 miraculi
849 1457 957 1539 gloria,
988 1457 1068 1536 quod
1089 1461 1189 1536 bomo,

57 1555 145 1614 quem
164 1535 308 1595 membris
329 1535 463 1598 omnibus
490 1548 606 1617 captum
632 1557 687 1616 per
711 1533 795 1594 funes
818 1533 850 1594 in
875 1533 952 1593 lecto
972 1534 1116 1596 iacentem
1136 1537 1188 1597 de-

56 1614 214 1684 miserant,
238 1623 364 1692 repente
383 1625 508 1706 vegetus,
526 1612 667 1696 agilisque
692 1610 852 1696 consurgit.
893 1608 960 1670 Alia
979 1623 1077 1672 tamen
1097 1633 1188 1704 pecu-

57 1687 137 1748 liaris
156 1687 236 1748 ratio
258 1699 319 1763 est,
348 1711 400 1748 cur
418 1712 449 1750 rn
468 1689 526 1750 boc
545 1689 685 1750 miraculo
705 1709 750 1748 ma
774 1687 796 1748 is
816 1707 902 1766 qnam
922 1687 953 1746 in
973 1686 1035 1750 aliis
1054 1688 1189 1752 insistant

57 1765 285 1857 Evangelistae‚
323 1765 403 1843 qnod
433 1767 543 1828 scilicet
571 1765 691 1848 indigne
722 1707 844 1824 tulerint
872 1762 1000 1837 scribae,
1035 1763 1190 1827 chrisum·

57 1841 110 1902 sibi
135 1865 182 1904 rus
209 1853 243 1902 et
260 1853 437 1922 potestatem
455 1864 569 1904 sumere
587 1842 757 1902 remittendi
781 1853 916 1920 peccata:
957 1839 1089 1904 Christos
1113 1863 1186 1905 vero

58 1939 121 1978 eam
140 1917 255 1980 visibili
273 1918 361 1999 signo
380 1919 519 1981 sancitam
539 1939 601 1980 esse
621 1931 651 1979 et
672 1918 856 2002 obsignatam
875 1917 977 1979 voluit.
1105 1979 1115 2004 f

130 2002 160 2060 2
204 1993 358 2076 (lunamque
385 1994 496 2056 addicam
514 1995 759 2076 flemmarum.
797 1994 880 2056 Fidei
921 1995 1018 2057 uidem
1043 1996 1122 2058 solus
1142 2009 1186 2060 est
1287 2065 1288 2068 Ἴ

57 2072 138 2132 Deus
159 2069 319 2154 cognitor,
347 2072 399 2133 sed
423 2072 663 2154 fidci'specimen
684 2071 811 2132 edebant
836 2071 866 2129 in
886 2016 937 2131 illo
957 2083 1016 2132 tam
1035 2071 1185 2134 laboriose
1314 2081 1320 2096 ‘

59 2161 178 2222 conatu,
200 2147 269 2226 quia
290 2168 439 2228 nunquam
457 2161 570 2210 tanturn
589 2150 735 2210 subissent
753 2146 920 2221 monsone,
939 2169 995 2208 nec
1015 2171 1080 2209 cum
1099 2151 1186 2216 tanda

59 2225 219 2286 obstaculis
240 2223 342 2283 luetati
363 2237 475 2300 essent,
504 2226 560 2286 nisi
577 2226 690 2285 animos
710 2224 828 2285 lecisset
847 2235 926 2284 certa
945 2227 1186 2286 successuslidut-
1283 2267 1286 2290 i

59 2303 115 2361 cia:
136 2303 179 2362 ita
198 2300 269 2362 fidei
290 2321 393 2362 eorum
412 2302 443 2362 in
465 2323 501 2362 eo
512 2303 621 2362 fructus
636 2300 780 2380 apparuit,
800 2299 880 2434 quod
893 2300 1045 2380 praecluso
1056 2301 1187 2382 undique

60 2379 137 2438 aditu
156 2378 275 2460 fatigati
294 2398 358 2440 oon
383 2378 510 2439 luerunt
548 2381 623 2438 Nam
648 2378 729 2455 quod
790 2374 865 2434 'am
891 2376 1068 2449 existimant,
1098 2377 1187 2438 Chri-

60 2467 131 2514 stum
152 2455 293 2516 divinitus
313 2455 461 2516 conscium
486 2455 574 2515 luisse
598 2453 728 2532 ipsorum
749 2397 836 2521 luci,
864 2469 939 2531 quae
970 2451 1086 2514 occulta
1109 2453 1187 2515 intus

60 2529 184 2606 latebat,
214 2530 287 2592 mibi
313 2544 445 2592 coactum
475 2532 599 2592 videtur.
648 2529 710 2588 Iam
731 2526 797 2606 quia
819 2526 936 2586 illorum
956 2526 1024 2588 liclei
1045 2529 1190 2589 concessit

62 2606 205 2682 Christus,
225 2607 308 2688 quod
327 2607 487 2688 paralytico
509 2608 626 2666 daturus
646 2615 710 2664 erat
727 2601 999 2674 beneficium-ideo
1018 2603 1118 2682 quaeri
1129 2604 1188 2666 tsc

60 2683 125 2744 loco
144 2685 235 2758 solet,
256 2684 400 2763 quatenias
419 2683 587 2744 bominibus
628 2681 701 2742 rosit
719 2680 814 2740 aliena
833 2677 912 2738 fides.
950 2679 995 2738 Ac
1013 2679 1109 2758 primo
1122 2681 1187 2760 qui-

61 2762 124 2820 dem
144 2762 260 2821 ccrt'um
281 2770 341 2834 est,
359 2761 506 2852 proluisse
523 2701 660 2820 Abrabae
680 2757 766 2818 fidem
787 2753 922 2834 posteris,
941 2755 1009 2814 dum
1028 2755 1187 2836 gratuitum

59 2837 157 2898 salutis
183 2838 290 2898 loedns
315 2836 371 2896 sibr
401 2849 430 2897 et
449 2836 552 2898 semini
570 2855 624 2896 sno
644 2833 775 2894 oblatum
795 2831 943 2966 amplexus
960 2842 1013 2890 est
1054 2831 1138 2892 Idem
1158 2843 1189 2893 et

61 2913 96 2972 de
114 2913 240 2996 singulis
260 2913 395 2973 fidelibus
418 2915 529 2973 sentire
549 2911 703 2985 convenit,
733 2908 813 2989 quod
864 2907 891 2968 ei
916 2906 1038 2988 gratiam
1057 2903 1116 2968 lide
1135 2929 1187 2970 sna

60 2991 94 3049 ad
114 2990 226 3050 liberos
248 3002 279 3050 et
298 3001 422 3070 nepotes
442 3001 619 3070 propagant,
638 2985 1115 3064 etiamantequamnascuntur.ll
1170 3005 1188 3054 e

61 3066 89 3124 id
108 3067 139 3125 in
158 3066 261 3148 pueris
280 3063 441 3126 infantibus
459 3066 557 3127 locum
578 3065 676 3144 habet,
696 3064 745 3143 qui
765 3061 897 3122 nondum
915 3080 970 3141 per
980 3062 1136 3123 aetatemfi
1158 3061 1186 3123 ei

61 3155 127 3201 sunt
146 3155 280 3234 capaces.
304 3141 429 3203 Adultus
439 3162 522 3216 vero,
542 3162 616 3232 quos
628 3139 749 3221 propria
761 3137 861 3198 deficit
879 3137 951 3198 fides
969 3136 1045 3214 (sive
1057 3139 1187 3200 extranei
1250 3205 1256 3218 ‚

12 3253 14 3260 ·
63 3219 133 3294 sint,
161 3239 222 3280 sare
247 3219 391 3300 sanguine
416 3219 598 3308 coniuncta),
637 3216 735 3297 quoad
759 3225 907 3276 aeternam
929 3214 1044 3274 aninae
1062 3213 1185 3275 salutern

63 3295 153 3358 aliena
174 3295 247 3356 fides
266 3316 329 3355 nou
349 3294 404 3356 nisi
422 3295 548 3356 mediate
567 3305 654 3354 ruvat.
684 3293 759 3354 Nam
780 3289 846 3372 quia
861 3289 1073 3371 proiectunon
1086 3303 1187 3352 carent

64 3391 172 3449 preces,
192 3372 300 3463 quibus
321 3370 421 3432 aDeo
440 3371 567 3452 petimus
587 3381 619 3429 ut
637 3367 804 3430 incredulos
824 3367 860 3426 ad
880 3366 1093 3446 poenitentiam
1112 3388 1186 3428 con-

63 3461 162 3522 vernt,
183 3450 253 3510 hinc
272 3459 369 3528 patet,
388 3448 474 3508 fidem
493 3446 549 3508 illis
569 3457 698 3506 nostram
739 3444 869 3518 nudasse,
889 3463 1018 3520 eousque
1037 3455 1135 3503 tamen
1153 3456 1188 3505 ut

63 3525 243 3596 adsalutem
269 3545 332 3584 nou
357 3525 544 3614 perveniant,
575 3524 670 3582 donee
694 3466 749 3580 illis
774 3519 928 3599 impetrata
948 3519 1039 3609 luerit
1056 3519 1187 3581 eiusdem

64 3599 129 3659 lidei
147 3601 288 3662 societas:
323 3599 374 3660 uba
398 3613 494 3660 autern
514 3611 631 3659 mutuus
651 3610 695 3658 est
714 3597 783 3657 fidei
802 3615 977 3670 consensus,
1003 3595 1128 3656 vrcissim
1148 3596 1186 3656 ab

63 3675 122 3738 aliis
146 3678 239 3738 iurari
265 3677 389 3737 aliorum
412 3675 534 3737 salutem
582 3676 625 3736 lus
672 3695 736 3733 uam
757 3667 860 3732 notum
885 3683 937 3732 est.
976 3673 1044 3732 Hoc
1066 3690 1187 3750 quoque

63 3755 262 3816 controversia
289 3765 383 3830 earet,
421 3753 546 3813 terrenis
594 3695 722 3812 enedciis
748 3750 779 3809 in
804 3747 935 3810 savorem
958 3747 1074 3829 piorum
1097 3766 1187 3826 saepe

63 3829 162 3890 donari
180 3828 361 3891 incredulos.
409 3829 501 3904 Quod
527 3827 564 3888 ad
587 3837 773 3908 praesentem
797 3825 894 3886 locum
913 3833 1042 3903 spectat,
1071 3823 1187 3882 tametsi

62 3903 180 3966 aliorum
201 3907 260 3968 lide
281 3917 377 3967 motus
397 3905 484 3966 luisse
505 3905 612 3964 dicitur
632 3902 779 3977 Christus,
810 3901 951 3990 consequi
974 3912 1074 3987 tamen
1098 3918 1186 3988 para-

63 3979 160 4060 lyticos
184 3981 389 4044 remissionem
414 3985 603 4062 peccalorum
632 4001 694 4039 uon
717 3979 832 4060 potuit,
863 3977 919 4036 nisr
947 3994 1097 4056 propriam
1121 3993 1186 4054 rpse

62 4055 180 4120 baberet
200 4059 300 4120 fidem.
347 4059 480 4140 Indignis
504 4074 591 4136 saepe
616 4055 749 4118 Christus
774 4052 907 4134 corporis
926 4051 1078 4111 sanitatem
1098 4053 1185 4113 resti·
1250 4051 1278 4065 “’

62 4135 129 4210 tuit,
158 4137 245 4198 sicuti
264 4137 347 4195 Dens
373 4135 505 4226 qnotidie
532 4132 624 4192 solem
644 4153 727 4192 snum
753 4131 825 4191 oriri
844 4129 914 4190 iacit
932 4147 1019 4208 super
1038 4126 1135 4188 bonos
1156 4141 1186 4190 et

63 4211 178 4287 malos‚·
205 4225 236 4272 at
260 4231 324 4271 noo
347 4211 405 4272 alro
431 4211 520 4272 modo
541 4207 714 4269 reconciliat
734 4229 766 4268 se
792 4207 878 4266 nobis
904 4225 991 4285 quam
1015 4224 1069 4282 per
1087 4205 1185 4265 fidem.

65 4285 160 4360 Quare
180 4287 371 4370 synecdoche
391 4299 434 4362 est
453 4290 483 4348 iu
496 4306 570 4348 voce
589 4284 717 4376 illorum²
737 4285 804 4365 quia
824 4305 885 4344 non
905 4283 945 4342 ita
956 4281 1083 4360 respexit
1096 4282 1185 4344 Chri-

62 4373 116 4424 stus
135 4387 199 4441 eos,
220 4365 271 4445 qni
291 4363 481 4446 paralyticum
500 4361 646 4436 ferebant,
666 4382 736 4440 quin
758 4359 819 4422 eius
836 4379 954 4440 quoque
966 4358 1053 4430 iidem
1063 4357 1187 4420 intuitus

85 4466 173 4512 cosm
187 4479 273 4512 eom.
288 4467 311 4510 sn
325 4467 405 4514 um.
415 4467 463 4518 nv.
477 4467 530 4512 tur.
546 4467 565 4511 ι.
950 4443 996 4514 14.
