2768 4834
453 255 643 324 oxirio'm
663 273 791 326 nourr.
917 285 920 296 ·
1135 275 1193 338 191

8 375 10 492 l
132 414 241 485 LUC.
273 417 329 482 Vl.
375 416 429 482 4³.
456 415 533 484 Nou
560 429 608 485 est
637 421 723 486 enim
751 417 851 485 arbor
875 415 980 498 bona,
1011 441 1095 508 quae
1116 423 1195 494 facit
1248 499 1253 510 p,
1314 412 1318 419 ¹

8 547 9 559 ¹
53 515 188 583 fructum
211 527 356 606 putrem,
380 537 498 603 ,neque
520 519 620 586 arbor
638 523 741 608 putris
762 521 885 586 faciens
906 519 1042 606 fructum
1062 521 1194 592 bonum.

8 569 10 644 l
53 619 99 686 44.
120 621 355 706 Unaquaeque
379 619 463 683 enirn
486 619 585 688 arbor
599 642 644 696 ,ex
653 621 765 688 'fructu
774 643 834 686 suo
845 624 1063 706 cognoscitur:
1083 647 1193 711 neque

54 724 132 786 euim
153 744 175 786 e
197 721 302 807 spinis
324 717 482 804 colligunt
502 721 593 800 ficus,
614 743 722 808 neque
743 743 762 788 e
781 720 864 788 rubo
876 722 1076 790 vindemiant
1089 721 1193 791 uvam.

54 823 97 886 ⁴5.
127 823 248 888 Bonus
276 822 376 889 homo
405 843 442 887 cx
468 823 557 889 bono
587 821 738 890 thesauro
768 822 875 889 cordis
901 827 951 889 sui
976 823 1103 910 profert
1131 825 1193 892 bo-

54 944 139 998 uum,
178 933 212 988 et
241 922 345 990 malus
371 922 468 988 honio
496 921 647 989 ex'melo
677 925 826 992 thesauro
854 923 962 990 cordis
989 929 1041 991 sui
1066 929 1193 1015 profert

54 1022 178 1088 ualuiu.
220 1024 306 1090 Nam
329 1045 367 1088 ex
389 1022 587 1089 abundantia
609 1023 718 1090 cordis
736 1024 881 1113 loquitur
902 1047 940 1092 os
961 1029 1040 1104 eius.

123 1181 234 1240 llfatth.
255 1187 303 1246 15.
346 1182 447 1241 Canen
464 1180 543 1242 vobis
560 1205 581 1242 o
595 1180 878 1258 pseudoprophetis·
897 1182 952 1242 His
969 1184 1068 1246 verbis
1087 1185 1200 1247 docuit·

55 1257 195 1330 Christus,
216 1257 378 1318 obnoxiam
398 1259 463 1318 fore
482 1259 568 1324 variis
588 1259 755 1339 imposturis
773 1281 853 1318 suani
864 1259 1039 1337 Ecclesiam,
1059 1261 1190 1343 ideoque

55 1335 215 1414 periculum
242 1353 321 1408 esse,
351 1355 389 1394 nc
416 1335 501 1394 multi
525 1357 542 1394 a
568 1335 625 1399 fide
652 1335 785 1396 excidant
803 1335 859 1394 nisi
878 1335 986 1394 intenti
1004 1336 1064 1396 siut
1082 1337 1120 1397 ad
1138 1357 1189 1400 ca-'
1223 1329 1233 1352 ‘

54 1413 187 1470 rendum.
234 1411 367 1485 Scimus,
398 1424 506 1490 quanta
528 1411 568 1472 sit
590 1413 744 1472 homiuum
769 1411 806 1471 ad
831 1411 989 1471 vanitatem
1009 1415 1191 1493 propensior
1257 1464 1259 1474 ,

54 1487 86 1546 ita
109 1510 145 1547 ue
166 1505 232 1548 nou
252 1489 344 1550 modo
364 1488 538 1550 naturaliter
556 1487 618 1548 falli
637 1510 673 1569 ap
698 1499 792 1564 stunt,
811 1487 863 1548 sed
882 1487 991 1570 singuli
1011 1489 1048 1548 ad
1066 1510 1098 1549 se
1108 1490 1189 1570 ipsos

55 1509 196 1624 fallendos
224 1564 374 1644 ingeniosi
397 1564 536 1625 ridentur
554 1585 627 1626 esse.
664 1510 727 1624 llim
745 1583 821 1625 vero
839 1564 930 1624 Satan
949 1563 1039 1624 mirus
1057 1564 1190 1628 fallacia-

55 1663 112 1698 ruui
136 1641 245 1700 artifex
272 1662 335 1701 non
356 1641 463 1701 desinit
482 1641 602 1720 laqueos
622 1643 763 1718 tendere,
796 1637 903 1776 alpibus
922 1639 1069 1720 simplices
1089 1665 1122 1704 ac
1141 1644 1189 1703 in-

56 1730 149 1777 cautos
176 1718 302 1798 irretiat.
346 1717 447 1800 Vulgo
473 1731 570 1778 autem
593 1719 695 1778 Iudaei
720 1738 805 1798 spera
828 1728 895 1792 ant,
924 1716 1032 1782 laetum
1057 1719 1114 1780 sibi
1132 1721 1187 1782 sub

57 1793 163 1854 llhristi
186 1815 221 1854 rc
244 1815 285 1852 no
307 1793 372 1854 fore
392 1803 514 1868 statum,
546 1797 688 1874 omnique
707 1794 868 1856 certamine
889 1805 920 1853 et
936 1791 1071 1854 molestia
1092 1817 1188 1858 exem-

55 1883 141 1949 ptum.
185 1815 341 1930 Admonet
361 1888 433 2006 epgo
454 1871 612 1952 discipulos
631 1892 715 1946 suos,
735 1871 768 1942 ⁴si
787 1881 917 1951 perstare
937 1874 1074 1950 cupiant,
1105 1884 1138 1934 ut
1156 1893 1189 1936 se

56 1959 225 2028 comparent
244 1948 281 2006 ad
300 1947 380 2006 vitan
402 1969 433 2006 as
445 1947 571 2008 Satanae
589 1949 718 2010 iusidias.
746 1946 892 2009 Dominus
912 1948 990 2007 enim
1010 1951 1060 2026 (ut
1077 1950 1190 2012 dictum
1218 1975 1222 1982 ’

56 2031 107 2098 est)
133 2023 277 2083 continua
302 2023 407 2083 militia
426 2046 506 2084 suam
525 2025 687 2086 Ecclesiam
705 2024 770 2086 vult
789 2023 918 2084 exerceri
937 2023 969 2084 in
988 2025 1047 2086 hoc
1065 2027 1187 2088 mundo.

56 2100 152 2174 Quare
171 2110 206 2158 ut
225 2121 281 2159 uos
301 2099 345 2158 illi
364 2100 521 2180 discipulos
541 2114 719 2182 praestemus
737 2121 830 2180 usque
849 2100 880 2160 in
900 2099 1004 2174 finem,
1023 2124 1085 2164 non
1104 2105 1192 2164 suffi-
1223 2128 1228 2148 i

55 2177 91 2237 cit
108 2177 169 2237 sola
191 2177 338 2250 docilitas,
355 2187 389 2235 ut
407 2177 533 2241 sinamus
553 2199 608 2238 nos
627 2179 692 2259 regi
712 2177 802 2257 ipsius
822 2175 930 2252 verbof,
949 2178 1001 2237 aed
1020 2177 1108 2250 fidem
1128 2177 1189 2240 no-'

56 2266 154 2327 stram,
186 2253 255 2332 quia
275 2253 401 2315 subinde
421 2254 438 2314 a'
459 2253 567 2314 Satana
587 2255 754 2334 impetitur,
779 2263 918 2314 armatam
937 2253 974 2312 ad
993 2255 1188 2318 resistendum

58 2352 113 2390 esse
133 2352 151 2389 o
175 2342 265 2390 ortet.
304 2331 358 2390 Est
378 2331 495 2410 quidem
516 2331 572 2391 boc
591 2331 767 2404 maximum,
785 2330 810 2388 si
830 2350 885 2392 nos
904 2349 921 2390 a
938 2329 1043 2408 probis
1063 2343 1093 2392 et
1111 2332 1187 2394 fide-

58 2407 127 2466 libus
153 2351 264 2467 ibristi
289 2406 428 2466 ministris
453 2408 517 2489 regi
564 2408 683 2466 alimur:
715 2407 766 2465 sed
786 2407 855 2485 quia
874 2423 908 2465 ex
928 2407 1069 2484 opposito
1088 2429 1187 2470 emcr-

58 2497 126 2564 gnnt
148 2483 213 2543 falsi
240 2484 396 2558 doctores,
424 2483 480 2543 uisi
506 2427 609 2544 sedulo
633 2480 787 2564 vigilemus*
812 2495 842 2542 et
867 2481 972 2540 muniti
996 2481 1085 2543 simus
1110 2505 1186 2544 con-

57 2561 171 2633 stantia,
196 2559 285 2620 facile
306 2559 363 2620 erit
382 2581 437 2622 iios
458 2581 473 2619 a
515 2579 586 2642 rege
607 2557 722 2619 abduci.
763 2558 834 2633 Quo
855 2559 942 2617 etiam
962 2558 1094 2636 pertinet
1111 2560 1187 2621 illud

57 2635 161 2706 Christi
184 2637 312 2710 dictum,
343 2637 423 2697 Oves
448 2581 549 2697 audire
579 2636 706 2715 pastoris
730 2654 847 2694 vocem:
872 2633 999 2692 alienum
1024 2654 1096 2695 vero
1122 2655 1186 2696 non

57 2714 159 2786 audire,
179 2715 231 2774 sed
253 2714 356 2804 fugere
377 2713 413 2774 ab
435 2733 472 2774 eo
493 2715 553 2788 (fo.
567 2717 615 2788 10,
625 2713 679 2788 3.).
711 2711 799 2770 Unde
819 2710 907 2769 etiam
927 2708 1102 2792 colligimus,
1121 2732 1185 2772 nou
1220 2749 1223 2758 ι
1328 2723 1330 2734 “

58 2811 114 2850 esse
132 2813 183 2850 cur
201 2791 307 2849 animis
328 2791 465 2850 deficiant
485 2790 586 2850 fideles
605 2789 652 2848 vel
672 2781 846 2862 turbentur,
865 2788 933 2848 dum
954 2785 1104 2867 obrepunt
1122 2788 1186 2868 lupi
1238 2799 1247 2820 ⁹

59 2865 85 2924 in
110 2867 219 2927 Christi
247 2866 341 2940 ovile,
372 2867 441 2928 ilum
466 2865 544 2927 falsis
570 2865 711 2927 doctrinis
736 2876 883 2926 conantur
906 2864 1186 2943 pseudoprophetae

58 2941 227 3004 labefactare
248 2964 351 3024 puram
371 2944 472 3003 fidem:
493 2943 563 3024 quin
584 2943 683 3022 potius
702 2940 893 3034 expergefieri
912 2938 1024 3000 debent
1043 2943 1079 3002 ad
1097 2961 1185 3002 excu-

57 3019 115 3078 bias
137 3041 150 3080 a
173 3022 280 3094 endas,
311 3041 409 3100 neque
434 3020 512 3079 enfin
540 3021 645 3079 frustra
670 3039 774 3089 cavere
795 3019 879 3078 iubet
898 3016 1040 3078 Christus.
1081 3018 1185 3093 Quare

58 3095 78 3154 si
103 3041 187 3158 modo
213 3118 270 3156 nos
294 3097 415 3186 propria
439 3095 572 3158 socordia
595 3117 657 3154 nou
676 3096 900 3167 circumveniat,
930 3095 1043 3174 quasvis
1063 3095 1184 3176 decipu-

60 3171 97 3230 las
115 3174 172 3234 cffu
198 3195 249 3234 ere
270 3172 382 3248 licebit,
403 3184 435 3233 et
452 3187 532 3233 certe
552 3173 614 3232 sine
635 3173 688 3233 bac
708 3171 814 3232 fiducia
833 3171 920 3231 nobis
940 3191 1003 3230 non
1023 3183 1099 3232 esset
1115 3173 1184 3233 satis

59 3250 137 3308 aiiiiui
161 3195 198 3311 ab
223 3251 394 3310 cavendum.
443 3250 529 3312 Nunc
555 3271 643 3340 quum
667 3249 805 3322 sciamus,
834 3247 996 3307 Dominum
1020 3248 1101 3308 nolle
1127 3271 1183 3310 iios
1233 3280 1237 3286 ·

59 3323 181 3387 frustrari
206 3347 263 3407 per
291 3327 394 3417 quovis
420 3327 547 3386 Satanae
567 3347 715 3401 incursus,
745 3325 893 3404 intrepide
912 3345 967 3405 per
1005 3347 1067 3385 mus
1086 3326 1183 3406 Spiri-

59 3411 112 3460 tum
135 3403 321 3464 discretionis
348 3402 384 3463 ab
411 3423 448 3463 eo
470 3413 627 3494 petentes,
658 3421 833 3480 perquem,
865 3413 897 3459 ut
917 3420 970 3460 cor
991 3400 1055 3462 ibus
1074 3403 1184 3464 nostris

59 3477 136 3538 fidem
159 3501 229 3540 suae
254 3479 386 3539 veritatis
412 3479 566 3559 obsignat,
596 3478 637 3538 ita
664 3479 790 3538 Satanae
809 3477 937 3538 fallacias
958 3490 988 3536 et
1007 3478 1186 3560 imposturas

58 3553 235 3647 detegetsne
256 3557 398 3616 liidamur.
431 3555 532 3630 Quum
552 3554 623 3616 dicit
639 3554 772 3614 Christus
791 3555 893 3614 venire
911 3558 944 3613 irs
961 3559 1060 3614 eosdm
1077 3559 1182 3634 omum,

59 3631 102 3707 qui
120 3635 293 3693 intrinsecus
312 3645 381 3692 sunt
400 3632 462 3712 lupi
481 3652 611 3712 rapaces,
630 3631 776 3714 siguificat
795 3630 871 3692 beue
883 3631 1018 3692 colorato
1030 3644 1183 3712 praetextu

58 3727 112 3766 non
130 3731 247 3782 carere,
273 3709 328 3768 nisi
349 3711 385 3769 ad
405 3729 456 3769 eos
477 3709 594 3788 penitus
614 3707 803 3768 excutiendos
823 3707 998 3768 adhibeatur
1015 3708 1182 3787 prudentia.

123 3793 168 3850 ld·
206 3787 243 3846 A
257 3783 412 3866 fusoribus
434 3807 534 3846 emm
557 3788 731 3860 cognoscetis
754 3783 829 3844 illos.
867 3784 931 3845 Nisi
955 3785 1026 3844 baec
1046 3783 1182 3864 apposita

58 3856 148 3922 fuisset
167 3863 342 3924 discriminis
363 3874 444 3936 nota,
464 3872 585 3941 poterat
601 3862 664 3920 sine
685 3861 859 3938 exceptione
869 3861 900 3919 in
914 3853 1069 3921 discrimen
1081 3859 1181 3919 venire

56 3944 111 4020 lota
137 3938 338 4019 quorumlibet
363 3939 519 3998 doctorum
539 3937 706 3998 auctoritas.
745 3937 819 3998 Nam
839 3937 863 3996 si
882 3936 997 3997 exitiale
1017 3934 1181 4016 periculum
1237 3935 1246 3959 ⁸

58 4031 82 4068 ω
105 4015 276 4086 doctoribus
301 4016 436 4090 timetur,
467 4033 523 4074 nec
542 4014 653 4074 vitandi
672 4015 748 4075 ratio
769 4025 899 4084 constat,
929 4031 1113 4084 omuesesse
1132 4034 1181 4074 su-

55 4103 160 4165 spectus
180 4113 300 4152 necesse
321 4091 392 4152 erit:
413 4112 468 4152 nec
487 4089 591 4150 melius
609 4091 732 4151 restabit
751 4089 973 4172 compendium,
991 4108 1078 4167 quam
1098 4103 1182 4151 aures

57 4161 154 4228 babere
175 4168 314 4229 omnibus
335 4167 452 4228 clausas.
484 4169 524 4226 Et
543 4167 672 4226 videmus
694 4168 835 4258 profanos
853 4166 997 4239 homines,
1016 4176 1049 4224 ut
1060 4165 1181 4258 impune

56 4241 176 4305 reficiant
197 4245 322 4324 quodvis
342 4245 494 4303 doctrinae
514 4263 622 4322 genus,
664 4245 805 4305 ericulum
826 4243 882 4302 hoc
903 4241 1078 4317 obtendere,
1097 4243 1181 4303 infir-

57 4336 110 4380 mos
133 4323 221 4382 etiam
247 4342 280 4380 ac
304 4323 391 4380 rudes
415 4322 537 4381 haerere
564 4265 727 4403 perplltxos.
772 4319 916 4379 Christus
932 4339 1020 4400 ergo,
1049 4321 1181 4400 nequid

56 4397 228 4458 reverentiae
259 4397 392 4459 detrabat
421 4417 475 4460 suo
507 4396 670 4476 Evangelio
695 4396 876 4476 sincerisque
901 4396 962 4458 eius
986 4395 1125 4459 ministris
1151 4409 1182 4458 et
