2764 4854
252 123 420 247 (tid-tt
459 168 599 232 Mulieres
617 169 784 288 sepulcrum
803 174 970 254 adeuntes.)
1140 179 1198 244 891

46 339 134 380 orem
153 317 322 410 metumque
341 320 466 383 incutiat
483 321 543 382 Dei
562 323 707 398 maiestas,
726 337 761 383 ut
779 345 795 384 a
814 325 891 386 facie
910 325 972 386 eius
991 325 1076 388 sileat
1099 328 1195 390 omnis

46 419 114 456 euro.
154 395 215 456 Sed
235 397 286 456 ubr
307 397 418 458 electos
437 419 505 459 suos
520 398 681 460 humiliavit
691 399 836 462 Dominus
856 401 920 482 ipse
934 423 967 462 ac
979 399 1108 492 subegit,
1126 424 1194 464 mox

46 493 141 533 eorum
161 472 350 534 formidinem
370 474 495 556 mitigat,
515 496 553 536 ne
566 477 700 556 oppressi
719 478 924 538 succumbant:
945 499 1043 557 neque
1063 478 1193 540 rdrnodo

48 551 86 609 ed
106 550 219 634 gratiae
239 571 360 638 quoque
379 569 448 611 suae
468 551 624 613 dulcedine
643 553 748 614 volum
767 554 910 615 inflictum
929 564 1026 616 sanat:
1045 555 1192 635 reprobos

46 648 105 686 ero
125 627 171 688 vel
193 647 300 706 panico
321 632 370 707 (ut
389 627 565 708 loquuntur)
589 641 670 690 metu
690 631 848 708 exanimat,
873 630 921 691 vel
944 630 1102 692 tabescere
1121 630 1193 712 sinit

46 703 86 762 ub
119 701 208 763 lentis
235 702 399 764 tormentis.
443 705 519 764 Nam
548 708 628 785 quod
655 707 692 766 ad
717 707 822 767 milites
852 705 924 768 istos
953 720 1081 802 spectat,
1110 704 1191 767 simi-

46 799 73 838 cs
95 779 213 858 quidem
233 780 354 840 fuerumt
373 782 513 858 mortuis,
533 783 584 842 sed
605 781 715 862 absque
734 784 813 844 serio
834 783 962 858 aflectu,
980 784 1065 846 sicutr
1089 795 1191 846 mente

49 855 152 915 lienati
172 869 366 934 expavescunt
385 856 503 936 quidem
523 859 560 918 ad
579 871 772 935 momentum,
790 859 875 920 simul
896 871 992 920 tamen
1010 861 1191 924 obliviscun-

46 954 130 992 urse
150 933 294 993 timuisse:
322 955 383 994 non
408 933 489 1024 quod
514 955 633 1014 prorsus
660 937 756 996 deleta
782 936 871 998 luerit
896 937 1009 998 timoris
1037 937 1191 1014 memoria,

46 1009 83 1068 ed
106 1007 173 1088 qhia
194 1009 250 1068 illis
271 1009 384 1070 effluxit
403 1031 465 1071 viva
485 1010 535 1078 illa
552 1023 582 1072 et
597 1012 699 1074 efficax
718 1013 833 1072 dirime
853 1013 966 1074 virtutis
984 1012 1193 1094 apprehensio,

48 1085 77 1143 ni
99 1085 205 1146 cedere
225 1087 319 1146 coacti
340 1087 466 1162 furerent.
507 1087 567 1148 Sed
587 1087 645 1149 hoc
686 1089 821 1169 raecipuc
841 1091 1003 1150 tenendum
1023 1103 1078 1165 est,
1097 1112 1187 1172 quum

46 1183 178 1241 ueraeque
199 1145 338 1223 timereni
348 1175 380 1223 ut
390 1163 536 1237 mulieres,
556 1185 618 1225 non
639 1110 682 1224 ad

46 1259 161 1316 psorum
182 1239 320 1300 timorem
340 1240 455 1301 leniret.
495 1237 574 1300 Solis
594 1242 672 1319 euim
693 1241 863 1304 mulieribus
883 1243 954 1303 dixit
970 1245 1112 1325 angelus,
1134 1264 1188 1304 sao·

46 1319 76 1375 te
100 1320 216 1377 tirum:
244 1317 395 1376 materiam
421 1338 494 1377 vero
519 1318 618 1397 gaudii
644 1329 674 1377 et
697 1317 861 1380 securitatis
889 1318 947 1378 illis
964 1322 1134 1401 ,proposuit
1156 1323 1188 1382 iu

46 1392 143 1453 lhristi
162 1393 390 1454 resurrectiones
427 1395 516 1490 Apud
534 1393 645 1454 Lucam
665 1394 782 1455 additu'r
801 1395 981 1533 obiurfiatio,
1002 1397 1189 1472 quodviuerr.

46 1493 82 1528 rm
106 1483 249 1549 punem
270 1491 335 1530 usus
358 1485 496 1532 mor-usas:
525 1471 647 1550 perinde
667 1469 726 1532 acsi
752 1491 851 1533 aurem
878 1471 888 1530 i
912 1473 935 1533 is
958 1472 1109 1540 vellicaret
1132 1495 1186 1534 an-

46 1547 122 1620 ]elus,
142 1567 180 1608 ne
201 1547 324 1626 amplius
343 1547 374 1606 in
394 1568 445 1608 sua
464 1546 672 1642 desperatione
691 1557 857 1630 torperent.
1202 1560 1204 1566 ’

104 1630 133 1694 7.
170 1623 213 1682 Et
241 1625 296 1684 citu
325 1637 433 1698 eunus,
464 1622 549 1684 mnu
578 1621 737 1700 discipulis.
781 1624 838 1684 Hic
862 1624 999 1686 mulieres
1025 1627 1188 1694 extraordi-

48 1700 113 1761 ario
134 1700 342 1761 honoreDeus
362 1712 449 1761 ornat
467 1719 522 1781 per
540 1720 576 1760 au
601 1699 689 1774 elum,
708 1699 791 1779 quod
808 1701 998 1782 praecipuum
1017 1699 1115 1761 salutis
1131 1723 1187 1765 no-

46 1789 104 1838 trae
125 1788 214 1858 caput
232 1777 310 1911 apud
330 1776 409 1857 ipsos
430 1796 550 1857 quoque
597 1776 731 1868 postolos
751 1777 996 1859 promulgandum
1014 1778 1085 1914 ipsis
1103 1800 1188 1839 man-

47 1866 84 1913 at.
124 1854 213 1934 Apud
236 1853 369 1913 harcum
396 1852 570 1912 nominatim
595 1853 738 1914 iubentur
760 1854 897 1914 nuntium
922 1853 1001 1914 hunc
1047 1863 1112 1915 etro
1142 1856 1186 1915 as-

46 1953 120 1992 srre:
147 1931 297 2009 nunquia
317 1941 387 1991 tunc
407 1928 551 2012 dignitate
571 1929 744 2004 excelleret,
771 1929 827 2005 sed,
848 1930 917 2011 quia
936 1941 995 1992 mm
1015 1930 1104 1993 foeda
1124 1932 1186 1994 eius

46 2009 157 2068 eiectio
176 2007 297 2086 speciali
317 2004 522 2068 consolatione
543 2027 618 2086 opus
638 2004 777 2081 habehat,
796 2008 1040 2068 utsciretsenou
1060 2007 1185 2070 esseah-

46 2086 155 2145 icatum
174 2103 190 2144 a
208 2081 339 2157 Christo,
361 2081 521 2162 quamlibet
540 2082 666 2160 turpiter
677 2103 710 2142 ac
723 2082 865 2142 scelerate
884 2083 979 2161 lapsus
999 2093 1083 2143 esset.
1122 2084 1184 2144 Iam

46 2183 173 2243 rgressus
193 2159 290 2220 iuerat
307 2158 484 2238 sepulcrum,
503 2177 538 2218 ac
557 2158 780 2218 resurrectionis
794 2156 904 2218 Christi
923 2159 1046 2250 vestigia
1057 2179 1184 2237 conspe-

46 2249 121 2298 erat:
140 2237 192 2296 secl
213 2237 358 2296 honorem
378 2234 423 2293 illi
441 2235 524 2293 Deus
543 2253 582 2292 ne
605 2234 676 2306 avit,
702 2253 762 2323 quo
782 2233 871 2312 paulo
897 2245 966 2313 post
984 2234 1119 2316 drgualus
1140 2247 1185 2296 est

46 2314 180 2385 mlieres,
199 2321 232 2369 ut
250 2311 365 2370 audiret
383 2331 417 2369 ex
437 2330 490 2369 ore
510 2253 621 2390 angeii,
641 2307 789 2368 Christum
809 2309 1005 2370 resurrexisse.
1042 2311 1084 2370 Et
1102 2324 1184 2372 certe

46 2393 94 2451 inc
114 2397 247 2479 apparet,
267 2394 378 2466 quanto
391 2385 485 2446 adhuc
497 2395 618 2475 stupore
631 2383 820 2459 laboraverit,
839 2384 1065 2466 quod‘trepidus
1077 2385 1183 2459 iterum

46 2465 137 2547 :fugit
155 2485 186 2524 rn
205 2483 271 2523 suas
289 2461 438 2535 latebras,
451 2461 510 2522 acsi
530 2461 603 2520 nrhil
623 2460 752 2536 vidisset,
771 2483 860 2550 quum
877 2461 969 2524 Maria
988 2462 1063 2522 flens
1077 2463 1116 2523 ad
1134 2485 1181 2526 se-

46 2544 159 2603 ulcrunr
179 2541 304 2600 sederet
345 2537 447 2613 Quare
466 2559 528 2602 non
549 2537 668 2597 dubium
690 2549 743 2614 est,
764 2537 835 2617 quin
854 2538 916 2618 ipsa
937 2548 968 2600 et
986 2539 1047 2598 eius
1058 2539 1183 2602 comites

46 2643 54 2680 ι
75 2616 177 2698 augeli
196 2637 267 2678 cons
291 2625 357 2675 ectu
375 2614 533 2675 retulerint
551 2613 711 2694 patientiae
731 2634 799 2674 suae
819 2613 994 2674 mercedem.
1024 2613 1116 2689 Quod
1136 2617 1181 2677 di-

46 2696 152 2776 :ipulos
171 2694 202 2754 in
223 2637 386 2752 Gaiilaeaor
406 2691 525 2751 arcessit
543 2689 676 2772 augelus,
694 2689 763 2751 ideo
784 2689 892 2751 factum
913 2711 975 2751 esse
991 2689 1131 2770 arbitror,
1148 2704 1183 2752 ut

46 2773 161 2832 {hristus
180 2790 212 2830 se
226 2767 359 2850 pluribus
379 2767 573 2847 patefaceret:
593 2767 698 2828 scimus
719 2767 809 2840 enirn,
828 2767 934 2828 diutius
952 2779 1098 2830 uersatum
1118 2789 1181 2831 esse

46 2847 218 2909 :Galilaea
256 2847 297 2908 Et
315 2843 373 2906 suis
392 2843 512 2904 liberius
531 2844 655 2924 spatium
677 2846 746 2906 dare
756 2843 863 2918 uoluit,
881 2855 914 2904 ut
922 2844 1062 2924 paulatim
1074 2845 1105 2904 in
1116 2846 1181 2926 ipso
1269 2849 1272 2854 '

46 2947 141 2988 ecessu
160 2925 273 2984 animos
293 2920 478 3003 colligerent.
515 2919 635 2982 Deinde
653 2919 787 2982 locorum
798 2921 982 2982 consuetudo
997 2940 1047 2980 eos
1061 2921 1182 2996 adiuvit,

46 3015 57 3062 t
78 3002 249 3093 magistrum
276 2999 384 3060 certius
409 3019 424 3058 a
448 3010 619 3058 noscerent:
643 3017 710 3058 nam
735 2995 829 3058 modis
853 2995 989 3058 omnibus
1013 2997 1182 3058 continuari

66 3091 174 3154 orturt,
199 3099 236 3138 ne
283 3076 331 3137 uid
355 3073 393 3136 ad
439 3073 487 3134 dei
513 3073 718 3152 certitudinem
743 3073 1180 3136 deesset.''13ccudtrtuults.

46 3101 86 3218 iac
107 3154 251 3235 loquendi
262 3097 364 3214 iorma
384 3162 530 3214 asseverat
548 3152 679 3243 augelus,
697 3149 798 3213 verum
818 3170 880 3210 esse
901 3151 982 3232 quod
1002 3151 1080 3212 dixit
1112 3153 1179 3212 Hoc
1213 3165 1218 3176 “

46 3245 120 3293 utem
141 3251 203 3292 non
224 3253 240 3290 a
259 3251 291 3290 se
311 3228 439 3320 profert,
457 3227 540 3307 quasi
560 3249 668 3307 primus
688 3239 764 3288 esset
782 3238 897 3302 auctor,
914 3227 965 3288 sed
978 3228 1089 3290 Christi
1108 3247 1180 3309 pro-

46 3308 156 3370 rissioni
175 3306 346 3368 subscribit:
366 3305 495 3384 ideoque
515 3303 594 3384 apud
605 3305 734 3364 Marcum
754 3307 817 3384 ipsa
829 3303 940 3365 Christi
957 3303 1048 3366 verba
1066 3318 1180 3365 tantum

46 3385 138 3446 :ducit
156 3384 186 3444 in
207 3381 398 3444 memoriam.
425 3381 518 3441 Lucas
537 3401 705 3442 sermonem
724 3379 844 3446 ulterius
869 3382 1073 3516 prosequitur,
1098 3381 1177 3461 quud

46 3460 167 3522 dmouiti
185 3460 296 3522 luerint
315 3480 330 3520 a
352 3457 472 3519 Christo
492 3455 644 3538 discipuli,
670 3457 764 3536 ipsum
788 3456 867 3518 cruci
888 3456 921 3540 gi
948 3469 1100 3548 oportere,
1121 3467 1177 3516 etc.

46 3539 131 3600 odem
150 3549 249 3598 tamen
269 3557 366 3609 sensu,
386 3533 453 3613 quia
473 3545 599 3596 mortem
619 3546 1072 3612 suanuuacunrresurrecuone
1090 3553 1178 3612 prac-

46 3615 142 3676 ixerat.
181 3613 309 3674 Additur
337 3609 425 3672 etiam
450 3622 538 3687 tunc,
560 3607 726 3670 murm
744 3609 846 3692 fuisse
867 3608 1015 3673 undarum
1039 3607 1179 3670 Domini:

46 3711 83 3750 uo
104 3691 262 3764 docemur,
285 3687 415 3779 quamvis
439 3687 514 3749 male
541 3675 736 3768 proieciisent
755 3687 785 3747 in
806 3685 917 3748 Christi
940 3685 1092 3762 doctrina,
1116 3705 1179 3746 eam

46 3787 122 3828 nnen
141 3787 204 3828 non
224 3767 362 3906 periisse,
386 3765 437 3826 sed
458 3763 551 3848 luisse³
571 3763 758 3842 suffocatam,
783 3763 879 3824 donec
902 3773 1018 3824 maturo
1044 3773 1181 3842 tempore

46 3863 148 3906 ermen
168 3864 224 3924 pro
238 3854 327 3906 erret.

106 4061 210 4171 (aab.)
256 4091 426 4159 ιιιιιίι.
465 4089 611 4154 xxvrn.
657 4089 686 4152 s.
715 4089 755 4152 nr
787 4085 950 4171 digressae
985 4080 1179 4148 serenius

46 4207 234 4261 torrurneuto
264 4217 334 4259 cum
363 4195 476 4258 timore
505 4200 537 4257 ct
565 4188 683 4274 gaudio
712 4209 826 4274 magno
855 4185 1043 4269 currebant,
1068 4199 1103 4253 ut
1129 4210 1190 4252 ren

46 4299 213 4364 tuntinrent
238 4295 402 4383 discipulis
430 4299 507 4362 eius.
552 4293 661 4380 Quum
690 4297 794 4359 nutciu
822 4292 905 4356 irent
934 4289 976 4354 nd
997 4295 1181 4358 renuntian-

678 1164 799 1224 bibitam
810 1165 899 1226 luisse
909 1167 1094 1242 medicinam,
1113 1185 1190 1248 quae
1283 1170 1287 1183 '
