2756 4838
55 2643 56 2648 ,
153 2602 271 2664 sonant,
292 2611 351 2669 quo

148 230 208 296 248
243 202 247 211 ’
308 223 425 286 SECT.
443 221 542 312 xvst
580 173 843 282 rusmsanonun
862 228 1154 282 macurnsrronrs.
1209 210 1216 227 ‘

152 391 200 442 ter
212 375 377 468 indulgent.
414 375 498 458 Ergo
518 372 641 455 periodi
662 372 784 446 faciunt,
803 395 837 434 ac
857 373 881 433 si
900 372 965 454 quis
983 375 1103 432 tebuem
1113 371 1200 452 panis
1210 373 1313 434 micam

154 455 276 528 colaret,
295 465 443 538 integrum
464 465 582 516 voraret
601 472 717 530 panem.
757 446 889 510 Culicem
908 449 1011 513 scimus
1024 449 1163 528 pusillum
1176 469 1241 510 esse
1255 453 1314 510 ani-

144 531 221 604 mal,
242 531 382 590 camelum
402 531 555 610 ingentem
575 528 711 596 belluam.
748 526 831 585 Nihil
852 547 925 607 ergo
943 526 1036 608 magis
1055 525 1216 585 ridiculum
1235 548 1316 606 quam

151 609 251 668 vinum
271 606 318 670 uel
338 625 442 688 aquam
463 604 573 680 colare,
593 625 630 663 ne
651 602 772 662 culicem
793 603 945 686 glutiendo
966 603 1065 662 fauces
1085 600 1198 677 laedas,
1217 625 1315 664 secure

151 704 225 745 uero
245 683 368 743 sorbere
390 682 540 742 camelum.
579 679 798 760 aequitatibus
819 679 928 739 deliciis
942 679 1113 760 hypocritas
1129 677 1235 740 ludere
1248 703 1315 740 cou-

129 799 130 804 .
151 769 225 834 stat,
273 759 319 818 uia
340 779 428 838 quum
448 759 603 832 iudicium,
618 755 852 832 misericordiam
873 767 903 815 et
922 755 1009 816 fidem
1029 767 1241 835 praetereant,
1259 759 1314 818 imo

151 781 367 916 totamlregem
387 834 536 914 dissipent,
555 834 585 892 in
606 831 694 910 rebus
713 843 775 890 non
794 832 908 914 magnis
928 832 992 914 plus
1014 852 1102 911 quam
1122 835 1233 892 austeri
1252 846 1315 893 snut

47 939 77 967 μ
152 931 188 972 ac
212 913 237 970 ri
261 911 308 973 idi.
336 912 443 980 ⁴Porro
471 909 559 988 quum
585 910 642 968 hoc
666 909 757 968 modo
784 909 922 969 simulent
939 929 971 968 se
993 907 1120 969 osculari
1138 909 1199 968 Dei
1217 911 1316 991 pedes,

154 933 281 1068 superbe
302 989 468 1067 conspuunt
487 987 518 1046 in
539 987 604 1046 cius
621 985 735 1046 faciem.

228 1071 276 1130 25.
315 1063 454 1138 Purgnn's
472 1067 652 1124 exteriorem.
701 1062 896 1142 Prosequitur
922 1060 1069 1120 Dominus
1097 1062 1221 1122 eandem
1247 1083 1317 1123 sen·
1364 1075 1365 1136 i

154 1142 293 1216 tentiam,
314 1161 347 1200 ac
367 1139 490 1222 figurate
510 1139 614 1199 scribis
635 1137 809 1228 exprobrat,
829 1141 887 1198 hoc
906 1159 996 1198 unum
1017 1137 1145 1198 sollicite
1165 1139 1243 1217 ipsos
1264 1161 1317 1198 cu-

153 1239 238 1292 rare,
258 1230 291 1276 ut
309 1228 424 1276 tantum
444 1237 543 1282 coram
563 1215 730 1274 hominibus
750 1215 934 1295 splendeant
974 1215 1049 1273 Nam
1067 1234 1125 1294 per
1144 1216 1317 1274 exteriorem
1364 1237 1365 1280 t

176 1293 272 1354 atinae
291 1305 405 1376 partem
425 1293 626 1371 metaphorice
647 1303 795 1350 externam
812 1292 940 1372 speciem
960 1289 1106 1372 designat,
1124 1290 1180 1352 acsi
1192 1291 1317 1364 diceret,
1364 1333 1365 1336 η

130 1315 248 1432 'l'obis
268 1369 347 1430 nulla
367 1369 634 1428 mundities-curae
655 1379 713 1441 est,
740 1369 796 1428 nisi
823 1386 898 1448 quae
923 1378 1003 1427 extra
1029 1379 1169 1458 apparet:
1193 1368 1318 1448 perinde

153 1447 221 1524 acsi*
233 1443 296 1526 q'uis
315 1445 417 1506 sedulo
438 1446 622 1526 abstergeret
641 1445 799 1506 exteriores
819 1445 921 1504 sordes
942 1441 1050 1516 calicis,
1070 1453 1151 1503 antus
1170 1463 1243 1504 vero
1262 1445 1317 1502 im-

91 1539 93 1547 ·
151 1545 258 1604 purum
278 1523 468 1600 relinqueret.
509 1521 601 1595 Quod
618 1531 714 1597 autem
735 1520 909 1582 translaticia
925 1523 962 1582 sit
975 1519 1123 1599 loquutio‚
1145 1523 1318 1580 exsecando

152 1600 289 1660 membro
303 1611 393 1680 patet,
412 1597 464 1659 ubi
484 1597 610 1657 interior
630 1597 827 1656 immundities
843 1591 1007 1667 damnatur,
1026 1598 1108 1674 quod
1120 1597 1316 1656 scilicetintus

152 1669 336 1738 referti'sint
355 1674 582 1754 intemperantia
596 1674 747 1752 etrapina.
778 1677 861 1754 Ergo
880 1672 1047 1753 hypocrisin
1061 1691 1166 1732 eorum
1178 1674 1318 1755 coarguit,
1364 1669 1365 1702 ³

154 1753 237 1832 quod
257 1773 320 1812 non
340 1751 452 1826 nisiflad
472 1749 622 1810 hominum
644 1751 748 1809 oculos
767 1751 854 1810 vitam
875 1771 954 1810 suam
976 1769 1161 1828 componere
1176 1750 1316 1822 studeant,

119 1825 125 1837 “
153 1840 188 1888 ut
207 1827 262 1887 sibi
281 1827 399 1884 inanem
420 1827 524 1886 famam
545 1825 706 1885 concilient
724 1826 895 1886 sanctitatis.
940 1827 1013 1884 ldeo
1035 1846 1087 1885 eos
1108 1827 1146 1884 ad
1165 1849 1270 1906 purum
1290 1837 1316 1884 et

152 1903 300 1974 iiucerum
323 1913 405 1961 recte
430 1901 548 1961 vivendi
574 1899 713 1960 affectum
739 1915 869 1962 revocat.
917 1901 1030 1982 Purga,
1055 1901 1170 1981 inquit,
1195 1904 1314 1983 primum
1364 1909 1365 1966 Ῑ

155 1978 235 2057 qnod
260 1977 338 2038 intus
366 1989 423 2037 est:
450 1975 828 2057 quia'scilicetridi'culum
849 1989 925 2038 esset
945 1980 1047 2038 oculos
1069 1999 1192 2058 pascere
1211 1980 1311 2053 nitore,
1364 1967 1365 2020 l

117 2115 118 2118 ,
153 2053 259 2115 bibere
280 2065 376 2114 autem
397 2073 431 2112 ex
450 2052 541 2114 calice
561 2051 741 2122 faeculento,
761 2055 808 2114 vel
828 2054 897 2115 aliis·
912 2055 1006 2114 modis
1026 2055 1155 2134 impuro.

229 2137 277 2198 27.
315 2130 432 2190 Sinailes
450 2133 515 2189 estis
532 2129 679 2205 sepulcris.
723 2131 789 2192 Atta
814 2131 988 2205 similitudo,
1013 2133 1065 2190 sed
1091 2153 1169 2210 quae
1197 2131 1311 2192 eundem

148 2209 243 2274 finem
263 2219 386 2287 spectat,
407 2219 559 2286 comparat
578 2207 656 2266 enim
678 2227 729 2266 eos
749 2208 900 2287 sepulcris,
921 2227 994 2286 quae
1014 2207 1070 2266 sibi
1084 2208 1240 2268 ambitiose
1252 2209 1311 2287 pnl-

155 2305 204 2354 cra
226 2297 256 2345 et
276 2285 367 2343 nitida
389 2295 539 2344 exstruunt
558 2281 666 2343 saeculi
688 2283 829 2344 homines.
861 2285 945 2344 Sicut
966 2303 1039 2366 ergo
1059 2284 1092 2342 in
1112 2285 1250 2366 sepulcris
1268 2285 1309 2363 pi·
1364 2309 1365 2358 g

154 2373 237 2423 ctura
256 2361 303 2420 uel
323 2361 496 2435 incrustatio
518 2360 554 2419 ad
574 2379 605 2419 se
626 2359 715 2418 trahit
736 2361 885 2420 hominum
907 2360 1020 2432 oculos,
1042 2379 1133 2450 quum
1154 2361 1230 2421 intus
1243 2381 1309 2420 ton·
1364 2419 1365 2448 ,

155 2439 215 2498 dita
235 2437 294 2496 sint
313 2437 429 2516 putrida
450 2437 601 2510 cadavera,
622 2437 661 2496 ita
675 2434 806 2498 Christus
822 2436 990 2518 hypocritas
1007 2437 1080 2496 dicat
1098 2449 1222 2498 externo
1236 2457 1313 2526 aspe-
1364 2463 1365 2520 l

154 2526 204 2574 ctu
224 2514 336 2587 fallere,
378 2514 422 2572 uia
444 2513 546 2573 fraude
568 2524 598 2572 et
616 2513 772 2592 iniquitate
792 2511 895 2574 referti
915 2524 990 2572 sunt.
1021 2514 1123 2574 Verba
1135 2515 1233 2574 Lucae
1245 2514 1315 2572 aliud
1364 2521 1365 2582 ζ

354 2535 374 2650 f
393 2590 497 2649 fallant
509 2589 659 2648 hominum
674 2588 786 2664 oculos,
805 2591 891 2649 sicuti
908 2589 1053 2670 sepulcra,
1074 2612 1152 2670 quae
1162 2611 1251 2670 saepe
1260 2611 1314 2648 uon

154 2668 401 2740 anisaradrertunt,
422 2667 472 2745 qui
492 2685 581 2798 super
601 2685 634 2726 ea
655 2663 820 2724 ambulant:
841 2687 941 2726 sensus
960 2679 1057 2725 tamen
1079 2669 1187 2727 eodem
1208 2667 1315 2738 recidit,

153 2763 262 2824 nempe
282 2742 335 2802 sub
357 2753 509 2822 praetexto
538 2741 619 2800 'alsae
639 2741 850 2818 sanctimoniae
871 2743 962 2803 latere
983 2743 1133 2804 occultum
1165 2745 1317 2812 foetorem,

154 2841 242 2899 quern
263 2819 366 2880 fovent
393 2819 423 2876 in
449 2818 506 2876 suis
528 2817 683 2896 cordibus:
710 2818 795 2878 sicuti
822 2839 1016 2878 marmoreum
1042 2841 1074 2880 se
1097 2820 1231 2894 ulmum,
1257 2820 1319 2898 quia

130 2895 249 2978 ‘pulcri
273 2907 302 2954 et
322 2893 503 2954 delectabilis
523 2894 650 2972 speciem
671 2914 743 2973 prae
763 2915 794 2956 se
815 2895 884 2968 fert,
905 2895 1052 2956 cadaveris
1073 2841 1226 2968 foetorem
1242 2898 1319 2990 tegit,

151 2993 191 3030 ne
225 2971 359 3030 offendat
383 2969 449 3028 illac
474 2980 667 3028 transeuntes.
713 2971 801 3031 Unde
832 2972 997 3064 colligimus
1028 2973 1111 3052 quod
1142 2975 1224 3066 prius
1258 2973 1318 3041 dni,
1364 2961 1365 3048 l

154 3048 320 3120 Christum,
348 3058 379 3104 ut
403 3041 572 3104 consuleret
598 3045 718 3124 rudibus
744 3059 774 3107 et
794 3049 832 3107 im
857 3048 951 3120 eritis,
978 3069 1052 3127 quos
1072 3050 1155 3110 inani
1177 3051 1249 3112 fuco
1268 3049 1318 3122 sihi

154 3123 307 3182 deuinctos
319 3121 471 3181 tenebant
491 3121 615 3197 scfibae,
636 3120 791 3184 detraxisse
803 3069 1063 3186 fallacemlarvam.
1103 3125 1226 3187 Profuit
1245 3128 1318 3188 enin
1364 3119 1365 3134 ¹

152 3197 332 3278 simplicibus
353 3200 424 3258 haec
445 3199 626 3274 admonitio,
655 3213 688 3260 ut
714 3221 730 3260 e
755 3201 891 3282 luporum
914 3201 1045 3261 faucibus
1065 3221 1098 3262 se
1118 3203 1236 3264 mature
1255 3204 1319 3264 sub·
1364 3241 1365 3254 .

154 3276 304 3334 ducerent.
346 3273 492 3334 Continet
516 3287 615 3336 tanim
642 3277 688 3335 bic
713 3275 795 3338 locus
816 3279 984 3360 generalem
1005 3275 1250 3357 doctrinamsut
1274 3279 1321 3339 lilii

152 3351 213 3414 Dei
232 3351 295 3412 nod
314 3364 373 3414 mm
393 3350 488 3412 videri
508 3371 594 3434 qnam
616 3373 678 3413 esse
699 3355 765 3437 puri
785 3363 936 3436 appetant.
996 3388 1001 3396 ·
1364 3429 1365 3466 ,

236 3613 342 3695 (183.)
384 3611 557 3680 ΜΑΤΤΗ.
577 3611 689 3678 XXlll.
729 3615 780 3679 29.
809 3613 881 3678 Vae
909 3613 1003 3680 vobis
1025 3613 1163 3681 Stribae
1189 3625 1218 3681 et
1236 3613 1316 3678 Pha·
1364 3679 1365 3690 ,

53 3729 57 3738 '
152 3719 250 3782 risaei
276 3717 482 3802 hypocritae,
516 3715 591 3802 quia
622 3717 800 3782 aedificatis
828 3715 977 3804 sepulcra
1006 3718 1255 3806 Prophetarum,
1289 3727 1321 3781 et

90 3831 92 3838 '
153 3822 276 3885 ornatis
297 3830 503 3885 monumenta
526 3824 690 3885 iustorum.
733 3821 786 3885 30.
814 3820 856 3885 Et
884 3820 1003 3900 dicitis,
1032 3823 1067 3886 Si
1096 3821 1269 3888 fuissemus
1290 3823 1321 3885 in
1364 3831 1365 3904 J

153 3923 270 3990 diebus
292 3935 416 4009 patrum
438 3934 636 4002 nostrorum,
663 3945 729 3988 non
763 3923 931 3990 fuissemus
958 3926 1039 3989 socii
1061 3947 1178 3992 eorum
1201 3931 1236 3991 in
1257 3947 1323 3990 san·
1364 3917 1365 3992 Ῐ

153 4028 249 4107 guine
290 4027 534 4114 Prophetarum.
569 4055 570 4060 ¹
599 4027 650 4092 31.
687 4027 797 4118 ltaque
830 4003 1015 4094 teitinronio
1050 4029 1129 4092 estis
1164 4028 1322 4096 vobismet
1364 4009 1365 4092 l

140 4127 247 4208 ipsis,
279 4130 368 4212 quod
397 4133 465 4194 sitis
493 4151 605 4194 eorum
633 4127 708 4208 filii,
744 4133 800 4214 qui
821 4131 1000 4217 Prophetas
1030 4129 1236 4196 occiderunt.
1277 4133 1323 4196 θλ
1364 4141 1365 4204 l

149 4225 222 4290 Vos
251 4247 382 4314 quoque
410 4230 542 4315 implete
574 4253 753 4299 mensuram
779 4243 903 4318 patrum
929 4246 1119 4300 vestrorum.
1175 4235 1229 4300 ss
1256 4235 1323 4300 Ser·

149 4334 276 4436 pentes,
295 4336 473 4416 progenies
492 4335 695 4421 viperarum,
716 4335 884 4422 quomodo
907 4337 1077 4423 effugietis
1091 4337 1252 4404 iudicium
1271 4357 1321 4423 ge·
1364 4353 1365 4390 t
