2814 4846
188 231 247 296 m
444 217 600 284 secuto
620 219 657 280 x
696 217 789 280 lasus
811 231 853 278 nr
873 215 1067 278 annrsntn

97 406 99 414 ¹
191 379 262 442 dum
280 375 369 436 nobis
388 374 522 452 exitium,
541 373 712 454 praesertim
731 391 814 446 vero,
833 371 888 432 ubi
905 371 1035 434 devictus
1055 381 1099 431 est
1118 391 1135 430 a
1156 369 1283 432 Christo
1304 383 1336 432 et

191 453 383 538 profligatus,
412 452 505 534 magis
529 463 648 514 acuatur
672 449 733 510 eius
759 447 856 510 rabies
883 471 918 510 ac
943 448 1072 510 nocendi
1099 447 1205 508 libido.
1256 448 1338 508 Nam

123 551 126 558 ’
214 533 361 611 rinsquam
385 549 441 590 nos
464 527 580 588 virtutis
603 533 672 588 suae
697 525 855 606 participes
880 525 969 586 faciat
995 523 1145 600 Christus,
1174 525 1259 604 quasi
1280 545 1338 605 per

191 555 288 670 lusum
306 619 338 667 et
356 605 454 666 iocum
473 603 506 662 iu
525 603 612 665 nobis
631 613 737 684 regnat
757 602 847 662 hostis
867 602 932 663 ille:
957 597 1061 660 Pulsus
1081 614 1179 662 autem
1195 601 1338 662 dolorem
1393 633 1394 644 r

193 707 230 748 ex
248 683 357 746 amissa
368 680 477 762 praeda
497 679 637 762 concipit,
656 699 807 757 novasque
825 679 902 740 vires
922 677 1061 760 colligit,
1069 691 1100 738 et
1111 678 1220 738 excitat
1230 697 1339 738 ornnes

193 783 262 824 suos
281 779 392 834 sensus,
410 769 444 816 ut
462 777 518 818 nos
538 758 574 817 de
595 757 656 816 inte
694 776 713 816 o
734 767 899 838 oppugnet.
938 755 1012 816 ldeo
1032 755 1238 835 metaphorice
1260 755 1336 816 dici-

192 849 243 897 tur
266 832 415 896 ambulem
431 855 487 908 per
505 833 570 894 loon
588 777 694 906 aridii}
724 831 791 912 quia
811 833 894 892 triste
914 831 957 891 illi
978 831 1111 892 exsilium
1132 843 1175 891 est
1195 843 1226 890 et
1245 853 1337 910 squa-

193 914 256 974 lido
282 913 399 971 deserto
424 909 518 970 simile
543 919 623 970 extra
647 909 780 969 homines
806 907 958 968 habitatio.
1004 909 1119 968 Eodem
1139 908 1228 967 etiam
1247 929 1336 968 sensu

97 994 100 1002 '
195 989 318 1077 diciturs,
346 1007 485 1066 pesam
506 989 648 1067 requiem,
678 1005 765 1064 quam
785 985 835 1046 diu
855 998 934 1046 entra
954 985 1089 1051 homines
1109 984 1236 1061 habitat,
1288 986 1337 1044 uia

193 1077 266 1128 tunc
290 1063 348 1126 srbi
374 1061 509 1142 displicet
533 1083 568 1124 ac
585 1072 755 1140 torquetur:
787 1081 844 1129 nec
865 1061 972 1124 desinit
990 1061 1048 1122 hon
1067 1061 1114 1122 nel
1132 1061 1205 1122 illud
1224 1007 1344 1136 mdliri,

195 1143 293 1203 donec
313 1151 469 1219 recuperet
488 1139 570 1218 quod
589 1139 693 1199 amisit.
734 1137 837 1212 Quare
857 1137 1008 1212 discamus,
1028 1138 1149 1198 simulac
1168 1160 1222 1199 nos
1244 1137 1337 1198 Chri-

193 1231 255 1280 stus
279 1227 381 1290 vocat,
412 1214 615 1276 vehementius
640 1227 671 1276 et
695 1217 790 1274 acrius
814 1225 964 1275 certamen
988 1227 1121 1294 paratum
1148 1215 1232 1275 nobis
1258 1235 1337 1277 esse.

196 1295 375 1372 Quanquam
399 1291 479 1352 enim
504 1290 642 1352 omnibus
663 1291 780 1352 exitium
800 1291 944 1367 intentat,
973 1293 1058 1352 etad
1078 1292 1261 1352 omnessiue
1283 1312 1338 1351 ex-

194 1370 335 1452 ceptione
355 1368 493 1448 pertinet,
505 1369 586 1448 quod
606 1368 678 1432 dicit
687 1367 807 1444 Petrus,
826 1367 917 1430 instar
935 1368 1079 1448 rugientis
1091 1369 1186 1431 leonis
1196 1367 1339 1444 circuire,

196 1459 228 1508 et
247 1464 390 1526 quaerere
411 1450 500 1523 qhem
519 1446 658 1506 devoret:
678 1451 780 1524 apert‘e
800 1456 899 1504 tamen
919 1445 963 1504 his
979 1445 1090 1507 Christi
1109 1444 1207 1504 verbis
1226 1466 1339 1505 mone-

174 1544 278 1600 mur,
305 1521 418 1582 maiore
444 1523 515 1582 odio
541 1531 646 1583 contra
671 1541 723 1581 eos
745 1521 867 1596 ardere,
896 1522 947 1601 qni
973 1542 1007 1581 ex
1028 1522 1089 1582 eius
1108 1520 1220 1600 laqueis
1240 1522 1338 1602 erepti

116 1669 118 1677 s
196 1612 281 1676 sunt,
308 1599 472 1681 magisque·
487 1597 585 1660 hostili
604 1597 717 1678 impetu
737 1597 817 1658 ferri.
858 1598 1016 1662 Caeterum
1036 1609 1182 1659 terrorem
1201 1599 1338 1658 incutere

196 1676 284 1746 uobis
308 1675 429 1734 minime
454 1674 545 1736 debet
569 1675 641 1736 haec
666 1673 849 1749 admonitio,
878 1675 930 1735 sed
954 1695 1010 1736 nos
1029 1675 1273 1765 expergefacere,
1304 1686 1338 1734 ut

196 1751 305 1814 intenti
329 1752 418 1810 simus
436 1751 558 1833 agendis
578 1749 723 1828 excubiis,
752 1761 783 1812 et
801 1749 1000 1832 spiritualibus
1019 1751 1105 1812 arinis
1125 1752 1223 1814 rnduti
1242 1752 1339 1813 sortes

196 1831 235 1892 ad
254 1827 447 1889 resistendum
465 1827 564 1888 simus.

273 1912 321 1970 44.
359 1902 483 1979 Reparit
499 1927 563 1964 enm
581 1919 738 1968 vnemuem.
772 1906 833 1972 Eos
853 1905 958 1990 procul
979 1905 1071 1966 dubio
1092 1903 1227 1986 designat
1247 1903 1339 1966 Chri-

196 1994 274 2057 atus,
305 1978 356 2060 qui
376 1979 460 2041 vacui
478 1981 537 2041 Dei
558 1981 673 2064 Spiritu
692 1983 728 2043 ad
747 1983 950 2063 recipiendum
970 1981 1119 2042 diabolum
1139 1981 1235 2074 parati
1254 1994 1342 2042 sunta

196 2080 265 2118 narn
285 2055 403 2133 lideles,
422 2056 454 2116 in
474 2057 582 2138 quibus
599 2059 694 2120 solide
713 2057 825 2121 habitat
844 2060 972 2140 Spiritus
991 2059 1060 2134 Dei,
1081 2059 1210 2136 undique
1231 2058 1339 2117 muniti

196 2145 282 2210 sunt,
306 2151 344 2192 ue
365 2153 422 2212 qua
441 2134 514 2194 rima
534 2137 660 2196 Satanae
702 2147 789 2198 ateat.
830 2136 923 2212 Quod
941 2134 1057 2197 dom
1070 2149 1231 2211 purgatam
1248 2149 1339 2196 vocat

198 2223 230 2272 et
253 2223 404 2289 mmm,
431 2209 593 2273 similitudo
619 2212 656 2274 ab
676 2157 845 2274 hominihus
864 2223 978 2292 sumpta
998 2223 1056 2287 est,
1086 2232 1159 2290 quos
1179 2212 1340 2271 mundities
1397 2277 1398 2282 ἵ

198 2299 230 2349 ει
252 2289 334 2348 nitor
352 2287 385 2346 in
405 2288 458 2348 hos
481 2288 539 2350 itiis
558 2289 699 2354 delectat:
729 2309 796 2349 nam
817 2291 943 2350 Satanae
962 2289 1025 2348 sola
1044 2289 1215 2348 deformitas
1235 2289 1339 2368 pulcra

115 2413 122 2431 .
198 2375 253 2440 est,
273 2376 304 2426 et
324 2363 352 2424 ei
371 2363 445 2426 nihil
460 2309 543 2426 hene
562 2366 626 2427 olet
644 2379 765 2446 praeter
783 2367 930 2428 foetorem
952 2377 982 2427 et
1001 2365 1111 2425 sordes.-
1151 2365 1262 2424 Sensus
1283 2387 1336 2425 au-

197 2451 259 2502 tem
278 2452 332 2516 est,
352 2461 502 2520 nunquam
519 2442 617 2505 locum
637 2443 669 2503 in
689 2445 777 2505 nobis
794 2443 887 2580 magis
907 2444 1095 2503 commodum
1113 2440 1242 2501 Samnae
1262 2463 1338 2518 esse,

870 2521 928 2578 lum
968 2519 1112 2598 hospitem
1148 2517 1341 2580 admittimus.

220 2539 287 2580 uam
325 2517 394 2577 dum
434 2515 554 2580 Christo
593 2519 692 2581 valere
730 2514 836 2582 iusso*

197 2539 338 2660 gammae
358 2613 432 2678 ergo
451 2597 513 2656 eius
533 2597 655 2658 deliciae
675 2610 744 2658 sunt
761 2597 886 2658 inanitas
906 2597 971 2672 illa,
991 2617 1067 2674 quae
1087 2595 1203 2656 divinae
1223 2597 1338 2682 gratiae

198 2673 367 2756 neglectum
386 2673 527 2752 sequitur.

274 2757 322 2814 45.
360 2747 508 2826 Adiungit
530 2750 586 2811 sibi
608 2765 713 2828 septem
731 2751 814 2812 ulios.
854 2749 1044 2886 septenarius
1064 2767 1201 2808 numerus
1222 2747 1271 2808 hic
1291 2748 1340 2807 in-

190 2819 337 2900 definite,
356 2837 389 2884 ut
407 2845 496 2905 saepe
515 2826 602 2904 alibi,
621 2827 745 2908 capitur.
784 2829 881 2887 Porro
922 2828 946 2887 is
964 2826 1062 2886 verbis
1082 2827 1171 2886 docet
1191 2825 1341 2899 Christus,

189 2905 223 2969 ,si
242 2923 258 2962 a
277 2921 329 2961 sua
347 2903 442 2982 gratia
461 2903 629 2979 excidimus,
648 2902 692 2966 bis
711 2905 839 2964 Satanae
858 2905 922 2964 lieri
942 2903 1102 2976 obnoxios,
1117 2915 1154 2961 ut
1173 2903 1286 2961 maiore
1306 2902 1341 2962 in

199 2999 256 3039 nos
275 2977 411 3054 licentia,
435 2999 522 3056 quam
542 2981 637 3060 prius,
664 2993 826 3063 grassetur,
852 2993 883 3041 et
902 2980 976 3040 hanc
995 2980 1098 3039 iustam
1118 2998 1181 3039 esse
1200 2977 1341 3060 ignaviae

198 3066 319 3115 nostrae
337 3073 475 3133 poenam.
507 3055 609 3132 Quare
628 3078 666 3117 ne
686 3057 836 3118 diabolum
854 3079 916 3118 uno
936 3056 1054 3136 proelio
1073 3057 1180 3115 victuni
1191 3066 1343 3135 putemus,

200 3130 253 3192 ubi
278 3129 369 3191 semel
394 3151 412 3190 a
434 3130 522 3192 nobis
542 3133 656 3197 exierit:
687 3135 748 3194 imo
767 3133 999 3207 meminerimus,
1031 3155 1119 3214 quum
1139 3131 1182 3191 illi
1201 3143 1286 3192 vetus
1301 3131 1339 3206 ¹in

199 3207 288 3270 nobis
307 3207 398 3268 fuerit
415 3208 586 3288 hospitium,
605 3231 639 3270 ex
658 3231 717 3290 qun
737 3212 800 3271 nati
818 3233 931 3286 sumus,
951 3230 1052 3270 omnes
1073 3210 1167 3270 aditus
1186 3208 1229 3267 illi
1249 3219 1340 3268 notos

199 3298 231 3348 et
250 3295 418 3363 compertos
437 3305 512 3363 esse,
530 3287 634 3365 quibus
654 3288 691 3346 ad
710 3308 765 3350 nos
784 3298 941 3367 penetrare
961 3299 1064 3368 queat:
1083 3286 1106 3346 si
1125 3297 1207 3346 recta
1223 3285 1339 3366 ingres-

162 3371 167 3384 ⁸
200 3385 247 3423 sus
271 3381 335 3421 nou
359 3359 488 3441 patebit,
519 3363 653 3424 astutiam
677 3363 720 3424 illi
744 3385 807 3425 non
831 3365 947 3440 deesse,
979 3375 1011 3423 ut
1036 3383 1091 3446 per
1114 3361 1270 3422 cuniculos
1289 3361 1338 3420 vel

79 3432 90 3458 “
201 3438 336 3518 obliquas
359 3436 446 3498 rimas
472 3439 636 3500 clanculum
660 3435 797 3521 obre'pat.
843 3440 953 3500 Danda
975 3441 1066 3524 igitur
1084 3459 1183 3520 ,opera
1213 3451 1275 3514 est,
1305 3449 1339 3496 ut

154 3539 165 3558 1¹
200 3537 327 3600 regnum
350 3513 382 3573 iu
408 3513 496 3576 nobis
521 3537 667 3608 occupans
688 3517 822 3578 Qhristus
842 3515 919 3577 hosti
938 3537 991 3576 suo
1012 3517 1105 3578 aditus
1126 3535 1231 3576 omnes
1250 3535 1337 3596 prae-

201 3595 309 3656 cludat.
349 3590 544 3666 Quantumvis
564 3615 643 3654 emm
662 3593 786 3656 violenti
804 3594 864 3653 sint
883 3605 914 3652 et
933 3593 1034 3654 infesti
1053 3594 1181 3653 Satanae
1202 3604 1339 3664 conatus,

202 3693 264 3733 non
290 3683 334 3730 est
358 3669 439 3750 quod
462 3670 522 3730 Dei
546 3670 637 3732 Filios
664 3666 835 3746 debilitent,
865 3690 939 3749 quos
963 3671 1070 3732 invicta
1095 3669 1224 3750 Spiritus
1244 3669 1338 3728 sancti

201 3750 294 3812 virtus
319 3748 351 3806 in
375 3758 441 3808 tuto
461 3760 566 3808 servat.
604 3749 645 3808 Et
662 3749 781 3822 seimus,
813 3747 888 3806 hanc
907 3767 1035 3827 poenam
1054 3746 1125 3807 solis
1144 3747 1258 3827 gratiae
1278 3746 1341 3806 Dei

202 3823 458 3907 contemptoribus
484 3823 665 3900 denuntiari,
695 3825 745 3906 qui
769 3823 915 3887 sullocata
938 3824 1007 3886 fidei
1032 3823 1099 3887 luce
1117 3843 1339 3906 suppressoque

201 3903 318 3984 pietatis
337 3901 434 3964 studio
454 3899 675 3984 profanescunt.

242 4157 348 4237 (105.)
387 4157 559 4225 ΜΑΤΤΗ.
586 4159 652 4227 xlt.
694 4159 745 4226 46.
779 4159 889 4246 Quum
918 4169 1024 4225 autem
1052 4157 1158 4224 adhuc
1184 4155 1340 4244 loquere-

203 4267 255 4324 tur
274 4257 391 4339 turbis,
411 4281 490 4326 ecce
511 4269 612 4326 mater
633 4270 665 4326 ct
686 4261 801 4328 iratres
822 4265 891 4327 eius
911 4259 1040 4327 stabant
1062 4259 1156 4338 ioris,
1177 4277 1338 4345 quaeren-

204 4369 254 4425 tcs
280 4361 311 4426 ci
338 4357 440 4446 loqui.
487 4362 539 4430 47.
565 4361 657 4432 Dixit
677 4373 788 4492 antem
802 4361 853 4432 illi
873 4361 1022 4452 quidam,
1051 4360 1139 4430 Ecce
1160 4370 1262 4428 nater
1283 4369 1339 4428 tua

808 4502 812 4548 ι
