2756 4838
128 225 186 337 tot
287 217 404 282 SECT.
423 215 521 276 xvtt.
560 213 822 284 unanimorum
840 225 1129 312 uacumurroues.
1205 258 1207 276 ,
1292 214 1313 247 -·
1375 169 1376 182 ¹

130 389 256 454 aequum
277 381 350 446 erat,
368 373 393 432 si
412 370 514 432 officio
533 388 586 430 suo
606 367 700 428 functi
720 373 843 442 essent,t
862 387 913 428 ess
935 366 992 426 toti
1017 363 1133 448 populo
1153 376 1294 426 auctores
1375 409 1376 422 ,

129 471 165 510 ac
185 448 273 509 duces
290 449 416 528 praeire.
452 447 553 509 Creati
573 445 651 506 euim
673 455 756 504 mant
774 443 952 519 sacerdotes,
969 454 1003 502 ut
1023 463 1057 501 er
1077 457 1182 500 eorum
1202 442 1292 501 labiis

131 545 233 586 omnes
252 535 391 606 peterent
409 521 497 605 Legis
516 522 683 602 seientiam,
714 519 784 580 deni
805 541 843 584 uc
860 531 894 580 ut
912 520 971 580 Dei
990 518 1172 579 exercituum
1193 539 1231 578 an
1256 519 1295 578 eli

85 671 87 680 Ι
132 614 230 662 essent
249 621 283 661 ae
301 601 479 682 interpretes
499 599 679 678 (Malach2,
698 600 751 733 ip.
786 543 851 658 led
871 597 937 676 quia
959 595 1072 676 perfide
1092 539 1293 655 vertentiu-

131 696 196 739 cem
215 677 425 752 exstinxerant,
449 676 583 756 apposite
602 695 711 756 respon
731 685 765 733 et
785 673 935 748 Christus,
959 671 1032 732 nibil
1057 691 1111 732 eos
1130 672 1292 752 proficere,

111 759 115 766 ¹
132 755 200 815 dum
219 754 319 814 salutis
340 754 507 815 doctrinam
517 751 706 831 supprimere
722 762 878 824 conantur,
897 750 965 828 quia
976 748 1075 832 potius
1092 768 1127 806 ex
1143 746 1293 827 lapidibus

131 831 274 912 erumpet.
313 829 423 891 Subest
442 841 538 889 autem
557 827 645 888 tacita
666 825 833 888 concessio:
853 847 891 886 ue
914 848 950 886 ue
971 825 1049 886 enim
1065 824 1145 886 hunc
1162 845 1292 905 praepo-

130 919 239 967 sterum
260 925 323 968 esse
343 907 478 967 ordinem
499 903 632 966 Christus
651 914 751 996 negat,
791 904 852 963 uod
867 903 902 962 iu
925 909 1023 963 octum
1036 901 1143 981 vulgus
1165 911 1197 982 et
1208 899 1293 980 pueri

130 981 254 1044 Messias
273 985 430 1045 adventum
448 1003 499 1042 sua
518 1001 593 1041 voce
609 980 701 1072 primi
721 978 785 1040 cele
808 991 884 1054 rent,
896 979 956 1049 sed
970 977 1040 1058 quia
1053 979 1209 1038 ueritatem
1230 999 1294 1036 ma-

130 1059 210 1138 ligue
230 1059 394 1132 suffocant,
419 1059 469 1138 qui
493 1057 619 1140 legitimr
638 1075 699 1116 esse
719 1055 871 1116 debebunt
890 1056 950 1115 eius
975 1065 1081 1130 testes,
1101 1074 1162 1114 non
1182 1053 1292 1112 mirum
1375 1111 1376 1132 ,

86 1161 88 1166 ¹
130 1156 204 1211 esse,
222 1135 248 1197 si
266 1135 348 1197 Deus
368 1135 440 1197 alios
461 1135 567 1196 excitet
591 1154 625 1194 ac
649 1133 681 1192 in
707 1152 809 1193 eorum
828 1131 1021 1216 ignominiam
1040 1151 1147 1210 pueros
1166 1129 1227 1191 dcl'
1268 1142 1290 1188 t.
1375 1149 1376 1154 ¹

130 1211 209 1281 Hinc
229 1214 267 1273 ad
285 1233 340 1272 nos
350 1213 428 1273 redit
443 1229 505 1272 non
538 1232 607 1272 arra
620 1208 800 1271 consolatio:
820 1210 951 1288 quamvis
961 1209 1040 1269 enim
1055 1207 1181 1290 tegendo
1196 1150 1289 1266 Cifi-

129 1289 168 1350 sti
187 1307 283 1370 regno
303 1288 415 1350 nullum
436 1309 498 1350 non
517 1231 646 1378 lipideru
664 1297 804 1346 moveant
821 1286 918 1366 impii,
943 1286 991 1346 hie
1015 1285 1148 1369 audimus
1167 1278 1288 1362 op'eram
1375 1295 1376 1298 ¹

119 1383 183 1428 teos
202 1365 313 1426 ludere.
353 1363 562 1446 Sperant,ubr
582 1363 730 1436 exturba,
750 1383 825 1442 quae
844 1383 969 1445 regnum
991 1359 1103 1423 Christi
1143 1373 1292 1434 romoret,
1375 1361 1376 1382 ¹

130 1440 204 1504 alios
224 1463 241 1502 e
260 1443 360 1504 medio
380 1440 560 1518 sustulerint,
580 1439 653 1501 alios
663 1451 743 1500 metu
756 1438 976 1519 prohibuerint,
994 1459 1024 1500 se
1037 1438 1101 1500 voti
1119 1383 1141 1496 f

130 1530 232 1598 potes:
252 1520 334 1599 atqui
352 1517 539 1580 frustrabitur
558 1537 609 1578 eos
629 1517 790 1590 Dominus,
831 1517 879 1577 uia
899 1538 933 1577 eu
952 1511 1098 1596 lapidibus
1118 1514 1218 1594 potius
1238 1533 1293 1572 ora

131 1607 162 1656 et
179 1595 294 1678 linguas
314 1595 464 1671 formabit,
484 1615 571 1676 quarn
590 1607 624 1654 ut
641 1593 764 1654 testibus
782 1536 852 1652 Filii
870 1593 914 1654 sui
932 1613 1057 1676 regnum
1077 1601 1187 1651 careat.

206 1679 253 1739 16.
291 1673 452 1753 Nunquam
469 1685 564 1732 wem
581 1670 699 1747 legistis
717 1729 719 1737 ἱ
737 1671 846 1729 Ansam
872 1669 1034 1742 calumniae
1059 1667 1175 1728 scribae
1195 1679 1227 1725 et
1243 1687 1290 1726 sa-
1375 1671 1376 1718 l

132 1749 269 1818 cerdotes
290 1770 323 1808 ex
345 1768 381 1809 eo
401 1749 556 1828 arripiunt,
576 1747 656 1826 qood
670 1746 827 1826 'sepatitur
837 1746 971 1808 Christus
980 1765 1081 1828 regem
1094 1763 1110 1804 a
1123 1743 1225 1833 pueris
1236 1763 1290 1801 vo·
1375 1743 1376 1777 l

131 1825 202 1898 cari,
221 1835 256 1884 ut
273 1845 305 1886 su
329 1823 400 1886 erbe
418 1824 429 1884 i
497 1823 548 1884 obi
566 1843 683 1903 semper
700 1823 731 1881 in
745 1821 856 1884 Christi
867 1822 1015 1904 discipulis
1033 1820 1229 1880 humilitatem
1239 1819 1293 1878 de·
1375 1807 1376 1848 ¹

130 1901 266 1960 sitiunt.
338 1901 445 1960 alitiam
486 1921 540 1960 ane
558 1899 668 1959 refutat
688 1898 822 1960 Christus
840 1900 1011 1961 testimonio
1021 1896 1155 1971 Davidis,
1174 1895 1225 1986 qui
1243 1897 1292 1954 iu-

62 2011 65 2029 «
144 1987 228 2036 tutes
268 1997 366 2056 uoque
386 1977 465 2056 ipsos
482 1991 645 2057 praepones
665 1974 734 2034 facit
753 1975 866 2066 gloriae
876 1977 943 2039 Dei.
973 1973 1155 2038 Adverbum
1176 1993 1219 2032 suc
1239 1972 1291 2030 ha-

129 2051 251 2128 betur,¹
291 2055 294 2068 ¹
332 2073 385 2114 ore
411 2051 566 2112 infantirnn
592 2064 623 2112 et
645 2051 816 2114 lactentum
840 2053 968 2114 fundasti
986 2051 1080 2112 robur
1099 2047 1164 2130 (Ps.
1184 2055 1220 2123 8,
1237 2051 1288 2125 3)-
1375 2093 1376 2116 r

104 2185 111 2196 ,
133 2131 204 2204 Quo
223 2128 370 2212 siguificat
387 2129 495 2204 David,
515 2127 627 2189 etiamsi
639 2149 740 2188 omnes
751 2128 868 2211 liuguae
881 2141 1008 2204 taceant,¹
1027 2129 1125 2188 Deum
1139 2146 1203 2185 non
1217 2145 1289 2204 opus
1375 2175 1376 2186 ,

131 2206 241 2267 habere
262 2203 324 2266 aliis
344 2206 511 2266 rhetoribus
532 2205 568 2266 ad
586 2205 785 2266 illustrandam
800 2227 880 2268 suam
890 2208 1040 2279 virtutem,
1060 2215 1149 2283 quatn
1168 2202 1290 2273 infanti·
1375 2231 1376 2256 t

130 2282 185 2344 bus
197 2283 313 2364 pueris,
332 2283 382 2364 qui
402 2305 417 2342 a
436 2295 562 2344 matrum
572 2281 714 2343 uberibus
725 2282 819 2344 adhue
832 2284 972 2365 pendent.
1003 2282 1064 2342 lsi
1082 2279 1203 2360 quidem
1218 2278 1288 2338 muti
1375 2263 1376 2298 ¹

129 2371 208 2434 sunt,
226 2361 278 2421 sed
296 2359 438 2420 mirabilis
457 2360 517 2420 Dei
536 2359 732 2439 providentia,
752 2380 826 2439 quae
845 2361 876 2418 in
896 2360 965 2441 ipsis
991 2303 1114 2430 relucet,
1134 2356 1227 2416 instar
1246 2366 1289 2414 est

129 2455 256 2498 sonorae
276 2448 307 2497 et
324 2437 533 2520 magniloquas
545 2435 706 2497 facundiae.
727 2437 802 2496 Nam
814 2437 864 2516 qui
876 2458 974 2496 secum
987 2443 1116 2516 reputat,
1137 2431 1288 2512 quomodo

129 2513 269 2596 gignatur
288 2515 320 2576 in
338 2525 425 2575 utero
449 2511 550 2574 matris
568 2513 683 2587 foetus,
707 2512 768 2573 illic
792 2511 928 2574 foveatur
949 2533 1004 2594 per
1029 2531 1138 2572 norem
1164 2527 1289 2580 meuses,

130 2591 248 2675 tandem
268 2591 297 2650 in
319 2590 415 2652 lucem
434 2591 552 2664 edatur,
578 2601 609 2650 et
627 2599 758 2669 paratum
778 2589 964 2666 alimentum,
988 2587 1108 2649 simulac
1129 2596 1289 2660 natusest,

130 2682 163 2727 re
186 2669 270 2742 eriat,
288 2688 408 2743 neeesse
429 2679 473 2728 est
491 2677 605 2730 utnon
630 2677 743 2726 tanturn
763 2667 869 2726 sentiat
890 2667 986 2726 Deum
1013 2663 1117 2724 mundi
1141 2661 1290 2742 opificem,

131 2689 183 2805 sed
201 2756 283 2806 totus
302 2745 333 2804 in
353 2745 414 2804 eius
434 2743 657 2804 admirationem
671 2743 796 2811 feratur.
825 2742 870 2802 Ita
883 2742 929 2803 sol
942 2754 972 2804 et
986 2742 1065 2814 luna,
1086 2739 1221 2819 quamvis
1232 2739 1290 2798 sint

130 2820 264 2902 elingues
283 2830 444 2894 creaturae,
463 2831 562 2878 tamen
581 2818 618 2878 ad
638 2820 784 2879 canendas
793 2819 852 2880 Dei
867 2820 966 2880 laudes
982 2819 1121 2880 disertum
1135 2823 1168 2876 et
1186 2817 1289 2876 vocale

150 2896 319 2956 raeconium
339 2895 396 2955 illis
413 2895 553 2958 tribuitur
565 2895 634 3030 ptr.
655 2903 707 2970 19,
726 2899 780 2974 2.).
825 2895 922 2956 Porro
947 2917 1036 2976 quum
1061 2893 1093 2952 in
1120 2893 1224 2974 lingua
1244 2893 1287 2951 in-

128 2917 253 3048 fantium
272 2984 436 3053 personent
456 2971 552 3063 elogia
597 2971 634 3046 ei,
655 2969 788 3031 Christus
800 2971 869 3033 bine
880 2972 1004 3055 colligit,
1024 2990 1086 3030 non
1103 2990 1167 3030 esse
1186 2969 1288 3028 absur-

130 3048 209 3124 dum,
228 3049 253 3110 si
272 3068 289 3108 a
330 3047 418 3122 ueris,
436 3048 488 3127 qui
506 3067 563 3108 ram
582 3067 636 3108 usu
655 3046 685 3108 lo
708 3047 797 3108 uendi
815 3049 942 3130 praediti
957 3061 1034 3122 suut,
1053 3067 1159 3108 vocem
1181 3045 1286 3106 eliciat.

180 3200 187 3215 ι
205 3131 252 3191 18.
331 3139 498 3184 oracutum
514 3137 663 3184 nummus.
689 3069 786 3184 qluter
804 3125 968 3186 solienuem
987 3125 1080 3203 illum,
1094 3123 1132 3183 de
1153 3143 1216 3214 quo
1237 3145 1287 3182 au-

130 3202 268 3275 diurnus,
289 3200 399 3264 Christi
418 3200 580 3282 ingressum
601 3213 632 3261 et
650 3201 727 3261 diem
747 3201 906 3277 Paschatis,
925 3215 1102 3263 nocturnum
1122 3198 1166 3259 ilb
1188 3201 1286 3280 hospi·
1375 3213 1376 3229 ¹

129 3279 204 3338 tium
223 3277 280 3338 fuit
298 3277 474 3338 Bethaniae:
495 3277 623 3338 interdiu
642 3299 714 3339 vero
734 3279 770 3338 ad
788 3279 954 3339 docendum
966 3277 1120 3358 intemplo
1142 3276 1287 3356 apparuit
1375 3269 1376 3294 ¹

129 3354 291 3417 Historiam
311 3375 393 3429 vero,
413 3375 488 3432 quae
500 3353 599 3415 medio
610 3355 662 3414 illo
675 3366 809 3436 ternpore
820 3356 957 3438 contigit,
974 3354 1109 3416 referunt
1120 3354 1287 3414 Matthaeus
1375 3359 1376 3380 ¹

114 3445 159 3494 .et
178 3433 303 3509 Marcus,
323 3431 403 3512 quod
424 3430 557 3493 Christus
576 3432 607 3492 in
626 3430 730 3492 urbem
749 3432 871 3494 veniens
895 3432 1045 3506 esurierit,
1075 3429 1232 3490 accesserit
1251 3428 1287 3488 ad

42 3508 45 3522 ¹
127 3510 226 3584 ficum,
246 3520 276 3570 et
295 3531 384 3590 quum
404 3519 522 3590 praeter
541 3507 612 3570 folia
633 3508 706 3571 nihil
726 3508 756 3568 in
778 3527 811 3568 ea
830 3509 998 3589 reperisset,
1018 3529 1080 3568 eam
1092 3505 1283 3579 maledixerit,

127 3587 218 3648 arbor
238 3607 310 3648 vero
330 3587 391 3647 eius
411 3605 484 3646 voce
503 3584 657 3646 maledicta
677 3583 820 3646 continuo
841 3585 995 3646 exaruerit.
1024 3583 1122 3644 Porro
1138 3583 1279 3646 Christum

126 3683 189 3725 uon
209 3663 511 3738 simulasseesuriem,
529 3663 582 3722 scd
600 3683 669 3725 rere
690 3683 743 3742 per
765 3683 859 3722 essum
880 3681 952 3737 esse,
971 3671 1027 3743 pro
1047 3661 1188 3721 confesso
1207 3657 1278 3716 acei-

127 3741 188 3821 pio.
227 3741 340 3802 Scimus
361 3739 439 3802 euim
458 3739 553 3805 earnis
572 3751 692 3800 nostrae
710 3683 927 3799 inbrmitatibus
946 3760 959 3798 s
982 3749 1053 3798 onte
1079 3735 1170 3796 fuisse
1190 3735 1281 3796 obuo-

126 3819 213 3893 rium,
233 3839 399 3899 quanquam
418 3827 521 3876 natura
540 3815 617 3875 liber
637 3826 667 3876 et
685 3815 819 3876 immunis
844 3827 915 3876 erat.
959 3815 1021 3874 hed
1045 3814 1075 3872 iu
1102 3833 1140 3872 eo
1168 3813 1222 3873 sita
1242 3821 1284 3870 est

127 3893 293 3970 difficultas,
313 3893 465 3975 quomodo
485 3893 625 3972 deceptus
644 3891 734 3952 fucrit
753 3891 879 3960 fructum
899 3891 929 3950 in
950 3889 1058 3951 arbore
1081 3909 1173 3950 vacua
1195 3906 1283 3968 quae-

125 3991 206 4044 reus,
224 3974 396 4052 praesertim
416 3991 506 4051 quum
524 3969 655 4028 nondum
676 3979 752 4030 esset
767 3980 910 4028 maturum
923 3966 1071 4027 fructibus·
1079 3977 1213 4100 tempus:
1235 3965 1284 4024 de-

126 4046 197 4117 inde
217 4071 269 4108 cur
287 4061 346 4108 tam
372 4065 473 4110 severe
494 4045 682 4106 excanduerit
706 4047 737 4105 in
762 4046 899 4106 arborem
923 4043 1078 4103 innoxiam.
1154 4044 1192 4102 ed
1213 4039 1283 4100 nibil

38 4177 42 4198 ,
77 4121 80 4131 ’
127 4122 326 4199 absurdiest,
349 4127 373 4186 si
393 4125 535 4198 dicamus,
560 4123 719 4190 secundum
743 4122 893 4186 homiuem
912 4119 1039 4201 speciem
1059 4117 1177 4179 arboris
1199 4118 1284 4177 fuisse
1375 4165 1376 4190 ,

125 4197 169 4256 illi
188 4197 383 4288 incognitam:
403 4201 466 4262 fieri
488 4211 584 4260 temen
603 4209 717 4334 potest,
746 4208 779 4258 ut
798 4198 933 4258 consulto
955 4194 1124 4268 accesserit,
1145 4206 1281 4254 eventum
1375 4193 1376 4242 ¹

127 4291 217 4329 nonu
262 4293 356 4336 orans.
389 4277 479 4352 Certe
500 4277 536 4336 ad
556 4297 601 4334 ma

129 4351 210 4452 iura(
225 4349 313 4410 uisset
331 4353 409 4414 enim
428 4373 491 4414 uon
510 4351 616 4414 iniusta
635 4351 808 4429 modo,-sed
827 4349 947 4431 puerilis
966 4349 1086 4429 quoque
1100 4369 1142 4410 ao
1158 4345 1282 4408 ridicula

1133 1457 1187 1497 ore
1209 1456 1293 1496 com·
1375 1451 1376 1514 t

614 4274 787 4335 edicendum
804 4272 971 4334 iracundiae
982 4271 1100 4332 fervore
1120 4291 1182 4329 non
1199 4269 1281 4348 ‘rapi-
1375 4309 1376 4346 ,
