2764 4854
259 247 430 325 (utu-⁴20.
471 241 605 306 Christus
624 217 771 322 discipulis
791 245 939 323 apparet.)
988 243 1000 324 ζ
1125 248 1185 310 399
1254 321 1255 326 η
1351 283 1352 288 ,

30 401 92 460 ιιίῑιι
118 396 211 459 verba
236 397 371 458 innuant
411 395 471 457 Sed
497 395 564 477 quia
589 396 721 456 narratio
745 396 919 474 interposita
941 395 977 454 de
999 394 1109 456 Christi
1130 397 1181 458 da·

30 476 172 535 rnationc
194 475 343 534 hominem
362 473 445 533 nullo
460 473 617 554 Evangelii
637 483 724 554 gustu
742 472 890 532 imbutum·
906 472 1036 532 alienare
1053 483 1182 553 poterat,
1236 479 1247 500 ⁹

35 554 97 611 uod
119 551 157 610 ab
178 550 329 611 Ecclesiae
348 549 532 630 praesulibus
552 552 702 610 damnatus
724 549 816 624 soret,
843 549 909 610 huic
934 549 1073 609 scandalo
1098 571 1199 629 sperus

30 627 231 709 edemptionis
252 627 382 708 opponit
401 627 541 707 Cleopas.
579 626 644 690 Etsi
671 637 769 686 autern
794 625 910 706 trepide
931 637 961 687 ct
980 626 1071 685 instar
1089 627 1181 686 vacil-

30 706 103 766 sntis
124 717 228 784 postea
249 705 379 764 ostendit
399 703 429 762 iu
451 705 503 763 hac
523 725 536 764 s
559 723 575 762 e
595 723 625 763 se
639 709 769 772 manere,
787 702 891 782 sedulo
911 714 1010 762 tamms
1031 723 1180 782 quaecun-

33 804 74 840 ne
94 793 197 861 potest
215 781 382 841 adiumenta
403 782 439 840 ad
459 779 520 840 eius
538 723 678 840 lulturam
699 779 822 870 colligit
861 781 936 840 Nam
955 781 1075 840 tertium
1100 781 1180 840 diem

30 861 49 917 h
73 858 140 938 ipso
161 879 224 918 non
244 857 304 917 alio
327 857 384 918 hnc
404 868 539 918 notatum
559 856 646 916 luisse
666 855 821 936 probabile
842 867 896 930 est,
915 857 972 918 uisi
993 855 1180 938 qniaDomi-

35 956 113 994 usse
125 935 227 995 triduo
247 947 479 995 resurrecturum
498 933 682 1014 promiserat
723 931 815 1006 Quod
835 933 942 993 deinde
963 953 1015 994 cor
1036 955 1069 994 us
1085 953 1205 1010 amu-g

30 1011 138 1072 'eribus
158 1021 310 1092 repertum
329 1031 392 1071 non
412 1010 500 1070 fuisse
519 1021 634 1087 narrat,
655 1022 685 1070 ct
705 1008 834 1070 oblatam
857 1009 914 1069 illis
940 1030 1016 1102 ange
1030 1031 1116 1071 orum
1133 1010 1178 1072 vi·
1258 1035 1263 1054 ι

29 1091 143 1162 ionem,
164 1099 195 1148 ct
214 1088 295 1168 quod
315 1085 352 1146 de
372 1087 508 1168 sepulcro
529 1107 621 1147 vacuo
642 1084 774 1146 dixerant
792 1084 942 1160 mulieres,
960 1108 1091 1148 verorum
1122 1108 1178 1148 uo-

32 1185 73 1225 ue
100 1164 272 1224 testimonio
298 1163 386 1224 fuisse
410 1161 587 1244 probatum,
607 1163 645 1222 ad
664 1163 739 1224 hauc
762 1183 903 1222 summam
923 1162 1068 1239 refertur,
1089 1165 1114 1226 L
1137 1165 1178 1224 ri-

30 1254 91 1300 tum
111 1241 311 1322 resurrexisse.
350 1241 396 1301 lta
417 1241 592 1322 piusrhomo
612 1239 692 1300 inter
710 1239 797 1300 fidem
816 1251 846 1299 et
862 1250 971 1300 metum
993 1239 1098 1304 dubius
1107 1241 1178 1310 fidei

30 1319 140 1380 dhibet
158 1318 302 1392 fomenta,
323 1329 354 1377 et
373 1331 476 1378 contra
495 1327 605 1376 metum
626 1337 682 1396 pro
701 1336 755 1376 suo
775 1316 852 1376 virili
872 1317 1006 1378 luctatur.
1073 1321 1079 1332 '
1138 1331 1140 1339 ’

90 1401 139 1459 25.
176 1393 219 1452 Et
243 1398 306 1470 ipse
329 1393 409 1454 dixit
426 1391 470 1454 nd
484 1415 542 1454 eos.
580 1392 690 1453 Acrior
708 1403 739 1453 et
758 1391 861 1453 durior
886 1394 1006 1454 videtur
1027 1393 1100 1454 haec
1120 1393 1177 1460 ob,

30 1471 145 1552 argatio
166 1491 253 1551 quam
272 1491 329 1550 pro
349 1470 457 1531 infirmi
477 1469 605 1530 hominis
624 1482 775 1550 respectu:
794 1469 896 1530 'verum
916 1470 967 1549 qui
987 1471 1179 1532 circumstan·
1204 1528 1208 1542 ,

29 1551 70 1609 ias
92 1567 195 1607 omnes
215 1548 372 1627 expendet,
391 1546 479 1608 facile
499 1546 657 1628 intelliget,
677 1545 916 1606 nonabsretam
929 1567 1033 1628 aspere
1052 1548 1180 1632 castiga-

30 1647 61 1686 os
82 1647 99 1685 a
118 1624 253 1685 Domino
278 1625 384 1699 fuisse,
413 1624 491 1704 apud
517 1643 591 1702 quos
616 1635 676 1682 tam
701 1623 777 1684 male
803 1623 969 1683 diuturnam
996 1645 1118 1705 operam
1145 1638 1176 1686 et

32 1721 111 1782 rope
138 1701 248 1781 absque
273 1699 335 1762 ullo
362 1702 460 1762 fructu
478 1700 641 1780 locaverat,
673 1699 844 1760 Notandum
864 1700 943 1760 enim
954 1713 1008 1776 est,
1029 1704 1091 1762 nou
1108 1713 1176 1760 tan-

30 1802 76 1838 ιιιι
96 1778 133 1839 ad
153 1779 207 1838 hos
227 1777 301 1838 duos
320 1778 458 1860 restringi
478 1777 559 1856 quod
580 1776 627 1837 hic
648 1776 765 1849 dicitur,
784 1777 836 1837 sed
851 1775 943 1838 obiici
963 1779 1176 1838 communevi-

30 1859 98 1928 nm,
118 1855 199 1934 qnod
218 1855 364 1915 statiores
381 1874 484 1915 eorum
504 1873 558 1914 ore
577 1853 684 1933 reliqui
702 1852 777 1914 socii
796 1853 926 1914 audiant.
965 1854 1071 1915 Toties
1087 1853 1176 1915 Chri-

30 1947 73 1990 tus
91 1931 194 1991 desua
213 1942 310 1991 morte
328 1949 380 1991 eos
400 1941 639 2011 praemonuerat,
657 1929 747 1990 toties
768 1933 857 1990 etiem
873 1930 1049 1992 disseruerat
1067 1932 1104 1992 de
1118 1952 1179 1992 no-

30 2032 48 2068 a
70 2020 101 2068 et
120 2006 265 2088 spirituali
284 2009 355 2083 vita,
373 2027 513 2086 suamque
533 2005 698 2068 doctrinam
717 2006 933 2087 Prophetarum
954 2008 1081 2069 oraculis
1101 2029 1176 2069 con-

32 2096 192 2146 rmaverat:
219 2084 299 2164 quasi
320 2084 397 2164 apud
416 2085 537 2160 surdos,
556 2083 604 2142 vel
623 2083 721 2162 potius
741 2095 863 2143 truncos
882 2105 916 2144 ac
937 2082 1064 2164 lapides,
1082 2085 1174 2146 verba
1259 2079 1276 2106 ²

30 2162 149 2233 scisset,
170 2161 273 2221 mortis
299 2161 425 2222 horrore
448 2157 577 2251 perculsi
603 2159 660 2219 huc
679 2171 710 2219 et
734 2159 804 2220 illuc
829 2179 893 2219 sese
918 2172 1045 2220 versant.
1084 2161 1172 2221 Hanc

30 2240 106 2320 gitur
123 2236 333 2298 titubationem
351 2237 492 2297 stultitiae
511 2235 618 2302 merito
637 2235 752 2308 tribuit,
772 2247 803 2295 et
823 2235 885 2296 eius
905 2256 1020 2296 causam
1040 2235 1111 2298 facit
1123 2257 1174 2296 so-

30 2315 157 2387 ordiam,
177 2315 255 2394 quod
268 2314 305 2374 ad
319 2313 497 2374 credendum
518 2331 580 2371 non
600 2311 693 2404 magis
713 2312 855 2392 propensi
875 2311 995 2371 fuerint.
1023 2315 1173 2374 Necvero

34 2393 71 2452 lis
92 2402 204 2450 tantum
223 2391 392 2471 exprobrat,
431 2389 493 2451 uod
511 2409 602 2468 quum
621 2387 680 2448 ilhs
700 2389 829 2468 optimus
848 2385 938 2448 suerit
957 2389 1107 2470 magister,
1125 2411 1173 2450 se-

33 2489 88 2528 nes
101 2467 219 2528 actardi
238 2468 348 2527 suerint
363 2411 599 2539 subterendum,
618 2467 670 2525 sed
692 2466 772 2544 quod
791 2464 1010 2544 Prophetarum
1030 2467 1172 2526 dictisat-

30 2545 88 2606 enti
107 2564 170 2605 nou
190 2543 313 2604 luerint:
332 2543 392 2604 acsi
412 2543 542 2617 diceret,
561 2541 748 2602 excusatione
768 2561 868 2602 carere
889 2561 992 2602 eorum
1011 2554 1174 2622 stuporem,

30 2623 80 2682 uia
101 2640 162 2680 nou
181 2620 238 2680 nisi
257 2639 312 2699 per
331 2639 383 2680 eos
403 2620 529 2694 steterit,
550 2640 639 2699 quum
660 2629 690 2678 et
709 2639 764 2698 per
784 2638 816 2679 sc
834 2617 983 2678 luculenta
1004 2633 1081 2680 esset
1095 2619 1173 2680 Pro-

30 2701 165 2759 hetarum
185 2696 331 2771 doctrina,
351 2707 382 2755 et
399 2696 457 2757 illis
475 2695 573 2775 probe
592 2695 732 2776 exposita.
771 2695 865 2755 Sicuti
886 2695 975 2755 hodie
995 2697 1090 2756 maior
1106 2717 1173 2776 pars

30 2775 162 2836 ominum
182 2773 306 2834 eandem
324 2772 458 2833 inscitiae
475 2791 546 2833 suae
566 2771 681 2852 culpam
700 2772 834 2844 sustinet,
854 2771 921 2851 quia
940 2772 1084 2834 indociles
1103 2787 1173 2834 sunt

30 2875 43 2913 e
66 2849 233 2932 prachacti.
269 2849 414 2910 Notemus
433 2860 541 2924 autern,
561 2871 651 2928 quum
672 2848 758 2908 nimis
777 2858 899 2930 torpere
920 2848 1078 2940 discipulos
1091 2850 1172 2912 vide-

30 2942 56 2990 et
77 2928 228 3001 Christus,
245 2937 280 2985 ut
305 2945 357 2986 eos
383 2924 616 3008 expergefaciat,
640 2923 677 2985 ab
705 2925 793 2986 ohiur
815 2924 914 2986 atione
939 2925 1081 3006 inopere.
1112 2927 1172 3002 ,Sic

30 3007 90 3066 nim
110 3004 176 3064 subi
198 3003 267 3065 endi
285 3013 364 3078 sunt,
384 3002 592 3082 qnosexperti
611 3023 708 3066 snmus
728 3001 774 3062 vel
792 2945 883 3063 duros
903 3001 950 3063 vel
970 3001 1102 3082 ignavos.

84 3089 133 3146 26.
204 3101 278 3140 nune
295 3076 366 3140 brias
382 3081 510 3154 Qumis
526 3082 595 3152 past
616 3077 685 3139 cte.
724 3079 795 3138 Non
820 3077 941 3139 dubium
967 3091 1011 3139 'est
1036 3079 1107 3160 quin
1132 3081 1170 3142 de
1220 3101 1224 3124 ⁸

30 3159 135 3219 lessiae
155 3157 268 3232 officio,
286 3155 374 3235 quale
394 3155 570 3234 descriptum
582 3167 651 3215 esta
663 3155 832 3247 Prophetis,
852 3157 1045 3216 concionatus
1055 3157 1092 3216 sit
1100 3157 1169 3222 Dos

30 3238 116 3308 rinus,
129 3253 259 3294 nemore
269 3233 362 3294 erucis
373 3231 558 3292 offendiculo
573 3245 659 3307 esset,
677 3243 708 3292 et
719 3253 749 3291 ιιι
760 3232 868 3294 itinere
883 3233 972 3292 trium
985 3233 1032 3294 vel
1043 3247 1171 3313 quatuor

32 3333 154 3372 orarum
173 3307 242 3371 satis
262 3309 318 3369 fuit
337 3309 373 3370 ad
392 3307 514 3369 uberem
533 3329 631 3370 rerum
652 3308 877 3388 explicationem
895 3310 990 3390 spatii.
1014 3310 1169 3404 Nouergo
1194 3315 1198 3326 ⁴

30 3389 105 3449 ibus
124 3387 220 3447 verbis
239 3381 523 3446 assenritChristum
542 3385 708 3466 oportuisse
728 3385 871 3465 pati,'sed
889 3387 1003 3466 prolixe
1023 3387 1170 3462 disseruit,

30 3468 127 3526 ussum
147 3464 216 3524 ideo
236 3463 324 3524 luisse
343 3474 377 3522 ut
395 3461 498 3522 mortis
525 3461 670 3522 sacrificio
694 3473 817 3541 peccata
840 3463 942 3523 mundi
967 3463 1111 3543 expiaret,
1136 3477 1169 3524 ut

30 3552 143 3620 ἑθαρμα
164 3540 250 3608 fieret
274 3539 311 3600 ad
334 3537 497 3600 tollendam
522 3537 776 3612 maledictionem,
798 3550 832 3598 ut
854 3560 909 3599 suo
934 3552 1018 3600 reatu
1042 3541 1168 3600 aliorum

30 3619 111 3679 ›rdes
131 3616 253 3676 elueret.
290 3613 365 3677 Ideo
384 3615 560 3677 sententiam
581 3613 656 3675 hanc
681 3615 895 3706 interrogative
921 3617 1045 3696 protulit
1063 3617 1168 3692 Lucas,

30 3693 128 3754 raioris
139 3692 343 3754 vehementiae
355 3713 453 3752 musa:
472 3692 552 3752 unde
566 3690 728 3772 colligitur,
746 3691 910 3754 rationibus
921 3704 1067 3753 ostensam
1080 3693 1169 3754 luisse

30 3769 113 3832 sortis
133 3770 347 3831 necessitatem.
386 3769 505 3828 Summa
519 3780 573 3840 est,
614 3787 747 3846 erperam
766 3769 880 3828 turbari
900 3768 1057 3850 discipulos
1074 3769 1168 3853 magi-

30 3849 60 3908 ri
81 3847 126 3906 sui
145 3859 241 3906 morte
261 3844 407 3926 (sineque
419 3843 543 3924 implere
556 3788 667 3904 ctirtsu
677 3856 775 3924 partes
790 3866 853 3905 non
866 3845 979 3925 potuit:
1000 3848 1067 3926 quia
1079 3868 1168 3927 prae-
1242 3905 1245 3912 .

30 3927 129 4005 ipunm
147 3922 360 4002 redemptionis
380 3932 469 4002 capnt
488 3922 624 3981 erateius
636 3920 826 4001 immolatio),
845 3921 994 3982 hoccnim
1013 3925 1104 3984 modo
1123 3925 1167 3984 ia-

30 3994 98 4060 nam
117 3999 283 4076 obstruere,
301 4019 339 4058 ne
359 3999 390 4057 in
410 4014 535 4134 reguum
554 4019 637 4057 suum
657 3999 786 4060 accedat.
827 3997 919 4072 Quod
939 3998 1098 4090 diligenter
1109 4021 1167 4060 no·
1189 4031 1193 4037 ·

30 4078 130 4138 indum
149 4089 202 4136 est
239 4077 315 4136 Nam
336 4095 424 4156 quum
474 4075 579 4134 hristus
599 4073 788 4136 honoresue
809 4085 924 4148 careat,
948 4075 1004 4134 nisr
1031 4089 1168 4138 censetur

30 4155 124 4214 {etima
143 4175 200 4233 pro
221 4153 364 4234 pcccatis,
389 4151 491 4219 unicus
511 4151 555 4209 illi
575 4151 605 4209 in
625 4152 749 4234 gloriam
769 4170 850 4210 suam
876 4150 1023 4232 ingressus
1049 4165 1093 4212 est
1117 4176 1167 4214 ex-

30 4229 134 4291 sauitio
154 4229 205 4289 illa
225 4229 316 4310 (Phil.
335 4237 364 4303 2,
383 4229 438 4306 7.),
458 4249 491 4288 ex
512 4249 568 4306 qua
587 4225 771 4308 Redemptor
789 4227 916 4286 emersit
953 4228 1046 4308 Atqui
1065 4231 1096 4288 in
1117 4251 1167 4290 or-

30 4309 77 4367 ine
98 4319 290 4386 praepostero
311 4307 405 4367 nihilo
425 4305 516 4366 levius
536 4303 624 4364 hodie
644 4305 722 4364 inter
735 4323 790 4362 nos
802 4304 917 4382 peccari
936 4304 1079 4366 videmus:
1100 4328 1165 4364 naua

30 4411 41 4444 s
64 4405 168 4444 eorum
190 4383 285 4458 turba,
307 4384 357 4462 qui
376 4381 531 4465 magnifice
544 4381 693 4442 Christum
707 4383 818 4462 llegem
839 4381 1019 4458 praedicant,
1041 4403 1166 4462 eumque
