2790 4838
354 271 437 350 (1⁰⁰.
462 267 543 330 iesus
560 223 725 331 Pharisaeis
741 285 774 332 se
793 269 953 352 subducit)
1073 289 1076 300 .
1157 279 1217 344 m
1294 251 1299 264 ,

70 436 153 494 rent
184 427 218 492 in
248 445 337 506 eum,
366 447 435 512 quo
462 423 552 492 illum
579 435 774 512 tangerent,
795 436 955 516 quotquot
980 425 1216 514 affligebantur.

71 530 125 595 11.
150 527 197 592 Et
218 529 349 612 spiritus
370 527 540 602 immundi,
570 547 667 615 quum
688 526 779 592 illurn
800 527 971 606 vidissent,
1000 531 1217 612 procidebant

70 633 119 708 ei,
152 639 188 694 et
210 625 406 706 clamabant,
435 627 591 705 dicentes,
618 627 670 692 To
692 648 727 692 es
747 625 851 693 Filius
871 629 945 694 Dei.
986 628 1038 694 12.
1056 629 1099 698 Et
1118 629 1216 700 vehe-

67 740 206 796 menter
225 723 492 814 interminabatur
513 731 568 807 eis,
587 749 630 792 ne
650 748 686 793 se
706 729 906 794 manifestum
926 729 1080 795 lacerent.

95 911 99 923 ,
159 845 266 914 LUC.
287 847 346 910 vt.
388 847 438 912 11.
470 847 535 932 ipsi
557 857 660 910 antem
680 844 798 932 repleti
818 857 893 912 sunt
914 841 1064 928 amentia,
1090 860 1126 946 xet
1147 853 1214 922 col·

68 945 300 1036 loquebantur
320 949 405 1014 iuter
424 970 471 1026 se,
490 946 643 1033 quidnam
663 946 808 1012 lacerent
827 948 911 1012 Iesu.

151 1103 262 1166 blatth.
285 1112 333 1171 14.
371 1110 469 1166 Porro
494 1103 686 1164 Pharisaeic
792 1104 985 1164 transilirent.
1030 1105 1095 1181 En,
1123 1127 1210 1187 quam

69 1183 213 1262 pertinax
233 1181 318 1242 inror
341 1181 487 1262 reprobos
508 1182 544 1240 ad
563 1181 685 1242 resisten
708 1201 755 1239 nm
773 1181 841 1240 Deo
862 1181 900 1240 im
924 1180 1003 1239 ellat.
1039 1182 1116 1242 Nam
1135 1197 1210 1244 con-

69 1259 146 1318 victi
176 1280 260 1318 suam
287 1257 471 1318 virulentiam
496 1257 587 1340 magis
611 1278 646 1318 ac
668 1256 761 1338 magis
786 1201 978 1319 'refundunt
1036 1257 1103 1318 Hoc
1129 1272 1212 1320 certe

69 1333 254 1395 detestabile
273 1346 435 1395 monstrum
455 1345 514 1406 est,
543 1333 623 1412 quod
642 1331 773 1414 primarii
818 1332 880 1414 egis
900 1333 1055 1416 dqctores,
1085 1336 1135 1413 qui
1154 1357 1210 1417 gn-

69 1411 237 1472 bernacula
256 1410 406 1472 Ecclesiae
424 1410 582 1484 tenebant,
602 1409 749 1470 latronum
769 1409 860 1481 instar
879 1428 933 1488 per
951 1407 1056 1470 caedes
1075 1430 1210 1492 grassan-

68 1499 129 1548 tur.
172 1488 236 1548 Sed
255 1488 294 1548 ita
314 1487 448 1570 qccidere
468 1507 587 1548 necesse
607 1498 666 1562 est,
691 1484 806 1566 quoties
826 1481 883 1544 huc
902 1484 1039 1564 prorupit
1057 1484 1210 1548 hominum

69 1563 203 1638 malitia,
233 1575 266 1622 ut
290 1563 462 1624 exstinctum
485 1563 606 1644 cupiant
625 1563 691 1642 quic
714 1561 934 1632 uid,adversum
955 1569 999 1622 est
1018 1581 1120 1622 eorum
1140 1562 1209 1623 lihi-

69 1641 157 1716 dini,
185 1640 315 1718 quamvis
341 1640 466 1701 exiled
491 1640 537 1700 sit.
582 1639 675 1716 Quod
693 1583 763 1721 iuga
783 1636 909 1698 elabitur
930 1635 1079 1714 Christus,
1107 1639 1210 1722 timori

69 1716 279 1797 imputandum
304 1737 366 1776 nou
392 1729 444 1777 est.
488 1718 593 1796 Neque
614 1715 692 1777 enim
711 1714 873 1776 animosior
890 1715 984 1774 iactus
1004 1725 1048 1774 est
1065 1718 1209 1796 temporis

67 1813 221 1872 successu,
239 1794 292 1854 sed
312 1791 550 1874 eademSpiritus
569 1791 754 1866 fortitudine,
772 1792 841 1852 dum
861 1791 949 1872 fugit,
967 1789 1115 1870 praeditus
1135 1806 1209 1871 erat,

68 1890 129 1950 qna
155 1890 189 1930 se
213 1882 317 1950 postea
341 1870 420 1930 ultro
445 1871 482 1930 ad
505 1881 632 1930 mortem
658 1868 775 1930 obtulit.
811 1868 853 1928 At
895 1867 1003 1929 ehaec
1022 1888 1088 1948 pars
1109 1870 1208 1932 caina-

68 1946 198 2006 nitionis
217 1946 279 2006 eius
299 1945 370 2020 luit,
396 1968 482 2026 quam
502 1945 538 2006 ad
557 1946 633 2006 Phil.
652 1951 736 2024 2,.7.
755 1887 996 2019 iaudatqiimtus,
1037 1947 1097 2006 nod
1137 1969 1208 2009 uum

67 2021 215 2084 miraculo
241 2022 273 2094 in
292 2035 433 2159 promqtu
451 2021 575 2084 haberet
593 2022 682 2086 vitam
700 2043 781 2082 snam
799 2021 891 2111 tueri,
919 1967 1062 2104 fugiendo
1081 1967 1207 2085 inioni-
1300 2022 1303 2031 '

66 2110 164 2162 tatem
188 2111 319 2161 nostram
345 2121 379 2160 sn
400 2099 444 2161 ire
463 2099 574 2160 maluit.
611 2099 711 2160 Porro
729 2119 792 2159 non
812 2098 867 2160 aha
887 2099 924 2158 de
944 2119 1029 2160 cansa
1047 2101 1126 2162 mori
1145 2101 1207 2165 dis-

66 2177 148 2252 tulit,
169 2197 256 2256 quam
276 2175 345 2255 quia
363 2177 494 2236 nondum
514 2188 715 2256 opportunum
732 2187 849 2256 tempus
867 2185 899 2234 et
916 2173 1034 2236 aPatre
1053 2175 1206 2238 decretam
1249 2195 1250 2198 ’

66 2263 203 2313 venerat.
240 2253 360 2312 interea
379 2253 565 2334 perspicuum
585 2265 629 2312 est
670 2251 793 2312 coelesti
813 2250 911 2341 potius
930 2249 1039 2312 virtute
1057 2265 1204 2314 servatum

67 2327 160 2390 luisse
185 2349 272 2409 quam
299 2328 382 2409 luga:
412 2349 510 2464 neque
534 2329 613 2388 e'nim
634 2293 769 2390 bentibus
795 2326 915 2386 difficile
935 2337 999 2387 erat
1017 2327 1048 2388 iu
1069 2349 1136 2389 enm
1155 2351 1205 2390 se-

67 2425 200 2480 cessum,
230 2425 292 2486 qno
317 2425 348 2465 se
374 2415 464 2466 contu
477 2404 516 2479 it,
547 2417 718 2485 penetrare:
750 2425 806 2465 uec
830 2424 862 2464 se
882 2401 1071 2470 intenebras
1090 2404 1205 2466 abdidit

65 2501 209 2564 magnum
233 2481 403 2544 comitatum
426 2500 525 2542 secum
544 2481 679 2554 trahens,
711 2492 741 2540 et
759 2479 905 2540 miraculis
923 2477 1085 2560 nobilitans
1104 2481 1205 2543 locum

65 2558 171 2634 istum,
200 2559 253 2618 sed
278 2569 391 2618 tantum
414 2555 451 2621 ab
478 2577 581 2618 eornm
607 2569 768 2636 conspectu
794 2576 825 2616 se
849 2553 1000 2628 suhduxit,
1031 2575 1070 2615 ne
1089 2555 1203 2618 rabiem

65 2645 198 2696 acueret.
243 2633 371 2694 Morcus
394 2634 492 2710 addit,
522 2632 675 2696 consilium
703 2653 754 2694 eos
775 2643 904 2710 captasse
924 2652 989 2692 cum
1010 2631 1200 2708 Herodianis,

67 2733 144 2803 qnos
169 2724 269 2772 minen
294 2712 418 2790 pessime
443 2710 576 2772 oderant.
619 2711 692 2770 Nam
714 2707 916 2789 quumsvideri
935 2707 1046 2766 vellent
1085 2708 1203 2770 nblicae

66 2787 210 2850 hhertatis
231 2787 368 2848 custodes
388 2809 422 2850 ac
441 2787 593 2864 pindices,
611 2806 730 2848 necesse
752 2796 831 2860 erat,
855 2796 889 2850 ut
908 2782 1032 2864 capitale
1072 2785 1202 2846 escidium
1238 2802 1241 2813 “

66 2883 100 2924 cx
119 2864 257 2950 professo
278 2885 344 2924 cnm
362 2864 481 2955 tyranni
501 2862 638 2924 ministris
659 2871 842 2924 exercerent:
869 2859 1017 2942 praevalet
1035 2870 1134 2922 tamen
1154 2861 1203 2921 lu-

66 2941 177 3003 riosum
202 2939 313 3002 Christi
333 2940 451 3016 odium,
479 2951 514 3000 nt
531 2961 593 3000 non
612 2940 704 3000 modo
725 2961 790 3000 cum
810 2935 911 2998 alienis
930 2937 1118 3016 conspirent,
1148 2941 1202 3002 sed

65 3017 249 3080 familiariter
263 3019 303 3078 'se
329 3016 480 3077 insinuent
502 3018 533 3077 in
559 3038 662 3077 eornm
687 3015 826 3098 gratiam,
857 3035 874 3074 a
914 3035 1020 3074 uorum
1040 3035 1202 3100 congressu

65 3095 134 3156 alias
160 3094 335 3155 abhorrent.
377 3094 453 3154 Nam
473 3093 717 3174 qunmimpietas
737 3093 793 3154 huc
812 3091 881 3152 illuc
895 3037 1035 3157 homines
1054 3093 1199 3188 raptando

64 3171 95 3230 in
115 3172 245 3232 diversas
259 3182 361 3262 partes
380 3181 459 3252 agat,
477 3191 538 3230 uno
558 3181 656 3230 mmen
676 3189 822 3230 consensu
841 3189 892 3229 eos
912 3168 944 3228 in
964 3179 1113 3230 certamen
1133 3191 1200 3232 cum

63 3245 132 3308 Deo
159 3247 327 3308 committit.
370 3246 416 3305 lta
435 3246 533 3306 nullae
551 3245 721 3306 inimicitiae
742 3245 876 3319 obstant,
906 3245 1061 3324 quominus
1080 3267 1199 3310 manum

64 3324 222 3406 porrigant
241 3323 289 3384 alii
309 3314 372 3383 aliis
391 3321 428 3382 ad
447 3322 677 3406 oppugnandam
696 3321 756 3381 Dei
776 3321 937 3384 veritatem.
1193 3335 1214 3392 g

139 3406 188 3466 16.
225 3399 268 3460 Et
285 3402 483 3460 intermittemus
500 3414 550 3460 cst.
589 3397 678 3459 Aliud
698 3396 836 3477 quiddam
855 3395 947 3479 magis
966 3397 1093 3478 speciale
1112 3398 1200 3480 ponit

61 3475 207 3549 Meu-caes,
268 3476 328 3538 uod
357 3475 475 3555 spiritus
508 3475 673 3543 immundos
698 3495 763 3536 com
787 3474 929 3548 escuerit,
959 3474 1009 3552 qui
1033 3475 1200 3537 clamabant

46 3552 158 3634 ‘ipsum
179 3497 370 3613 essehilium
387 3550 457 3611 Dei.
497 3551 622 3614 Causam
641 3571 712 3612 vero
734 3495 803 3611 alibi
824 3549 1019 3628 ostendimus,
1049 3574 1100 3612 cnr
1120 3553 1198 3612 eius-

61 3629 143 3690 mo'di
168 3640 257 3690 testes
276 3649 339 3690 non
359 3627 517 3688 admiserit.
554 3629 660 3707 Neque
679 3639 778 3688 mmen
798 3627 917 3688 dubium
938 3637 998 3702 est,
1030 3629 1101 3707 quin
1121 3626 1197 3688 divi-

61 3705 138 3767 nitus
159 3717 273 3768 extorta
293 3703 384 3766 luerit
404 3703 528 3765 diabolis
547 3704 619 3764 haec
639 3703 800 3785 consessio:
820 3703 872 3763 sed
892 3714 1047 3793 postquam
1069 3701 1198 3763 ostendit
1260 3717 1265 3728 ·

62 3783 214 3859 Christum,
241 3782 368 3862 irnperio
393 3801 447 3841 sno
475 3801 536 3842 esse
561 3779 724 3855 subiectos,
753 3780 861 3840 merito
887 3778 1004 3838 srmnla
1024 3775 1196 3839 testimonio

61 3859 184 3938 depulit.
244 3858 306 3918 Sed
331 3857 416 3932 latius
441 3868 522 3937 patet
572 3856 653 3936 quod
678 3855 748 3918 dicit
771 3857 952 3916 Matthaeus:
981 3874 1089 3939 nempe
1115 3853 1197 3933 quod

62 3933 195 3997 Christus
213 3934 478 4024 signorum,·qnae
498 3901 615 4008 edebat,
635 3933 772 3994 famame
795 3933 858 4014 argi
877 3932 1012 4004 vetuerit,
1031 3947 1098 4022 non
1115 3930 1196 4012 quod

57 4027 123 4072 eam
147 4011 269 4093 penitus
293 4010 434 4148 seqaprimi
458 4009 550 4070 vellet
571 3953 840 4146 §quemadmodum
865 4007 935 4068 alibi
960 4007 1196 4085 admonuimus),

58 4088 108 4149 scd
132 4100 167 4148 nt
193 4099 258 4148 acta
288 4109 320 4148 ra
343 4088 387 4147 ice
406 4097 551 4148 matunam
591 4086 678 4146 erode
698 4098 729 4146 et
747 4086 869 4146 uberem
889 4083 1015 4143 fructum
1035 4083 1194 4162 proferret.

59 4165 171 4226 Seianus
192 4165 283 4238 enim,
304 4163 454 4224 Christum
474 4183 515 4222 no
556 4162 656 4222 lusisse
675 4161 706 4222 in
727 4161 882 4236 miraculis,
900 4158 953 4221 sed
972 4160 1195 4222 huuchabuisse

77 4263 112 4304 ro
135 4243 244 4303 osit'um
267 4241 373 4316 finem,
388 4251 437 4304 ,nt
461 4259 492 4300 se
517 4185 706 4300 betilium
730 4237 873 4319 probaret
897 4256 930 4298 ac
960 4237 1058 4298 datum
1081 4237 1194 4318 mundo

57 4263 100 4379 he
122 4330 300 4400 emptorem.
335 4317 395 4388 sed
417 4301 557 4396 paulatini
575 4315 606 4375 in
626 4316 721 4374 lucem
741 4314 863 4395 prodiit,
882 4333 916 4374 ac
936 4335 990 4396 per
1009 4326 1105 4376 certos
1125 4335 1194 4396 gra-

57 4396 122 4460 ias:
142 4415 201 4461 nec
222 4393 307 4459 aliter
325 4393 488 4476 patenum
509 4403 563 4474 est,
583 4388 675 4475 qualia
695 4404 767 4471 erat,
787 4411 875 4472 quam
893 4389 1009 4458 terebat
1027 4390 1194 4456 ordinatum
