2766 4834
158 235 199 298 76
334 165 564 290 secriotn.
603 224 680 284 Iesu
699 226 854 306 netues
873 161 918 282 air
937 234 1109 286 recanere.

93 432 97 440 .
160 383 274 464 quicun¹
292 401 327 442 ue
346 401 457 454 nomen
478 379 597 442 Christo
617 377 713 438 daturi
732 388 825 462 cunt,
837 387 871 441 et
890 375 934 436 bis
954 375 1039 446 armis
1059 373 1180 447 instari,
1205 384 1239 434 ut
1259 375 1297 436 in

104 495 120 510 ι
161 459 222 522 eius
248 401 305 520 fide
331 459 495 548 persistant.
541 455 622 514 Haec
642 464 739 513 autem
767 453 856 536 longe
882 451 1050 534 gravissima
1074 449 1200 510 tentatio
1224 451 1303 524 suit,

162 535 242 617 quod
267 555 282 594 a
303 557 360 594 suus
380 533 495 615 agnitus
514 551 575 590 non
597 530 653 590 luit
673 530 822 604 Christus,
847 529 906 588 imo
928 527 1140 590 contumeliose
1163 527 1299 588 reiectus

161 614 198 674 ab
219 632 255 672 eo
276 611 406 691 populo,
429 608 529 688 quise
550 607 611 668 Dei
627 607 789 667 Ecclesiam
814 617 880 666 esse
896 605 1093 688 gloriabatur:
1119 604 1298 684 praesertim

66 735 69 754 .
160 710 232 750 vero
260 689 339 779 quod
365 685 530 746 sacerdotes
556 695 586 744 et
611 683 739 758 scribae,
766 705 855 764 penes
883 704 956 761 quos
980 682 1129 751 Ecclesiae
1157 683 1300 761 regimen

157 777 241 836 erat,
265 763 315 840 ¹illi
335 760 514 824 inlestIssimi
537 759 656 820 luerunt
677 761 783 820 hostes.
831 759 906 836 Quis
931 761 1009 818 enim
1036 768 1163 848 putasset
1188 778 1298 818 corum

162 863 224 903 esse
237 841 359 922 Regem,
380 837 516 918 aquibus'
531 848 589 896 tam
601 833 725 918 indigne
760 834 941 914 robroseque
961 835 1043 896 reiicr
1055 833 1186 896 videret?
1207 837 1298 926 Ergo

161 939 224 979 non
248 917 299 978 abs
324 936 358 976 re
383 914 527 995 praedicit
552 911 690 986 Simeon,
752 913 873 972 hristum
899 912 1025 992 positum
1051 931 1114 972 esse
1138 911 1234 970 narrltis
1261 933 1298 971 en

160 993 286 1066 ruinam,
309 991 475 1070 etquidem
496 991 527 1050 in
570 989 661 1068 epulo
682 987 798 1070 Israel(
822 987 931 1048 Sensus
951 1001 1047 1048 autetu
1069 1001 1128 1048 est:
1154 987 1299 1048 divinitus

160 1090 223 1130 esse
245 1068 430 1141 ordinatum,
456 1079 487 1126 ut
506 1012 613 1126 inuitos
634 1065 750 1149 deiiciat
771 1087 803 1126 ac
824 1065 1006 1156 praecipitet.
1050 1065 1110 1124 Sed
1130 1064 1300 1132 notandum

160 1158 219 1220 est,
247 1144 362 1204 ruinam
387 1144 456 1203 inde
477 1144 660 1223 procedere,
714 1143 773 1202 uod
794 1141 937 1202 increduli
961 1141 991 1201 in
1018 1163 1083 1202 eum
1110 1140 1299 1223 impingunt:

183 1221 242 1282 uod
268 1222 356 1300 paulo
379 1231 449 1312 pest
473 1219 658 1299 exprimitur,
673 1164 734 1286 „uhi
763 1219 886 1278 Simeon
910 1231 997 1278 vocat
1021 1219 1147 1354 Siqnum
1172 1229 1300 1280 conma-

161 1241 328 1360 dictocium.
367 1299 460 1378 bego,
481 1295 548 1375 quia
568 1294 693 1356 rebelles
713 1307 782 1356 sunt
802 1293 921 1358 Christo
942 1295 1065 1356 incredu
1077 1295 1097 1370 i,
1117 1295 1153 1356 acl
1173 1315 1248 1368 eum¹
1263 1315 1299 1354 se

160 1373 301 1448 allidunt,
324 1373 402 1436 unde
427 1373 569 1452 sequitur
585 1391 687 1432 eorum
713 1371 806 1432 ruina.
851 1373 904 1432 Est
929 1385 1026 1432 autem
1050 1373 1173 1434 deducta
1197 1383 1300 1430 mcta-

160 1451 255 1532 phora
280 1470 296 1510 a
323 1469 433 1530 scopo,
458 1449 487 1508 in
515 1469 602 1528 quem
628 1447 780 1508 collimant
804 1448 994 1524 iaculatores,
1020 1449 1078 1508 acsi
1105 1447 1219 1508 dixisset
1242 1445 1299 1507 Si-

159 1547 264 1588 meon:
290 1527 357 1586 binc
382 1525 558 1606 perspicitur
579 1525 729 1584 hominum
750 1525 877 1601 malitia,
901 1525 961 1585 imo
988 1526 1079 1585 totius
1106 1523 1224 1586 humani
1244 1524 1301 1582 in-

160 1604 242 1686 genii
268 1607 410 1684 prauitas,
441 1602 521 1680 quod
546 1621 648 1662 omncs
672 1601 732 1662 Dei
757 1601 833 1662 Filio
883 1603 943 1662 nasi
969 1603 1044 1663 lacta
1072 1601 1300 1682 conspiratione
1369 1600 1381 1626 ’

160 1681 339 1760 obstrepunt
359 1699 392 1738 ac
411 1677 580 1738 reclamant
618 1679 723 1758 Neque
743 1678 822 1740 enim
842 1624 907 1739 caiis
923 1692 999 1740 esset
1017 1679 1300 1744 mundiconsensus

161 1756 198 1817 ad
223 1753 483 1816 contradicendum
503 1755 584 1814 Evan
610 1753 684 1830 elio,
709 1753 765 1815 nisi
786 1755 933 1834 quoddam
960 1769 1035 1816 esset
1059 1756 1141 1816 velut
1160 1753 1299 1815 naturale

164 1831 314 1894 dissidium
338 1829 416 1889 inter
440 1829 547 1890 Filium
605 1831 631 1890 ei
657 1844 687 1892 et
711 1825 844 1892 hontines
870 1833 957 1912 ipsos.
1006 1833 1071 1896 Etsi
1095 1843 1191 1892 autem
1215 1830 1302 1890 inter

127 1967 129 1972 .
161 1931 192 1970 ιε
214 1908 292 1997 ipsos
312 1906 453 1967 dissident
466 1907 622 1990 Evangelii
644 1907 742 1968 hostes
762 1911 809 1988 (ut
830 1929 880 1969 eos
900 1909 931 1969 in
953 1907 1079 1972 diversas
1100 1921 1196 1989 partes
1215 1907 1302 1986 rapit

162 2005 213 2048 sue
233 1983 354 2044 ambitio
375 1983 427 2052 vel,
442 1982 542 2058 luror,
568 1997 601 2044 ut
621 1983 735 2045 factiosi
754 1985 928 2044 scinduntur
947 1986 976 2048 in
998 1983 1111 2048 diversa
1131 1984 1240 2058 studia,
1263 1995 1302 2043 ut

102 2096 109 2104 ·
161 2059 402 2142 superstitionum
414 2059 565 2150 multiplex
585 2073 630 2122 est
647 2061 780 2134 varietas,
801 2083 876 2152 quae
896 2061 1065 2123 idololatras
1077 2062 1170 2124 disiun
1194 2062 1242 2138 it),
1264 2059 1299 2118 in

161 2137 220 2200 boc
245 2141 344 2198 tamen
372 2149 561 2196 consentiunt
585 2159 705 2212 omnes,
729 2151 761 2199 ut
780 2137 857 2198 Filio
880 2138 938 2198 Dei
964 2139 1134 2200 reclament
1212 2157 1298 2196 uam-

162 2214 267 2276 obrem
287 2233 357 2276 vene
378 2213 568 2288 dictumest,
592 2214 677 2274 nimis
698 2214 878 2276 luculentum
898 2235 960 2277 csse
981 2217 1129 2296 specimen
1150 2215 1300 2274 humanae

160 2289 322 2373 pravitatis,
342 2289 422 2370 quod
444 2290 547 2370 passim
568 2287 688 2351 Christo
709 2290 928 2352 contradicitur.
966 2293 1031 2353 Etsi
1042 2290 1147 2376 ,autem
1166 2292 1303 2351 immane.

161 2377 334 2448 portentum
354 2378 412 2442 est,
437 2367 517 2446 quod
537 2369 660 2428 mundus
680 2367 710 2427 in
731 2389 814 2428 suum
834 2368 970 2448 opificem
996 2370 1035 2429 ita
1056 2369 1195 2451 insurgit,
1225 2367 1301 2446 quia

160 2455 260 2506 umen
286 2443 316 2504 id
342 2443 471 2518 [uturum
497 2445 641 2524 praedixit
667 2445 835 2524 Scriptura,
865 2457 895 2504 et
919 2445 995 2507 ratio
1031 2445 1127 2528 palam
1152 2445 1298 2524 apparet,

184 2521 244 2580 uod
266 2520 377 2582 scilicet
397 2519 529 2582 homines
553 2521 643 2582 semel
664 2522 781 2582 alienati
802 2543 817 2580 a
837 2521 905 2583 Deo
932 2543 986 2602 per
1002 2535 1158 2613 peccatum
1177 2541 1304 2600 semper·

160 2541 244 2662 iilum
273 2595 407 2680 lugiunt,
433 2619 496 2656 non
522 2609 567 2657 est
592 2599 673 2678 quod
698 2619 753 2658 nos
780 2599 956 2679 perturbent
984 2600 1126 2660 eiusmodi
1152 2595 1303 2676 exempla,

99 2709 103 2719 ·
161 2673 214 2739 sed
233 2674 330 2756 potius
349 2673 384 2733 iis
404 2674 490 2736 armis
510 2673 651 2736 instructa
671 2675 742 2734 fides
762 2687 861 2738 nostra
882 2695 912 2734 se
934 2675 970 2734 ad
990 2677 1181 2758 pugnandum
1195 2673 1301 2733 accin-

162 2758 214 2841 get
238 2774 303 2814 cum
330 2751 431 2814 mundi
452 2750 695 2811 contradictione.
739 2751 836 2813 Porro
865 2751 931 2831 quia
955 2776 1033 2816 nune
1054 2751 1191 2814 Israelem
1210 2751 1302 2812 Deus

161 2821 219 2888 sabi
239 2826 362 2924 collegit
382 2846 416 2886 ex
435 2836 501 2887 toto
522 2828 648 2902 mundo,
674 2840 703 2888 et
723 2828 835 2890 nullum
862 2829 1048 2910 estamplius
1068 2826 1221 2892 discrimen
1241 2825 1297 2885 Iu-

121 2907 131 2928 *
162 2903 228 2966 daci
254 2915 285 2962 et
304 2902 429 2980 Graeci,
452 2901 530 2974 idem
555 2925 634 2964 nunc
658 2905 792 2965 accidere
818 2917 955 2984 oportet,
980 2907 1061 2986 qued
1087 2917 1159 2964 tune
1183 2902 1298 2966 lectum

163 2999 226 3050 esse
250 2978 383 3060 legimus.
417 2975 554 3043 ·-Dixcrat
577 2979 633 3039 iam
659 3003 713 3042 suo
738 2978 856 3040 saeculo
881 2981 987 3042 lesaias
1011 2987 1065 3061 (8,
1090 2983 1187 3058 tuh),¹
1203 2981 1300 3056 Ecce,

161 3041 308 3118 Dominias
334 3054 390 3114 erlt
409 3055 520 3116 duabus
541 3055 657 3120 familiis
677 3057 769 3118 Israel
794 3056 824 3116 in
844 3059 1012 3124 scandalum
1033 3071 1063 3119 et
1082 3058 1205 3118 ruinam.
1244 3055 1295 3116 ‘Ab

163 3153 200 3194 eo
220 3144 357 3212 tempore
378 3153 528 3211 nunquam
548 3133 611 3194 iere
631 3145 782 3196 cessarunt
800 3133 902 3198 Iudaei
922 3135 1057 3198 adversus
1068 3135 1165 3196 Deum
1186 3131 1298 3214 impin-

155 3263 158 3272 .
185 3229 249 3283 ere,
286 3207 338 3269 sed
367 3209 488 3268 manime
517 3209 665 3272 uiolentus
694 3211 751 3270 suit
781 3209 936 3271 conflictus
965 3213 1101 3293 adversqs
1133 3209 1299 3274 Christum.

161 3231 250 3348 itanc
269 3285 394 3346 eundem
416 3283 545 3346 furorem
565 3287 731 3358 imitantur,
759 3287 860 3367 quise
882 3288 1066 3355 Christianos
1085 3298 1208 3360 vocant,
1233 3287 1298 3346 imo

163 3361 214 3442 qui
233 3361 360 3442 superbe
379 3361 435 3425 sibi
455 3375 596 3446 arrogant
614 3363 764 3426 Ecclesiae
784 3364 955 3454 primatum:
975 3385 1062 3448 saepe
1083 3363 1221 3444 quicquid
1241 3361 1300 3424 ha.

74 3485 76 3494 ,
162 3437 237 3503 bent
256 3436 406 3522 potentiae
426 3439 462 3500 ad
483 3441 710 3529 opprimendum
723 3439 872 3512 Christum
892 3441 1061 3516 conlerunt,
1080 3439 1133 3502 scd
1151 3440 1299 3502 memine-

163 3515 267 3588 rimus,
300 3513 372 3594 nibil
398 3535 450 3577 ees
478 3515 556 3576 ahud
583 3517 744 3600 proficere,
761 3515 831 3584 ,nisi
861 3530 894 3577 ut
917 3517 1036 3582 tandem
1063 3517 1236 3600 frangantur
1261 3537 1301 3584 ae

163 3602 363 3670 conterantur.
412 3593 487 3658 Nam
517 3593 571 3654 suh
598 3613 670 3654 uoce
694 3597 797 3664 reione
826 3594 865 3653 ita
893 3615 1020 3675 poenam
1044 3593 1172 3682 Spiritus
1197 3591 1299 3653 incre-

164 3669 237 3732 dulis
262 3667 434 3742 denuntiat,
458 3679 491 3728 nt
517 3669 659 3730 discamus
685 3691 771 3750 quam
790 3669 842 3730 lon
867 3671 960 3731 issime
987 3671 1023 3732 ab
1048 3671 1118 3752 ipsis
1144 3669 1305 3745 recedere,

162 3768 201 3831 ne
221 3744 345 3808 societas
366 3747 472 3808 eodem
493 3765 551 3806 nos·
568 3745 655 3805 exitio
668 3746 805 3808 involvat
845 3691 908 3808 ilec
928 3768 999 3812 vero
1019 3747 1120 3807 minus
1135 3757 1297 3828 propterea

163 3823 301 3888 amandus
322 3835 366 3884 cst
387 3819 532 3894 Christus,
552 3822 632 3904 quod
654 3843 690 3882 eo
710 3836 849 3906 surgente
870 3825 953 3884 multi
974 3835 1126 3896 corruunt,
1146 3823 1212 3904 quia
1225 3821 1298 3884 Deo

163 3911 263 3989 gratus
284 3910 314 3958 et
332 3896 426 3958 suevis
445 3903 507 3958 non
528 3897 636 3960 desinit
656 3920 717 3962 esse
737 3900 892 3982 Evangelii
913 3901 1003 3974 odor,
1024 3901 1154 3981 quamvis
1174 3898 1299 3960 exitialis

164 3989 202 4034 sut
225 3975 317 4055 impio
346 3973 467 4036 mundo.
520 3975 645 4066 Siquis
670 3988 778 4066 rogetq
807 3977 957 4058 quomodo
983 3977 1084 4038 ruinae
1115 3977 1153 4037 sit
1174 3973 1301 4036 'occasio

132 4089 138 4096 κ
161 4051 299 4116 ¹Christus
320 4047 500 4126 incredulis,
519 4073 569 4132 qur
588 4074 647 4112 tam
660 4065 744 4118 extra
769 4050 880 4134 ipsum'
912 4053 998 4114 erditi
1018 4063 1109 4129 sunt,
1128 4052 1221 4116 facilis
1245 4072 1297 4112 re-

163 4127 286 4210 ¹sponsio
308 4137 367 4214 est,
390 4125 440 4189 Bis
462 4129 575 4207 perire,
603 4128 652 4226 qui
673 4128 771 4192 oblata
798 4127 854 4191 sibi
882 4075 1018 4191 divinitus
1045 4127 1139 4192 salute
1163 4129 1244 4192 ultro
1264 4150 1301 4192 se

164 4203 291 4286 privant.
329 4201 412 4282 ergo
432 4205 516 4266 resina
537 4204 683 4284 duplicem
703 4227 831 4284 poenam
850 4206 1015 4287 significat,
1030 4227 1105 4284 quae
1126 4227 1227 4277 omnes
1247 4205 1295 4264 in-

165 4277 302 4338 credulos
322 4291 432 4354 manet,
453 4293 607 4360 postquam
627 4282 752 4342 scientes
772 4293 804 4341 et
821 4283 954 4342 volentes
975 4304 1041 4342 cum
1054 4281 1130 4347 Filio
1141 4281 1199 4342 Dei
1220 4302 1294 4342 cona

166 4352 301 4423 llhcriut·
339 4352 380 4420 tn
397 4361 638 4424 mamertium
678 4357 776 4424 Priori
795 4359 928 4426 neutro
949 4359 1113 4446 opponitur
1133 4357 1204 4428 baec
1219 4378 1296 4426 eun·
