2766 4834
128 329 130 338 y
166 259 208 323 78
327 248 501 316 'secato
522 205 579 312 m.
618 249 867 340 [esuriamus
889 263 1126 316 srmrmcrm.

168 407 285 490 insigne
310 403 353 466 illi
373 404 517 485 pietatis,
540 413 658 477 sanctae
678 413 709 463 et
728 414 826 464 castae
844 403 922 468 vitae
941 402 1142 466 testimenium
1161 401 1317 464 redditur.

167 485 251 546 llaec
270 484 350 544 enim
368 492 446 555 tunt,
466 500 540 562 quae
561 480 729 550 bominibus
748 481 953 542 auctoritatem
972 492 1002 540 et
1033 481 1139 540 retium
1152 481 1214 541 iure
1228 501 1314 543 con-

167 561 278 622 ciliant
321 560 363 619 Et
386 569 466 618 certe
489 577 554 618 nou
577 557 651 618 alios
679 557 789 636 decipit
815 558 958 618 larvarum
979 501 1122 694 splendor
1141 557 1186 618 vel
1208 555 1314 616 inanis

178 637 291 718 omps,
323 655 410 714 quam
435 632 485 713 qui
510 654 566 713 pro
591 633 705 715 ingenii
730 633 773 694 sui
798 635 925 694 vanitate
951 633 1072 696 falaciis
1098 633 1206 699 addicti
1226 643 1314 692 sunt.

197 714 285 775 icitur
304 711 407 770 vixisse
428 709 511 772 annis
530 722 642 791 septem
663 731 727 770 cum
748 711 811 775 viro
832 732 848 772 a
869 711 1034 792 virginitate
1054 731 1115 786 sua,
1136 709 1313 770 utsciamus

162 792 255 852 'fuisse
273 789 388 850 viduam
408 785 438 844 in
459 787 524 867 ip'so
544 787 646 847 aetatis
666 787 751 847 flore.
780 788 876 870 Virgo
898 787 1035 848 euinouu
1058 797 1145 860 serat,
1165 799 1195 848 et
1210 785 1310 867 paulo

165 877 235 949 post
245 863 350 924 marito
361 863 472 943 privata
485 875 541 926 est:
559 865 640 944 quod
651 875 748 925 autem
757 863 898 926 abstinuit
908 884 924 923 a
934 808 1069 924 secu'mds
1080 863 1199 944 nuptiis,
1211 883 1309 942 quum

166 944 261 1005 adbuc
284 951 392 1022 vegeto
420 951 496 1002 esset
515 961 659 1020 corpore,
692 940 746 1000 bac
766 939 979 1004 circumtantia
1000 953 1123 1022 augetur
1142 939 1310 1020 pudicitiae

164 1021 235 1080 laus.
276 1017 368 1094 Quod
387 1027 486 1076 umen
505 1017 647 1096 sequitur,
666 1015 800 1078 bifariam
821 1017 928 1098 erponi
949 1028 1057 1096 potest,
1076 1017 1192 1079 viduam
1212 1013 1309 1096 fuisse

78 1165 82 1170 ,
166 1115 312 1157 annorum
332 1093 425 1154 ferme
446 1095 599 1176 octoginta
620 1105 761 1174 quatuor,
785 1115 892 1176 nempe
932 1093 991 1153 uod
1011 1093 1048 1154 ab
1070 1095 1131 1154 cius
1151 1094 1309 1154 coelibatu

147 1172 294 1252 „elapsum
315 1168 407 1234 luerit¹
422 1168 494 1229 illud
515 1183 644 1250 ternpus,
674 1169 720 1230 vel
741 1171 821 1250 quod
840 1183 899 1231 tam
912 1113 969 1230 bin
989 1169 1111 1232 vixisset
1136 1169 1185 1234 ‚si
1204 1190 1306 1232 annos

164 1248 319 1331 octogiuta
339 1257 466 1326 quatuor
485 1267 502 1307 a
521 1247 660 1307 viduitate
671 1267 834 1323 numeres,
866 1269 897 1310 se
921 1257 1020 1322 ueuu,
1050 1247 1193 1308 maiorem
1212 1247 1307 1307 fuisse

164 1323 347 1386 crustumia:
375 1321 428 1382 sed
452 1322 511 1386 hcc
534 1323 566 1386 iu
589 1323 690 1384 medio
715 1323 862 1403 relinquo.
900 1269 1001 1399 lluod
1026 1335 1122 1384 autem
1148 1324 1180 1384 in
1199 1323 1307 1404 paucis

162 1401 336 1482 quibusdam
362 1397 456 1460 adbuc
482 1398 602 1461 lucebat
624 1399 751 1480 Spiritus
796 1401 968 1481 ropbetiae,
1000 1399 1035 1461 iis
1089 1403 1152 1465 uasi
1183 1400 1305 1462 tesseris

161 1477 357 1570 comprobata
382 1475 439 1535 fuit
462 1475 553 1560 Legis
577 1477 711 1538 doctrina
732 1421 900 1540 etludaica
918 1477 1041 1616 religio,
1070 1422 1167 1538 donec
1185 1477 1308 1538 renuet

163 1555 307 1628 Christis,
327 1551 469 1632 siquidem
489 1552 520 1614 in
539 1563 598 1614 tam
617 1565 697 1614 rasta
717 1553 784 1614 dissi
807 1553 906 1614 atione
926 1554 977 1614 tali
1000 1577 1032 1614 us
1050 1553 1235 1628 admipiculis
1248 1575 1304 1614 re-

159 1631 249 1691 tineri
268 1649 390 1690 necesse
408 1627 465 1690 fuit
481 1629 540 1689 Dei
560 1629 681 1705 electos,
699 1651 738 1690 ne
758 1631 787 1690 dr
824 1641 936 1692 nerent.
1176 1695 1180 1704 ¹
1230 1633 1234 1640 '

238 1713 287 1773 37.
317 1705 389 1766 Noas
406 1701 567 1768 &cedmae
584 1729 600 1768 a
617 1707 731 1784 nupt.
765 1707 970 1789 Hyperbolica
988 1718 1033 1769 est
1051 1706 1198 1788 loquutio,
1217 1707 1304 1770 euius

161 1794 261 1844 umen
281 1781 375 1843 clarus
396 1791 441 1842 est
458 1803 569 1857 sensus,
588 1784 724 1846 Hennam
743 1805 839 1865 prope
860 1783 1007 1844 assiduam.
1021 1783 1051 1844 in
1071 1785 1184 1876 templo
1199 1784 1303 1846 fuisse.

155 1858 254 1921 -Addit
275 1857 385 1931 Lucas,
416 1857 508 1938 ipsam
532 1859 647 1920 ieiuniis
673 1881 706 1922 ac
726 1861 984 1940 deprecationibus
1004 1861 1151 1924 corfinus
1172 1861 1303 1931 coluisse

161 1935 270 1996 Deum.
307 1935 397 1995 Unde
422 1934 607 2028 colligimus,
639 1957 701 1998 non
727 1937 926 2017 frequentasse
947 1937 1104 2017 templum,
1135 1938 1218 2018 quasi
1237 1939 1301 2000 boc

160 2013 242 2072 nudo
268 2011 369 2072 officio
395 2011 518 2095 defungi
541 2013 645 2088 vellet,
676 2012 729 2074 sed
752 2013 837 2076 sirnul
849 2013 980 2098 junxisse
1001 2013 1056 2076 alia
1076 2015 1192 2096 pietatis
1212 2035 1300 2077 exer-

160 2089 254 2169 citia.¹
278 2089 437 2151 Caeterum
455 2102 560 2150 notare
580 2111 689 2172 operae
709 2089 837 2170 pretium
855 2103 910 2165 est,
930 2091 1184 2154 noncandembic
1196 2093 1299 2152 omni-

154 2165 214 2228 bus
239 2165 371 2248 regulam
395 2166 571 2245 praescribi,
600 2162 697 2246 nc'que
723 2167 809 2226 ctiam
835 2167 1000 2248 promiscue
1027 2167 1103 2228 trabi
1128 2167 1239 2232 debere
1265 2169 1298 2230 in

157 2242 338 2324 exemplum,
358 2261 433 2320 quae
453 2243 500 2303 bic
520 2243 550 2302 in
570 2243 655 2303 vidua
674 2242 797 2304 muliere
818 2243 972 2306 laudantur
992 2245 1104 2306 officia:
1132 2245 1299 2325 prudenter

153 2319 238 2379 euim
257 2319 424 2380 discernere
446 2330 576 2400 oportet,
596 2319 666 2399 quid
687 2319 824 2399 cuiusque
837 2320 987 2384 vocationi
998 2321 1163 2384 conveniat.
1195 2321 1296 2383 Stulta

157 2395 238 2458 enim
266 2393 422 2458 aemulatio
442 2395 530 2460 mmiis
550 2396 690 2458 mundum
709 2397 852 2476 replevit,
882 2397 950 2460 dum
970 2399 1075 2481 cupide
1095 2399 1187 2482 magis
1207 2420 1298 2490 quam

157 2473 285 2534 scienter
303 2470 449 2552 arripiunt
466 2471 671 2563 superstitiosi,
690 2473 828 2553 quicquid
848 2475 879 2535 iu
891 2473 1004 2537 Sanctis
1025 2475 1136 2538 laudari
1156 2476 1295 2539 audiunt:

157 2551 239 2630 quasi
263 2569 351 2621 vero,
380 2560 413 2606 ut
437 2550 565 2612 distructi
590 2562 660 2610 sunt
682 2549 819 2610 ordinum
839 2553 961 2636 gradus,
990 2553 1029 2614 ita
1049 2573 1112 2614 non
1132 2553 1220 2614 etiam
1241 2555 1295 2614 ba-

158 2625 270 2690 bendns
309 2627 347 2686 sit
384 2624 514 2688 delectus
553 2647 692 2710 operum,
738 2637 772 2686 ut
809 2627 916 2712 singuli
954 2629 1104 2692 vocationi
1141 2649 1210 2690 suae
1243 2651 1295 2692 re-

154 2703 331 2786 spondeant.
391 2701 493 2776 Quod·
520 2701 567 2764 bic
597 2705 725 2764 refertur
756 2703 792 2765 de
824 2707 945 2777 llanua,
983 2706 1091 2768 Paulus
1122 2708 1159 2768 ad
1190 2707 1293 2768 viduas

156 2780 322 2860 specialiter
359 2778 528 2862 restringit:
578 2790 768 2860 praepostere
808 2803 881 2864 ergo
921 2782 1033 2843 faciunt
1049 2829 1056 2844 .
1070 2783 1230 2866 coniuges,
1268 2783 1293 2842 si

154 2857 192 2917 ad
231 2855 395 2934 exemplum
426 2854 562 2916 dissimile
591 2856 680 2916 vitam
708 2879 789 2918 suam
819 2859 959 2920 forment.
1019 2861 1162 2940 Superest
1189 2871 1292 2921 tamen

154 2933 250 2993 adbuc
268 2929 438 3012 scrupulus,
458 2929 540 3010 quod
559 2931 672 2994 videtur
691 2932 785 2996 Lucas
805 2946 918 3016 partem
939 2935 1028 2996 divini
1049 2935 1142 2998 cultus
1162 2936 1193 2996 in
1213 2935 1290 2996 ieiu-

155 3009 211 3070 niis
236 3017 380 3069 statuere:
414 3008 465 3068 sed
492 3010 654 3070 notandum
680 3022 739 3085 est,
769 3031 803 3072 er
829 3011 986 3091 operibus,
1015 3033 1091 3092 quae
1117 3013 1154 3078 ad
1177 3013 1290 3073 cultum

154 3095 304 3167 spectant,
322 3082 379 3146 alia
397 3083 568 3165 simpliciter
586 3086 712 3166 requiri,
731 3099 819 3166 atque
839 3094 886 3166 (ut
905 3089 1081 3179 loquuntur)
1101 3109 1205 3169 perse
1227 3109 1291 3150 esse

154 3161 331 3222 necessaria:
362 3161 417 3222 alia
443 3181 531 3234 vero,
560 3183 635 3242 quae
660 3163 818 3239 accedunt,
846 3163 954 3225 referre
972 3167 1003 3226 in
1025 3167 1102 3228 bunc
1121 3165 1228 3240 linem,
1257 3181 1292 3228 ut

154 3237 314 3318 prioribus
328 3237 384 3298 illis
410 3237 588 3300 observiant
617 3239 818 3300 ·Precationes
837 3241 874 3302 ad
892 3241 952 3302 Dei
972 3241 1082 3304 cultum
1100 3242 1223 3324 proprie
1244 3244 1289 3302 fa-

155 3315 250 3375 ciunt:
280 3313 421 3375 ieiunium
439 3337 510 3376 vero
530 3315 652 3376 inferius
671 3315 830 3378 subsidium
852 3329 912 3391 est,
932 3319 1012 3398 quod
1032 3337 1103 3378 non·
1114 3319 1200 3381 aliter
1218 3320 1287 3382 Deo

152 3391 306 3471 probatur,
326 3391 382 3452 nisi
400 3403 542 3472 quatenus
561 3392 702 3473 precandi
721 3394 847 3454 studium
869 3406 898 3454 et
918 3396 1055 3456 arborem
1066 3395 1191 3456 adiuvat
1225 3398 1288 3458 Te-

153 3468 250 3528 nenda
274 3468 352 3528 enirn
377 3469 479 3552 regula
500 3481 559 3542 est,
590 3469 744 3528 Aestimari
765 3470 916 3536 bominum
937 3472 1033 3533 officia
1054 3494 1070 3533 a
1090 3484 1173 3536 rectu
1194 3484 1224 3534 et
1244 3473 1285 3534 le-

176 3543 256 3604 'timo
276 3545 344 3606 fine.
382 3545 525 3607 Tenenda
547 3545 634 3604 etiam
654 3544 830 3619 distinctio,
845 3549 925 3627 quod
945 3549 1055 3610 directe
1076 3548 1212 3640 precibus
1233 3571 1287 3612 co-

164 3633 229 3682 atur
247 3623 343 3696 Deus,
367 3623 482 3686 ieiuniis
501 3641 572 3682 vero
594 3641 655 3680 non
675 3621 731 3682 nisi
751 3644 805 3702 pro
829 3635 875 3684 ter
894 3636 1143 3704 consequentiam.
1181 3627 1287 3707 Neque

151 3718 222 3760 vero
243 3698 362 3760 dubium
383 3711 436 3786 pst,
456 3697 527 3777 quin
546 3696 654 3764 ieiunia
673 3719 724 3758 sua
743 3646 878 3760 retulerit
896 3711 995 3770 sancta
1014 3701 1120 3764 mulier
1129 3701 1168 3764 ad
1176 3701 1284 3786 lugen-

151 3775 217 3836 dam
237 3795 311 3856 quae
331 3788 401 3836 tuuc
421 3786 486 3854 erat
501 3773 651 3834 Ecclesiae
672 3773 872 3837 calamitatem.
1276 3835 1278 3844 ,

226 3859 273 3920 38.
308 3852 447 3916 Vicissim
465 3849 661 3932 conficimur.
691 3852 828 3913 Sanctam
846 3855 1015 3932 melodiam,
1034 3875 1109 3934 quae
1124 3855 1285 3918 resonabat

152 3927 184 3987 iu
210 3928 317 4012 linguis
343 3927 491 3989 Simeonis
518 3939 549 3987 et
567 3927 706 4002 llannae,
735 3931 922 3992 commendat
940 3931 1064 4006 Lucas,
1078 3942 1112 3990 ut
1129 3951 1160 3990 sc
1180 3943 1284 3994 mutuo

150 4004 307 4066 hortentur
325 4004 426 4064 fideles
446 4006 484 4064 ad
503 4005 648 4066 canendas
668 4026 728 4064 uno
750 4025 802 4066 ore
822 4007 880 4066 Dei
901 4008 1016 4080 laudes,
1036 4007 1134 4068 etalii
1155 4007 1219 4068 aliis
1239 4007 1283 4068 vi-

151 4081 246 4142 cissim
265 4081 473 4159 respondeant.
504 4080 605 4156 Quum
626 4081 706 4156 dicit,
726 4081 876 4161 loquutam
891 4084 977 4146 fuisse
989 4085 1124 4144 Hannam
1136 4084 1286 4158 cornibus,

150 4159 201 4293 qui
221 4157 428 4244 exspectabant
439 4158 684 4237 redemptionem,
703 4157 821 4294 piorum
834 4161 1007 4238 paucitatem
1020 4160 1126 4220 ilenrm
1140 4159 1284 4242 designat

179 4245 251 4314 aput
275 4253 353 4292 curm
377 4234 446 4294 fidei
471 4237 558 4296 situm
577 4244 642 4294 erat
658 4234 689 4293 in
731 4255 764 4294 ac
784 4238 1010 4316 exspectatione.
1047 4236 1164 4296 Paucos
1184 4250 1284 4298 autem

148 4309 236 4369 fuisse
255 4319 388 4388 apparet,
405 4311 456 4389 qui
475 4333 538 4370 eam
558 4331 626 4372 vere
646 4309 677 4368 in
697 4309 799 4372 animis
818 4311 875 4370 suis
896 4312 1041 4372 foverent

139 4391 154 4444 '.
223 4389 271 4452 39.
308 4383 430 4450 etms
445 4402 513 4450 ενα
529 4391 562 4451 r'rr
583 4386 757 4461 ficlilacma.
795 4387 894 4450 Facile
914 4389 1033 4468 quidem
1052 4387 1186 4466 admitto,
1207 4411 1280 4469 pro·
