<?xml version="1.0" encoding="UTF-8"?>
<!DOCTYPE html PUBLIC "-//W3C//DTD XHTML 1.0 Transitional//EN"
    "http://www.w3.org/TR/xhtml1/DTD/xhtml1-transitional.dtd">
<html xmlns="http://www.w3.org/1999/xhtml" xml:lang="en" lang="en">
 <head>
  <title>
</title>
<meta http-equiv="Content-Type" content="text/html;charset=utf-8" />
  <meta name='ocr-system' content='tesseract 3.04.00' />
  <meta name='ocr-capabilities' content='ocr_page ocr_carea ocr_par ocr_line ocrx_word'/>
</head>
<body>
  <div class='ocr_page' id='page_1' title='image "./innovumtestamen00calvgoog_0055.png"; bbox 0 0 2764 4846; ppageno 0'>
   <div class='ocr_carea' id='block_1_1' title="bbox 205 215 898 326">
    <p class='ocr_par' dir='ltr' id='par_1_1' title="bbox 205 215 898 326">
     <span class='ocr_line' id='line_1_1' title="bbox 205 215 898 326; baseline -0.004 -1"><span class='ocrx_word' id='word_1_1' title='bbox 205 215 328 325; x_wconf 75' lang='lat' dir='ltr'><strong>mur</strong></span> <span class='ocrx_word' id='word_1_2' title='bbox 652 263 708 324; x_wconf 89' lang='lat'><strong>10.</strong></span> <span class='ocrx_word' id='word_1_3' title='bbox 730 261 898 326; x_wconf 76' lang='lat' dir='ltr'><strong>cvamt</strong></span> 
     </span>
    </p>
   </div>
   <div class='ocr_carea' id='block_1_2' title="bbox 162 386 1374 3720">
    <p class='ocr_par' dir='ltr' id='par_1_2' title="bbox 162 386 1374 1186">
     <span class='ocr_line' id='line_1_2' title="bbox 283 386 1350 507; baseline -0.002 -31"><span class='ocrx_word' id='word_1_4' title='bbox 283 417 363 478; x_wconf 83' lang='lat' dir='ltr'><strong>Vixit</strong></span> <span class='ocrx_word' id='word_1_5' title='bbox 382 435 475 478; x_wconf 85' lang='lat' dir='ltr'><strong>annos</strong></span> <span class='ocrx_word' id='word_1_6' title='bbox 496 415 707 499; x_wconf 84' lang='lat' dir='ltr'><strong>qninquaginta</strong></span> <span class='ocrx_word' id='word_1_7' title='bbox 725 386 866 507; x_wconf 65' lang='lat' dir='ltr'><strong>quatuor,</strong></span> <span class='ocrx_word' id='word_1_8' title='bbox 886 435 1000 476; x_wconf 88' lang='lat' dir='ltr'><strong>meuses</strong></span> <span class='ocrx_word' id='word_1_9' title='bbox 1020 414 1132 486; x_wconf 86' lang='lat' dir='ltr'><strong>decern,</strong></span> <span class='ocrx_word' id='word_1_10' title='bbox 1153 415 1214 474; x_wconf 87' lang='lat' dir='ltr'><strong>dies</strong></span> <span class='ocrx_word' id='word_1_11' title='bbox 1235 415 1350 476; x_wconf 89' lang='lat' dir='ltr'><strong>decem</strong></span> 
     </span>
     <span class='ocr_line' id='line_1_3' title="bbox 209 491 1349 574; baseline -0.006 -16"><span class='ocrx_word' id='word_1_12' title='bbox 209 509 240 558; x_wconf 89' lang='lat' dir='ltr'><strong>ct</strong></span> <span class='ocrx_word' id='word_1_13' title='bbox 258 499 402 574; x_wconf 69' lang='lat' dir='ltr'><strong>septem,</strong></span> <span class='ocrx_word' id='word_1_14' title='bbox 425 493 505 552; x_wconf 91' lang='lat' dir='ltr'><strong>cuius</strong></span> <span class='ocrx_word' id='word_1_15' title='bbox 526 493 615 571; x_wconf 76' lang='lat' dir='ltr'><strong>&#39;spatii</strong></span> <span class='ocrx_word' id='word_1_16' title='bbox 640 492 789 553; x_wconf 78' lang='lat' dir='ltr'><strong>dimidium</strong></span> <span class='ocrx_word' id='word_1_17' title='bbox 816 493 847 553; x_wconf 95' lang='lat' dir='ltr'><strong>in</strong></span> <span class='ocrx_word' id='word_1_18' title='bbox 872 503 974 554; x_wconf 88' lang='lat' dir='ltr'><strong>sancto</strong></span> <span class='ocrx_word' id='word_1_19' title='bbox 995 491 1149 573; x_wconf 80' lang='lat' dir='ltr'>Evangelii</span> <span class='ocrx_word' id='word_1_20' title='bbox 1173 491 1349 552; x_wconf 89' lang='lat' dir='ltr'><strong>ministerio</strong></span> 
     </span>
     <span class='ocr_line' id='line_1_4' title="bbox 209 567 1352 650; baseline -0.005 -16"><span class='ocrx_word' id='word_1_21' title='bbox 209 571 400 650; x_wconf 77' lang='lat' dir='ltr'><strong>consumpsit.</strong></span> <span class='ocrx_word' id='word_1_22' title='bbox 426 568 544 630; x_wconf 84' lang='lat' dir='ltr'><strong>Statura</strong></span> <span class='ocrx_word' id='word_1_23' title='bbox 557 569 612 627; x_wconf 87' lang='lat' dir='ltr'><strong>luit</strong></span> <span class='ocrx_word' id='word_1_24' title='bbox 630 569 783 645; x_wconf 87' lang='lat' dir='ltr'><strong>mediocri,</strong></span> <span class='ocrx_word' id='word_1_25' title='bbox 804 569 905 630; x_wconf 88' lang='lat' dir='ltr'><strong>colore</strong></span> <span class='ocrx_word' id='word_1_26' title='bbox 925 567 1095 648; x_wconf 73' lang='lat' dir='ltr'><strong>subpallido‘</strong></span> <span class='ocrx_word' id='word_1_27' title='bbox 1114 579 1144 628; x_wconf 87' lang='lat' dir='ltr'><strong>et</strong></span> <span class='ocrx_word' id='word_1_28' title='bbox 1163 568 1352 650; x_wconf 68' lang='lat' dir='ltr'><strong>nigricante,</strong></span> 
     </span>
     <span class='ocr_line' id='line_1_5' title="bbox 209 645 1350 727; baseline -0.005 -17"><span class='ocrx_word' id='word_1_29' title='bbox 209 649 302 710; x_wconf 86' lang='lat' dir='ltr'><strong>oeulis</strong></span> <span class='ocrx_word' id='word_1_30' title='bbox 322 647 359 706; x_wconf 92' lang='lat' dir='ltr'><strong>ad</strong></span> <span class='ocrx_word' id='word_1_31' title='bbox 377 655 503 704; x_wconf 87' lang='lat' dir='ltr'><strong>mortem</strong></span> <span class='ocrx_word' id='word_1_32' title='bbox 522 666 614 724; x_wconf 90' lang='lat' dir='ltr'><strong>usque</strong></span> <span class='ocrx_word' id='word_1_33' title='bbox 634 645 777 725; x_wconf 83' lang='lat' dir='ltr'><strong>limpidis,</strong></span> <span class='ocrx_word' id='word_1_34' title='bbox 818 647 926 727; x_wconf 90' lang='lat' dir='ltr'><strong>quique</strong></span> <span class='ocrx_word' id='word_1_35' title='bbox 951 645 1066 726; x_wconf 91' lang='lat' dir='ltr'><strong>ingenii.</strong></span> <span class='ocrx_word' id='word_1_36' title='bbox 1083 645 1273 726; x_wconf 73' lang='lat' dir='ltr'><strong>sagacitatem</strong></span> <span class='ocrx_word' id='word_1_37' title='bbox 1296 656 1350 704; x_wconf 91' lang='lat' dir='ltr'><strong>tc-</strong></span> 
     </span>
     <span class='ocr_line' id='line_1_6' title="bbox 207 719 1374 802; baseline -0.004 -17"><span class='ocrx_word' id='word_1_38' title='bbox 207 735 367 800; x_wconf 76' lang='lat' dir='ltr'><strong>starentur:</strong></span> <span class='ocrx_word' id='word_1_39' title='bbox 388 719 467 782; x_wconf 90' lang='lat' dir='ltr'><strong>cultu</strong></span> <span class='ocrx_word' id='word_1_40' title='bbox 487 721 621 802; x_wconf 89' lang='lat' dir='ltr'><strong>corporis</strong></span> <span class='ocrx_word' id='word_1_41' title='bbox 641 743 737 802; x_wconf 91' lang='lat' dir='ltr'><strong>neque</strong></span> <span class='ocrx_word' id='word_1_42' title='bbox 758 723 838 782; x_wconf 91' lang='lat' dir='ltr'><strong>culto</strong></span> <span class='ocrx_word' id='word_1_43' title='bbox 859 735 957 801; x_wconf 85' lang='lat' dir='ltr'><strong>neque</strong></span> <span class='ocrx_word' id='word_1_44' title='bbox 976 721 1114 794; x_wconf 89' lang='lat' dir='ltr'><strong>sordido,</strong></span> <span class='ocrx_word' id='word_1_45' title='bbox 1134 722 1185 781; x_wconf 90' lang='lat' dir='ltr'><strong>sed</strong></span> <span class='ocrx_word' id='word_1_46' title='bbox 1226 721 1256 780; x_wconf 90' lang='lat' dir='ltr'><strong>ui</strong></span> <span class='ocrx_word' id='word_1_47' title='bbox 1277 721 1349 781; x_wconf 88' lang='lat' dir='ltr'><strong>sin·</strong></span> <span class='ocrx_word' id='word_1_48' title='bbox 1373 775 1374 786; x_wconf 69' lang='grc'>,</span> 
     </span>
     <span class='ocr_line' id='line_1_7' title="bbox 208 743 1352 884; baseline -0.005 -23"><span class='ocrx_word' id='word_1_49' title='bbox 208 801 339 884; x_wconf 89' lang='lat' dir='ltr'><strong>gularem</strong></span> <span class='ocrx_word' id='word_1_50' title='bbox 359 797 530 864; x_wconf 79' lang='lat' dir='ltr'><strong>modestiam</strong></span> <span class='ocrx_word' id='word_1_51' title='bbox 552 799 684 858; x_wconf 81' lang='lat' dir='ltr'><strong>deceret:</strong></span> <span class='ocrx_word' id='word_1_52' title='bbox 704 799 782 860; x_wconf 79' lang='lat' dir='ltr'><strong>victu</strong></span> <span class='ocrx_word' id='word_1_53' title='bbox 802 800 843 859; x_wconf 91' lang='lat' dir='ltr'><strong>sic</strong></span> <span class='ocrx_word' id='word_1_54' title='bbox 863 810 1044 877; x_wconf 84' lang='lat' dir='ltr'><strong>temperato,</strong></span> <span class='ocrx_word' id='word_1_55' title='bbox 1063 808 1130 856; x_wconf 90' lang='lat' dir='ltr'><strong>uta</strong></span> <span class='ocrx_word' id='word_1_56' title='bbox 1150 743 1288 858; x_wconf 83' lang='lat' dir='ltr'><strong>sordibus</strong></span> <span class='ocrx_word' id='word_1_57' title='bbox 1312 808 1352 856; x_wconf 93' lang='lat' dir='ltr'><strong>et</strong></span> 
     </span>
     <span class='ocr_line' id='line_1_8' title="bbox 196 873 1351 964; baseline -0.005 -26"><span class='ocrx_word' id='word_1_58' title='bbox 196 877 245 950; x_wconf 60' lang='lat' dir='ltr'><strong>,ab</strong></span> <span class='ocrx_word' id='word_1_59' title='bbox 266 876 347 935; x_wconf 91' lang='lat' dir='ltr'><strong>omui</strong></span> <span class='ocrx_word' id='word_1_60' title='bbox 365 875 432 934; x_wconf 78' lang='lat' dir='ltr'><strong>luxu</strong></span> <span class='ocrx_word' id='word_1_61' title='bbox 452 875 619 964; x_wconf 68' lang='lat' dir='ltr'><strong>longissime</strong></span> <span class='ocrx_word' id='word_1_62' title='bbox 646 874 872 949; x_wconf 54' lang='lat' dir='ltr'><strong>abesset22cibi</strong></span> <span class='ocrx_word' id='word_1_63' title='bbox 893 874 1067 956; x_wconf 71' lang='lat' dir='ltr'><strong>parcissimi,</strong></span> <span class='ocrx_word' id='word_1_64' title='bbox 1097 885 1130 932; x_wconf 91' lang='lat' dir='ltr'><strong>ut</strong></span> <span class='ocrx_word' id='word_1_65' title='bbox 1154 873 1203 952; x_wconf 92' lang='lat' dir='ltr'><strong>qui</strong></span> <span class='ocrx_word' id='word_1_66' title='bbox 1229 873 1351 932; x_wconf 88' lang='lat' dir='ltr'><strong>multos</strong></span> 
     </span>
     <span class='ocr_line' id='line_1_9' title="bbox 207 946 1350 1031; baseline -0.004 -18"><span class='ocrx_word' id='word_1_67' title='bbox 207 973 301 1013; x_wconf 85' lang='lat' dir='ltr'><strong>annos</strong></span> <span class='ocrx_word' id='word_1_68' title='bbox 325 951 416 1012; x_wconf 89' lang='lat' dir='ltr'><strong>semel</strong></span> <span class='ocrx_word' id='word_1_69' title='bbox 442 951 574 1030; x_wconf 88' lang='lat' dir='ltr'><strong>quotrdie</strong></span> <span class='ocrx_word' id='word_1_70' title='bbox 599 949 697 1011; x_wconf 91' lang='lat' dir='ltr'><strong>cibum</strong></span> <span class='ocrx_word' id='word_1_71' title='bbox 722 951 892 1031; x_wconf 83' lang='lat' dir='ltr'><strong>sumpserit,</strong></span> <span class='ocrx_word' id='word_1_72' title='bbox 930 949 1086 1010; x_wconf 79' lang='lat' dir='ltr'><strong>ventriculi</strong></span> <span class='ocrx_word' id='word_1_73' title='bbox 1104 946 1350 1010; x_wconf 77' lang='lat' dir='ltr'><strong>imbecillitatem</strong></span> 
     </span>
     <span class='ocr_line' id='line_1_10' title="bbox 207 1025 1348 1107; baseline -0.004 -17"><span class='ocrx_word' id='word_1_74' title='bbox 207 1040 354 1090; x_wconf 81' lang='lat' dir='ltr'><strong>causatus:</strong></span> <span class='ocrx_word' id='word_1_75' title='bbox 373 1027 469 1088; x_wconf 88' lang='lat' dir='ltr'><strong>somni</strong></span> <span class='ocrx_word' id='word_1_76' title='bbox 487 1046 583 1107; x_wconf 89' lang='lat' dir='ltr'><strong>paene</strong></span> <span class='ocrx_word' id='word_1_77' title='bbox 602 1027 725 1103; x_wconf 88' lang='lat' dir='ltr'><strong>nullius,</strong></span> <span class='ocrx_word' id='word_1_78' title='bbox 744 1028 905 1089; x_wconf 89' lang='lat' dir='ltr'><strong>memoriae</strong></span> <span class='ocrx_word' id='word_1_79' title='bbox 923 1025 1118 1101; x_wconf 89' lang='lat' dir='ltr'><strong>incredibilis,</strong></span> <span class='ocrx_word' id='word_1_80' title='bbox 1143 1037 1176 1084; x_wconf 94' lang='lat' dir='ltr'><strong>ut</strong></span> <span class='ocrx_word' id='word_1_81' title='bbox 1196 1044 1269 1106; x_wconf 90' lang='lat' dir='ltr'><strong>quos</strong></span> <span class='ocrx_word' id='word_1_82' title='bbox 1291 1047 1348 1086; x_wconf 86' lang='lat' dir='ltr'><strong>se-</strong></span> 
     </span>
     <span class='ocr_line' id='line_1_11' title="bbox 162 1102 1347 1186; baseline -0.003 -22"><span class='ocrx_word' id='word_1_83' title='bbox 162 1171 167 1178; x_wconf 24' lang='lat'><strong>,</strong></span> <span class='ocrx_word' id='word_1_84' title='bbox 207 1106 266 1165; x_wconf 93' lang='lat' dir='ltr'><strong>mel</strong></span> <span class='ocrx_word' id='word_1_85' title='bbox 285 1105 441 1184; x_wconf 80' lang='lat' dir='ltr'><strong>aspexisset</strong></span> <span class='ocrx_word' id='word_1_86' title='bbox 461 1103 557 1164; x_wconf 87' lang='lat' dir='ltr'><strong>multis</strong></span> <span class='ocrx_word' id='word_1_87' title='bbox 577 1115 645 1183; x_wconf 91' lang='lat' dir='ltr'><strong>post</strong></span> <span class='ocrx_word' id='word_1_88' title='bbox 664 1105 746 1164; x_wconf 90' lang='lat' dir='ltr'><strong>annis</strong></span> <span class='ocrx_word' id='word_1_89' title='bbox 762 1105 858 1164; x_wconf 87' lang='lat' dir='ltr'><strong>statim</strong></span> <span class='ocrx_word' id='word_1_90' title='bbox 870 1115 1055 1186; x_wconf 88' lang='lat' dir='ltr'><strong>agnosceret,</strong></span> <span class='ocrx_word' id='word_1_91' title='bbox 1076 1115 1106 1168; x_wconf 84' lang='lat' dir='ltr'><strong>et</strong></span> <span class='ocrx_word' id='word_1_92' title='bbox 1119 1102 1203 1161; x_wconf 87' lang='lat' dir='ltr'><strong>inter</strong></span> <span class='ocrx_word' id='word_1_93' title='bbox 1223 1102 1347 1161; x_wconf 90' lang='lat' dir='ltr'><strong>dictan-</strong></span> 
     </span>
    </p>

    <p class='ocr_par' dir='ltr' id='par_1_3' title="bbox 181 1179 1350 3720">
     <span class='ocr_line' id='line_1_12' title="bbox 208 1179 1347 1262; baseline -0.004 -20"><span class='ocrx_word' id='word_1_94' title='bbox 208 1183 278 1242; x_wconf 91' lang='lat' dir='ltr'><strong>dum</strong></span> <span class='ocrx_word' id='word_1_95' title='bbox 307 1202 395 1262; x_wconf 85' lang='lat' dir='ltr'><strong>saepe</strong></span> <span class='ocrx_word' id='word_1_96' title='bbox 424 1180 538 1260; x_wconf 88' lang='lat' dir='ltr'><strong>aliquot</strong></span> <span class='ocrx_word' id='word_1_97' title='bbox 567 1181 654 1240; x_wconf 89' lang='lat' dir='ltr'><strong>boras</strong></span> <span class='ocrx_word' id='word_1_98' title='bbox 683 1180 893 1240; x_wconf 88' lang='lat' dir='ltr'><strong>interturbatus</strong></span> <span class='ocrx_word' id='word_1_99' title='bbox 923 1180 1019 1240; x_wconf 85' lang='lat' dir='ltr'><strong>statim</strong></span> <span class='ocrx_word' id='word_1_100' title='bbox 1051 1179 1089 1238; x_wconf 91' lang='lat' dir='ltr'><strong>ad</strong></span> <span class='ocrx_word' id='word_1_101' title='bbox 1118 1179 1223 1238; x_wconf 90' lang='lat' dir='ltr'><strong>dictata</strong></span> <span class='ocrx_word' id='word_1_102' title='bbox 1253 1180 1347 1238; x_wconf 87' lang='lat' dir='ltr'><strong>nullo</strong></span> 
     </span>
     <span class='ocr_line' id='line_1_13' title="bbox 208 1255 1347 1347; baseline -0.005 -27"><span class='ocrx_word' id='word_1_103' title='bbox 208 1257 495 1320; x_wconf 81' lang='lat' dir='ltr'><strong>commonefaciente</strong></span> <span class='ocrx_word' id='word_1_104' title='bbox 514 1257 634 1330; x_wconf 78' lang='lat' dir='ltr'><strong>rediret,</strong></span> <span class='ocrx_word' id='word_1_105' title='bbox 656 1269 810 1331; x_wconf 87' lang='lat' dir='ltr'><strong>eteorum,</strong></span> <span class='ocrx_word' id='word_1_106' title='bbox 831 1277 905 1347; x_wconf 86' lang='lat' dir='ltr'><strong>quae</strong></span> <span class='ocrx_word' id='word_1_107' title='bbox 925 1256 1019 1336; x_wconf 91' lang='lat' dir='ltr'><strong>ipsum</strong></span> <span class='ocrx_word' id='word_1_108' title='bbox 1039 1275 1126 1315; x_wconf 90' lang='lat' dir='ltr'><strong>nosse</strong></span> <span class='ocrx_word' id='word_1_109' title='bbox 1144 1255 1273 1316; x_wconf 86' lang='lat' dir='ltr'><strong>muneris</strong></span> <span class='ocrx_word' id='word_1_110' title='bbox 1293 1255 1347 1316; x_wconf 89' lang='lat' dir='ltr'><strong>sui</strong></span> 
     </span>
     <span class='ocr_line' id='line_1_14' title="bbox 207 1330 1350 1416; baseline -0.006 -20"><span class='ocrx_word' id='word_1_111' title='bbox 207 1357 293 1396; x_wconf 87' lang='lat' dir='ltr'><strong>causa</strong></span> <span class='ocrx_word' id='word_1_112' title='bbox 312 1335 485 1408; x_wconf 82' lang='lat' dir='ltr'><strong>interesset,</strong></span> <span class='ocrx_word' id='word_1_113' title='bbox 511 1334 695 1412; x_wconf 85' lang='lat' dir='ltr'><strong>quantumvis</strong></span> <span class='ocrx_word' id='word_1_114' title='bbox 714 1333 924 1416; x_wconf 74' lang='lat' dir='ltr'><strong>multiplicibus</strong></span> <span class='ocrx_word' id='word_1_115' title='bbox 945 1344 976 1392; x_wconf 90' lang='lat' dir='ltr'><strong>et</strong></span> <span class='ocrx_word' id='word_1_116' title='bbox 994 1331 1114 1391; x_wconf 85' lang='lat' dir='ltr'><strong>infinitis</strong></span> <span class='ocrx_word' id='word_1_117' title='bbox 1134 1330 1261 1413; x_wconf 87' lang='lat' dir='ltr'><strong>negotiis</strong></span> <span class='ocrx_word' id='word_1_118' title='bbox 1282 1352 1301 1390; x_wconf 93' lang='lat' dir='ltr'><strong>o</strong></span> <span class='ocrx_word' id='word_1_119' title='bbox 1330 1369 1350 1378; x_wconf 91' lang='lat'>-</span> 
     </span>
     <span class='ocr_line' id='line_1_15' title="bbox 206 1351 1348 1492; baseline -0.002 -22"><span class='ocrx_word' id='word_1_120' title='bbox 206 1431 338 1492; x_wconf 87' lang='lat' dir='ltr'><strong>pressus,</strong></span> <span class='ocrx_word' id='word_1_121' title='bbox 357 1429 507 1490; x_wconf 89' lang='lat' dir='ltr'><strong>nunquam</strong></span> <span class='ocrx_word' id='word_1_122' title='bbox 526 1419 625 1468; x_wconf 85' lang='lat' dir='ltr'><strong>tamen</strong></span> <span class='ocrx_word' id='word_1_123' title='bbox 645 1409 875 1471; x_wconf 86' lang='lat' dir='ltr'><strong>oblivisceretur.</strong></span> <span class='ocrx_word' id='word_1_124' title='bbox 913 1407 1033 1482; x_wconf 91' lang='lat' dir='ltr'><strong>Iudicii,</strong></span> <span class='ocrx_word' id='word_1_125' title='bbox 1058 1405 1279 1487; x_wconf 88' lang='lat' dir='ltr'><strong>quibuscunque</strong></span> <span class='ocrx_word' id='word_1_126' title='bbox 1302 1351 1348 1468; x_wconf 76' lang='lat' dir='ltr'><strong>de</strong></span> 
     </span>
     <span class='ocr_line' id='line_1_16' title="bbox 206 1484 1348 1566; baseline -0.004 -18"><span class='ocrx_word' id='word_1_127' title='bbox 206 1488 295 1548; x_wconf 88' lang='lat' dir='ltr'><strong>rebus</strong></span> <span class='ocrx_word' id='word_1_128' title='bbox 314 1487 528 1562; x_wconf 87' lang='lat' dir='ltr'><strong>consuleretur,</strong></span> <span class='ocrx_word' id='word_1_129' title='bbox 547 1497 606 1544; x_wconf 86' lang='lat' dir='ltr'><strong>tarn</strong></span> <span class='ocrx_word' id='word_1_130' title='bbox 626 1487 693 1566; x_wconf 88' lang='lat' dir='ltr'><strong>puri</strong></span> <span class='ocrx_word' id='word_1_131' title='bbox 714 1499 744 1546; x_wconf 92' lang='lat' dir='ltr'><strong>et</strong></span> <span class='ocrx_word' id='word_1_132' title='bbox 764 1486 866 1560; x_wconf 85' lang='lat' dir='ltr'><strong>exacti,</strong></span> <span class='ocrx_word' id='word_1_133' title='bbox 885 1497 918 1544; x_wconf 91' lang='lat' dir='ltr'><strong>ut</strong></span> <span class='ocrx_word' id='word_1_134' title='bbox 953 1505 1026 1544; x_wconf 90' lang='lat' dir='ltr'><strong>aene</strong></span> <span class='ocrx_word' id='word_1_135' title='bbox 1036 1484 1188 1544; x_wconf 86' lang='lat' dir='ltr'><strong>vaticinari</strong></span> <span class='ocrx_word' id='word_1_136' title='bbox 1201 1505 1289 1564; x_wconf 88' lang='lat' dir='ltr'><strong>saepe</strong></span> <span class='ocrx_word' id='word_1_137' title='bbox 1301 1485 1348 1544; x_wconf 88' lang='lat' dir='ltr'><strong>sit</strong></span> 
     </span>
     <span class='ocr_line' id='line_1_17' title="bbox 205 1505 1346 1642; baseline -0.008 -14"><span class='ocrx_word' id='word_1_138' title='bbox 205 1565 297 1640; x_wconf 76' lang='lat' dir='ltr'><strong>visus,</strong></span> <span class='ocrx_word' id='word_1_139' title='bbox 316 1585 373 1624; x_wconf 92' lang='lat' dir='ltr'><strong>nec</strong></span> <span class='ocrx_word' id='word_1_140' title='bbox 392 1563 542 1623; x_wconf 87' lang='lat' dir='ltr'><strong>aberrasse</strong></span> <span class='ocrx_word' id='word_1_141' title='bbox 560 1561 758 1637; x_wconf 90' lang='lat' dir='ltr'><strong>melniuerim,</strong></span> <span class='ocrx_word' id='word_1_142' title='bbox 784 1563 835 1642; x_wconf 93' lang='lat' dir='ltr'><strong>qui</strong></span> <span class='ocrx_word' id='word_1_143' title='bbox 855 1505 1007 1622; x_wconf 69' lang='lat' dir='ltr'><strong>consdium</strong></span> <span class='ocrx_word' id='word_1_144' title='bbox 1026 1560 1116 1641; x_wconf 88' lang='lat' dir='ltr'><strong>ipsios</strong></span> <span class='ocrx_word' id='word_1_145' title='bbox 1135 1571 1211 1620; x_wconf 86' lang='lat' dir='ltr'><strong>esset</strong></span> <span class='ocrx_word' id='word_1_146' title='bbox 1227 1581 1346 1640; x_wconf 85' lang='lat' dir='ltr'><strong>sequu-</strong></span> 
     </span>
     <span class='ocr_line' id='line_1_18' title="bbox 191 1637 1347 1718; baseline -0.005 -17"><span class='ocrx_word' id='word_1_147' title='bbox 191 1652 262 1701; x_wconf 87' lang='lat' dir='ltr'><strong>·tus.</strong></span> <span class='ocrx_word' id='word_1_148' title='bbox 300 1639 468 1703; x_wconf 84' lang='lat' dir='ltr'><strong>Facundiae</strong></span> <span class='ocrx_word' id='word_1_149' title='bbox 489 1649 680 1718; x_wconf 89' lang='lat' dir='ltr'><strong>contemptor</strong></span> <span class='ocrx_word' id='word_1_150' title='bbox 706 1651 737 1698; x_wconf 92' lang='lat' dir='ltr'><strong>ct</strong></span> <span class='ocrx_word' id='word_1_151' title='bbox 755 1638 914 1699; x_wconf 85' lang='lat' dir='ltr'><strong>verborum</strong></span> <span class='ocrx_word' id='word_1_152' title='bbox 934 1659 1054 1718; x_wconf 89' lang='lat' dir='ltr'><strong>parcus,</strong></span> <span class='ocrx_word' id='word_1_153' title='bbox 1080 1637 1132 1696; x_wconf 89' lang='lat' dir='ltr'><strong>sed</strong></span> <span class='ocrx_word' id='word_1_154' title='bbox 1151 1637 1270 1696; x_wconf 90' lang='lat' dir='ltr'><strong>minime</strong></span> <span class='ocrx_word' id='word_1_155' title='bbox 1290 1637 1347 1695; x_wconf 89' lang='lat' dir='ltr'><strong>in-</strong></span> 
     </span>
     <span class='ocr_line' id='line_1_19' title="bbox 206 1712 1342 1806; baseline -0.004 -29"><span class='ocrx_word' id='word_1_156' title='bbox 206 1729 290 1796; x_wconf 89' lang='lat' dir='ltr'><strong>eptus</strong></span> <span class='ocrx_word' id='word_1_157' title='bbox 309 1717 446 1796; x_wconf 84' lang='lat' dir='ltr'><strong>scriptor,</strong></span> <span class='ocrx_word' id='word_1_158' title='bbox 467 1727 497 1774; x_wconf 89' lang='lat' dir='ltr'><strong>et</strong></span> <span class='ocrx_word' id='word_1_159' title='bbox 516 1735 575 1793; x_wconf 93' lang='lat' dir='ltr'><strong>quo</strong></span> <span class='ocrx_word' id='word_1_160' title='bbox 596 1713 692 1784; x_wconf 89' lang='lat' dir='ltr'><strong>nullus</strong></span> <span class='ocrx_word' id='word_1_161' title='bbox 712 1716 749 1775; x_wconf 88' lang='lat' dir='ltr'><strong>ad</strong></span> <span class='ocrx_word' id='word_1_162' title='bbox 769 1716 846 1776; x_wconf 90' lang='lat' dir='ltr'><strong>bunc</strong></span> <span class='ocrx_word' id='word_1_163' title='bbox 866 1715 943 1774; x_wconf 87' lang='lat' dir='ltr'><strong>diem</strong></span> <span class='ocrx_word' id='word_1_164' title='bbox 962 1714 1120 1806; x_wconf 80' lang='lat' dir='ltr'><strong>theologus</strong></span> <span class='ocrx_word' id='word_1_165' title='bbox 1140 1713 1230 1790; x_wconf 88' lang='lat' dir='ltr'><strong>(absit</strong></span> <span class='ocrx_word' id='word_1_166' title='bbox 1241 1712 1342 1773; x_wconf 87' lang='lat' dir='ltr'><strong>verbo</strong></span> 
     </span>
     <span class='ocr_line' id='line_1_20' title="bbox 205 1790 1344 1875; baseline -0.003 -22"><span class='ocrx_word' id='word_1_167' title='bbox 205 1793 331 1869; x_wconf 81' lang='lat' dir='ltr'><strong>invidia)</strong></span> <span class='ocrx_word' id='word_1_168' title='bbox 351 1793 466 1872; x_wconf 85' lang='lat' dir='ltr'><strong>purius,</strong></span> <span class='ocrx_word' id='word_1_169' title='bbox 486 1791 619 1872; x_wconf 86' lang='lat' dir='ltr'><strong>gravius,</strong></span> <span class='ocrx_word' id='word_1_170' title='bbox 638 1790 805 1852; x_wconf 86' lang='lat' dir='ltr'><strong>iudiciosius</strong></span> <span class='ocrx_word' id='word_1_171' title='bbox 826 1791 954 1875; x_wconf 88' lang='lat' dir='ltr'><strong>denique</strong></span> <span class='ocrx_word' id='word_1_172' title='bbox 973 1791 1104 1871; x_wconf 78' lang='lat' dir='ltr'><strong>scripsit,</strong></span> <span class='ocrx_word' id='word_1_173' title='bbox 1129 1811 1219 1869; x_wconf 92' lang='lat' dir='ltr'><strong>quum</strong></span> <span class='ocrx_word' id='word_1_174' title='bbox 1236 1801 1344 1850; x_wconf 84' lang='lat' dir='ltr'><strong>tamen</strong></span> 
     </span>
     <span class='ocr_line' id='line_1_21' title="bbox 205 1867 1345 1948; baseline -0.001 -20"><span class='ocrx_word' id='word_1_175' title='bbox 205 1869 377 1930; x_wconf 81' lang='lat' dir='ltr'><strong>tammultc</strong></span> <span class='ocrx_word' id='word_1_176' title='bbox 395 1867 560 1948; x_wconf 84' lang='lat' dir='ltr'><strong>scripserit,</strong></span> <span class='ocrx_word' id='word_1_177' title='bbox 586 1888 672 1947; x_wconf 80' lang='lat' dir='ltr'><strong>quoru</strong></span> <span class='ocrx_word' id='word_1_178' title='bbox 692 1889 781 1928; x_wconf 89' lang='lat' dir='ltr'><strong>nemo</strong></span> <span class='ocrx_word' id='word_1_179' title='bbox 801 1869 848 1929; x_wconf 87' lang='lat' dir='ltr'><strong>vel</strong></span> <span class='ocrx_word' id='word_1_180' title='bbox 867 1879 966 1928; x_wconf 86' lang='lat' dir='ltr'><strong>nostra</strong></span> <span class='ocrx_word' id='word_1_181' title='bbox 984 1869 1033 1928; x_wconf 81' lang='lat' dir='ltr'><strong>vel</strong></span> <span class='ocrx_word' id='word_1_182' title='bbox 1053 1879 1168 1948; x_wconf 87' lang='lat' dir='ltr'><strong>patrum</strong></span> <span class='ocrx_word' id='word_1_183' title='bbox 1187 1867 1345 1927; x_wconf 91' lang='lat' dir='ltr'><strong>memoria.</strong></span> 
     </span>
     <span class='ocr_line' id='line_1_22' title="bbox 204 1943 1345 2027; baseline -0.001 -22"><span class='ocrx_word' id='word_1_184' title='bbox 204 1947 280 2006; x_wconf 84' lang='lat' dir='ltr'><strong>Erat</strong></span> <span class='ocrx_word' id='word_1_185' title='bbox 298 1946 377 2005; x_wconf 90' lang='lat' dir='ltr'><strong>enim</strong></span> <span class='ocrx_word' id='word_1_186' title='bbox 400 1946 681 2024; x_wconf 35' lang='lat' dir='ltr'><strong>hoereonsequnus</strong></span> <span class='ocrx_word' id='word_1_187' title='bbox 700 1943 807 2027; x_wconf 86' lang='lat' dir='ltr'><strong>vigiliis</strong></span> <span class='ocrx_word' id='word_1_188' title='bbox 826 1945 998 2019; x_wconf 82' lang='lat' dir='ltr'><strong>iuventutis,</strong></span> <span class='ocrx_word' id='word_1_189' title='bbox 1038 1957 1067 2004; x_wconf 85' lang='lat' dir='ltr'><strong>et</strong></span> <span class='ocrx_word' id='word_1_190' title='bbox 1087 1943 1210 2024; x_wconf 87' lang='lat' dir='ltr'><strong>quadarn</strong></span> <span class='ocrx_word' id='word_1_191' title='bbox 1235 1943 1345 2004; x_wconf 84' lang='lat' dir='ltr'><strong>iudicii</strong></span> 
     </span>
     <span class='ocr_line' id='line_1_23' title="bbox 205 2019 1346 2100; baseline -0.003 -18"><span class='ocrx_word' id='word_1_192' title='bbox 205 2022 365 2082; x_wconf 86' lang='lat' dir='ltr'><strong>acrimonia</strong></span> <span class='ocrx_word' id='word_1_193' title='bbox 385 2021 514 2081; x_wconf 88' lang='lat' dir='ltr'><strong>dictandi</strong></span> <span class='ocrx_word' id='word_1_194' title='bbox 528 2021 742 2082; x_wconf 55' lang='lat' dir='ltr'><strong>&#39;exercitatione</strong></span> <span class='ocrx_word' id='word_1_195' title='bbox 763 2021 951 2096; x_wconf 84' lang='lat' dir='ltr'><strong>confirmata,</strong></span> <span class='ocrx_word' id='word_1_196' title='bbox 979 2033 1012 2081; x_wconf 89' lang='lat' dir='ltr'><strong>ut</strong></span> <span class='ocrx_word' id='word_1_197' title='bbox 1039 2041 1136 2100; x_wconf 91' lang='lat' dir='ltr'><strong>neque</strong></span> <span class='ocrx_word' id='word_1_198' title='bbox 1159 2019 1203 2078; x_wconf 91' lang='lat' dir='ltr'><strong>illi</strong></span> <span class='ocrx_word' id='word_1_199' title='bbox 1222 2019 1346 2079; x_wconf 85' lang='lat' dir='ltr'><strong>deesset</strong></span> 
     </span>
     <span class='ocr_line' id='line_1_24' title="bbox 205 2095 1347 2179; baseline -0.001 -21"><span class='ocrx_word' id='word_1_200' title='bbox 205 2119 244 2158; x_wconf 87' lang='lat' dir='ltr'><strong>un</strong></span> <span class='ocrx_word' id='word_1_201' title='bbox 269 2119 334 2158; x_wconf 87' lang='lat' dir='ltr'><strong>uam</strong></span> <span class='ocrx_word' id='word_1_202' title='bbox 365 2097 446 2179; x_wconf 87' lang='lat' dir='ltr'><strong>quod</strong></span> <span class='ocrx_word' id='word_1_203' title='bbox 471 2099 604 2178; x_wconf 88' lang='lat' dir='ltr'><strong>apposite</strong></span> <span class='ocrx_word' id='word_1_204' title='bbox 630 2109 661 2157; x_wconf 90' lang='lat' dir='ltr'><strong>et</strong></span> <span class='ocrx_word' id='word_1_205' title='bbox 722 2099 814 2158; x_wconf 78' lang='lat' dir='ltr'><strong>aviter</strong></span> <span class='ocrx_word' id='word_1_206' title='bbox 844 2099 970 2172; x_wconf 88' lang='lat' dir='ltr'><strong>diceret,</strong></span> <span class='ocrx_word' id='word_1_207' title='bbox 1009 2118 1106 2176; x_wconf 90' lang='lat' dir='ltr'><strong>neque</strong></span> <span class='ocrx_word' id='word_1_208' title='bbox 1123 2095 1224 2159; x_wconf 84' lang='lat' dir='ltr'><strong>&#39;multo</strong></span> <span class='ocrx_word' id='word_1_209' title='bbox 1252 2096 1347 2157; x_wconf 87' lang='lat' dir='ltr'><strong>aliter</strong></span> 
     </span>
     <span class='ocr_line' id='line_1_25' title="bbox 203 2119 1344 2266; baseline 0 -32"><span class='ocrx_word' id='word_1_210' title='bbox 203 2119 350 2234; x_wconf 71' lang='lat' dir='ltr'><strong>scriberet</strong></span> <span class='ocrx_word' id='word_1_211' title='bbox 370 2195 456 2258; x_wconf 82' lang='lat' dir='ltr'><strong>quam</strong></span> <span class='ocrx_word' id='word_1_212' title='bbox 475 2173 656 2254; x_wconf 85' lang='lat' dir='ltr'><strong>loqueretur.</strong></span> <span class='ocrx_word' id='word_1_213' title='bbox 729 2174 901 2252; x_wconf 82' lang='lat' dir='ltr'><strong>doctrina,</strong></span> <span class='ocrx_word' id='word_1_214' title='bbox 928 2194 1021 2266; x_wconf 83' lang='lat' dir='ltr'><strong>quam¹</strong></span> <span class='ocrx_word' id='word_1_215' title='bbox 1034 2173 1120 2234; x_wconf 92' lang='lat' dir='ltr'><strong>initio</strong></span> <span class='ocrx_word' id='word_1_216' title='bbox 1140 2173 1271 2248; x_wconf 86' lang='lat' dir='ltr'><strong>tradidit,</strong></span> <span class='ocrx_word' id='word_1_217' title='bbox 1300 2173 1344 2234; x_wconf 88' lang='lat' dir='ltr'><strong>ad</strong></span> 
     </span>
     <span class='ocr_line' id='line_1_26' title="bbox 206 2249 1344 2342; baseline -0.002 -30"><span class='ocrx_word' id='word_1_218' title='bbox 206 2261 366 2312; x_wconf 84' lang='lat' dir='ltr'><strong>extremum</strong></span> <span class='ocrx_word' id='word_1_219' title='bbox 392 2262 529 2312; x_wconf 87' lang='lat' dir='ltr'><strong>constans</strong></span> <span class='ocrx_word' id='word_1_220' title='bbox 553 2251 627 2311; x_wconf 90' lang='lat' dir='ltr'><strong>nibil</strong></span> <span class='ocrx_word' id='word_1_221' title='bbox 647 2273 771 2342; x_wconf 83' lang='lat' dir='ltr'><strong>prorsus</strong></span> <span class='ocrx_word' id='word_1_222' title='bbox 795 2251 971 2326; x_wconf 80' lang='lat' dir='ltr'><strong>immutavrt,</strong></span> <span class='ocrx_word' id='word_1_223' title='bbox 1010 2251 1091 2341; x_wconf 87' lang='lat' dir='ltr'><strong>quod</strong></span> <span class='ocrx_word' id='word_1_224' title='bbox 1117 2249 1215 2330; x_wconf 90' lang='lat' dir='ltr'><strong>paucis</strong></span> <span class='ocrx_word' id='word_1_225' title='bbox 1235 2261 1344 2310; x_wconf 83' lang='lat' dir='ltr'><strong>nostra</strong></span> 
     </span>
     <span class='ocr_line' id='line_1_27' title="bbox 204 2326 1346 2411; baseline -0.001 -24"><span class='ocrx_word' id='word_1_226' title='bbox 204 2328 347 2388; x_wconf 89' lang='lat' dir='ltr'><strong>memoria</strong></span> <span class='ocrx_word' id='word_1_227' title='bbox 385 2327 535 2411; x_wconf 86' lang='lat' dir='ltr'><strong>theologis</strong></span> <span class='ocrx_word' id='word_1_228' title='bbox 574 2328 708 2409; x_wconf 74' lang='lat' dir='ltr'><strong>contigit</strong></span> <span class='ocrx_word' id='word_1_229' title='bbox 770 2329 864 2403; x_wconf 85' lang='lat' dir='ltr'><strong>Quod</strong></span> <span class='ocrx_word' id='word_1_230' title='bbox 894 2329 930 2389; x_wconf 88' lang='lat' dir='ltr'><strong>ad</strong></span> <span class='ocrx_word' id='word_1_231' title='bbox 965 2329 1055 2409; x_wconf 75' lang='lat' dir='ltr'><strong>ipsius</strong></span> <span class='ocrx_word' id='word_1_232' title='bbox 1086 2347 1183 2386; x_wconf 89' lang='lat' dir='ltr'><strong>mores</strong></span> <span class='ocrx_word' id='word_1_233' title='bbox 1221 2326 1346 2400; x_wconf 83' lang='lat' dir='ltr'><strong>attinet,</strong></span> 
     </span>
     <span class='ocr_line' id='line_1_28' title="bbox 181 2401 1344 2486; baseline -0.002 -22"><span class='ocrx_word' id='word_1_234' title='bbox 181 2405 335 2484; x_wconf 82' lang='lat' dir='ltr'><strong>,quamvis</strong></span> <span class='ocrx_word' id='word_1_235' title='bbox 355 2404 436 2464; x_wconf 90' lang='lat' dir='ltr'><strong>illum</strong></span> <span class='ocrx_word' id='word_1_236' title='bbox 455 2417 560 2464; x_wconf 87' lang='lat' dir='ltr'><strong>natura</strong></span> <span class='ocrx_word' id='word_1_237' title='bbox 579 2405 616 2464; x_wconf 85' lang='lat' dir='ltr'><strong>ad</strong></span> <span class='ocrx_word' id='word_1_238' title='bbox 636 2405 807 2486; x_wconf 77' lang='lat' dir='ltr'><strong>gravitatem</strong></span> <span class='ocrx_word' id='word_1_239' title='bbox 826 2405 969 2480; x_wconf 85' lang='lat' dir='ltr'><strong>finxisset,</strong></span> <span class='ocrx_word' id='word_1_240' title='bbox 1000 2423 1089 2464; x_wconf 84' lang='lat' dir='ltr'><strong>nemo</strong></span> <span class='ocrx_word' id='word_1_241' title='bbox 1115 2415 1213 2462; x_wconf 88' lang='lat' dir='ltr'><strong>tamen</strong></span> <span class='ocrx_word' id='word_1_242' title='bbox 1232 2401 1285 2461; x_wconf 90' lang='lat' dir='ltr'><strong>illo</strong></span> <span class='ocrx_word' id='word_1_243' title='bbox 1306 2404 1344 2462; x_wconf 88' lang='lat' dir='ltr'><strong>iu</strong></span> 
     </span>
     <span class='ocr_line' id='line_1_29' title="bbox 206 2479 1343 2558; baseline -0.001 -17"><span class='ocrx_word' id='word_1_244' title='bbox 206 2482 357 2541; x_wconf 88' lang='lat' dir='ltr'><strong>communi</strong></span> <span class='ocrx_word' id='word_1_245' title='bbox 375 2481 512 2542; x_wconf 81' lang='lat' dir='ltr'><strong>convictu</strong></span> <span class='ocrx_word' id='word_1_246' title='bbox 533 2481 588 2540; x_wconf 89' lang='lat' dir='ltr'><strong>suit</strong></span> <span class='ocrx_word' id='word_1_247' title='bbox 607 2482 738 2550; x_wconf 65' lang='lat' dir='ltr'><strong>suavior:</strong></span> <span class='ocrx_word' id='word_1_248' title='bbox 770 2482 802 2540; x_wconf 85' lang='lat' dir='ltr'><strong>in</strong></span> <span class='ocrx_word' id='word_1_249' title='bbox 821 2481 950 2542; x_wconf 87' lang='lat' dir='ltr'><strong>serendis</strong></span> <span class='ocrx_word' id='word_1_250' title='bbox 971 2480 1122 2541; x_wconf 83' lang='lat' dir='ltr'><strong>bominum</strong></span> <span class='ocrx_word' id='word_1_251' title='bbox 1141 2479 1245 2553; x_wconf 79' lang='lat' dir='ltr'><strong>vitiis,¹</strong></span> <span class='ocrx_word' id='word_1_252' title='bbox 1260 2501 1343 2558; x_wconf 90' lang='lat' dir='ltr'><strong>quae</strong></span> 
     </span>
     <span class='ocr_line' id='line_1_30' title="bbox 205 2555 1343 2638; baseline -0.003 -22"><span class='ocrx_word' id='word_1_253' title='bbox 205 2556 380 2617; x_wconf 83' lang='lat' dir='ltr'><strong>infirmitatis</strong></span> <span class='ocrx_word' id='word_1_254' title='bbox 401 2570 494 2632; x_wconf 87' lang='lat' dir='ltr'><strong>erant,</strong></span> <span class='ocrx_word' id='word_1_255' title='bbox 514 2557 587 2618; x_wconf 89' lang='lat' dir='ltr'><strong>mire</strong></span> <span class='ocrx_word' id='word_1_256' title='bbox 606 2558 665 2617; x_wconf 86' lang='lat' dir='ltr'><strong>luit</strong></span> <span class='ocrx_word' id='word_1_257' title='bbox 683 2559 823 2638; x_wconf 86' lang='lat' dir='ltr'><strong>prudens,</strong></span> <span class='ocrx_word' id='word_1_258' title='bbox 843 2571 877 2618; x_wconf 93' lang='lat' dir='ltr'><strong>ut</strong></span> <span class='ocrx_word' id='word_1_259' title='bbox 889 2577 986 2638; x_wconf 89' lang='lat' dir='ltr'><strong>neque</strong></span> <span class='ocrx_word' id='word_1_260' title='bbox 1006 2557 1175 2637; x_wconf 86' lang='lat' dir='ltr'><strong>importuna</strong></span> <span class='ocrx_word' id='word_1_261' title='bbox 1196 2555 1343 2637; x_wconf 88' lang='lat' dir='ltr'><strong>obiurga-</strong></span> 
     </span>
     <span class='ocr_line' id='line_1_31' title="bbox 203 2633 1342 2714; baseline 0.001 -21"><span class='ocrx_word' id='word_1_262' title='bbox 203 2635 288 2696; x_wconf 86' lang='lat' dir='ltr'><strong>tione</strong></span> <span class='ocrx_word' id='word_1_263' title='bbox 313 2634 505 2714; x_wconf 85' lang='lat' dir='ltr'><strong>pudefaceret</strong></span> <span class='ocrx_word' id='word_1_264' title='bbox 531 2645 582 2694; x_wconf 88' lang='lat' dir='ltr'><strong>aut</strong></span> <span class='ocrx_word' id='word_1_265' title='bbox 629 2636 855 2696; x_wconf 89' lang='lat' dir='ltr'><strong>erterrelacerct</strong></span> <span class='ocrx_word' id='word_1_266' title='bbox 883 2633 1048 2694; x_wconf 88' lang='lat' dir='ltr'><strong>imbecillos</strong></span> <span class='ocrx_word' id='word_1_267' title='bbox 1081 2633 1200 2707; x_wconf 84' lang='lat' dir='ltr'><strong>fratres,</strong></span> <span class='ocrx_word' id='word_1_268' title='bbox 1237 2652 1342 2711; x_wconf 87' lang='lat' dir='ltr'><strong>neque</strong></span> 
     </span>
     <span class='ocr_line' id='line_1_32' title="bbox 202 2655 1342 2796; baseline -0.005 -23"><span class='ocrx_word' id='word_1_269' title='bbox 202 2710 273 2773; x_wconf 79' lang='lat' dir='ltr'><strong>vitia</strong></span> <span class='ocrx_word' id='word_1_270' title='bbox 299 2711 486 2772; x_wconf 85' lang='lat' dir='ltr'><strong>connivendo</strong></span> <span class='ocrx_word' id='word_1_271' title='bbox 514 2711 561 2772; x_wconf 84' lang='lat' dir='ltr'><strong>vel</strong></span> <span class='ocrx_word' id='word_1_272' title='bbox 585 2655 730 2796; x_wconf 84' lang='lat' dir='ltr'><strong>adulandp</strong></span> <span class='ocrx_word' id='word_1_273' title='bbox 757 2711 881 2774; x_wconf 80' lang='lat' dir='ltr'><strong>foveret.</strong></span> <span class='ocrx_word' id='word_1_274' title='bbox 919 2709 1104 2770; x_wconf 79' lang='lat' dir='ltr'><strong>Adulationis</strong></span> <span class='ocrx_word' id='word_1_275' title='bbox 1129 2721 1225 2769; x_wconf 86' lang='lat' dir='ltr'><strong>autem</strong></span> <span class='ocrx_word' id='word_1_276' title='bbox 1247 2720 1277 2768; x_wconf 91' lang='lat' dir='ltr'><strong>et</strong></span> <span class='ocrx_word' id='word_1_277' title='bbox 1296 2709 1342 2768; x_wconf 88' lang='lat' dir='ltr'><strong>si-</strong></span> 
     </span>
     <span class='ocr_line' id='line_1_33' title="bbox 204 2783 1341 2876; baseline 0 -31"><span class='ocrx_word' id='word_1_278' title='bbox 204 2787 388 2863; x_wconf 88' lang='lat' dir='ltr'><strong>mulationis,</strong></span> <span class='ocrx_word' id='word_1_279' title='bbox 418 2785 615 2867; x_wconf 88' lang='lat' dir='ltr'><strong>improbitatis</strong></span> <span class='ocrx_word' id='word_1_280' title='bbox 635 2787 780 2868; x_wconf 91' lang='lat' dir='ltr'><strong>denique,</strong></span> <span class='ocrx_word' id='word_1_281' title='bbox 804 2787 976 2868; x_wconf 83' lang='lat' dir='ltr'><strong>praesertim</strong></span> <span class='ocrx_word' id='word_1_282' title='bbox 996 2787 1020 2847; x_wconf 89' lang='lat' dir='ltr'><strong>si</strong></span> <span class='ocrx_word' id='word_1_283' title='bbox 1040 2786 1076 2845; x_wconf 90' lang='lat' dir='ltr'><strong>de</strong></span> <span class='ocrx_word' id='word_1_284' title='bbox 1096 2783 1241 2868; x_wconf 83' lang='lat' dir='ltr'><strong>religione</strong></span> <span class='ocrx_word' id='word_1_285' title='bbox 1262 2805 1341 2876; x_wconf 85' lang='lat' dir='ltr'><strong>age-</strong></span> 
     </span>
     <span class='ocr_line' id='line_1_34' title="bbox 205 2861 1341 2944; baseline -0.001 -22"><span class='ocrx_word' id='word_1_286' title='bbox 205 2862 308 2938; x_wconf 86' lang='lat' dir='ltr'><strong>batiar,</strong></span> <span class='ocrx_word' id='word_1_287' title='bbox 327 2874 386 2923; x_wconf 90' lang='lat' dir='ltr'><strong>tam</strong></span> <span class='ocrx_word' id='word_1_288' title='bbox 408 2864 464 2922; x_wconf 90' lang='lat' dir='ltr'><strong>luit</strong></span> <span class='ocrx_word' id='word_1_289' title='bbox 483 2863 573 2924; x_wconf 89' lang='lat' dir='ltr'><strong>bostis</strong></span> <span class='ocrx_word' id='word_1_290' title='bbox 594 2883 661 2923; x_wconf 88' lang='lat' dir='ltr'><strong>acer</strong></span> <span class='ocrx_word' id='word_1_291' title='bbox 681 2876 711 2923; x_wconf 92' lang='lat' dir='ltr'><strong>et</strong></span> <span class='ocrx_word' id='word_1_292' title='bbox 730 2865 904 2938; x_wconf 88' lang='lat' dir='ltr'><strong>vehemens,</strong></span> <span class='ocrx_word' id='word_1_293' title='bbox 924 2885 1010 2944; x_wconf 89' lang='lat' dir='ltr'><strong>quam</strong></span> <span class='ocrx_word' id='word_1_294' title='bbox 1029 2862 1175 2936; x_wconf 87' lang='lat' dir='ltr'><strong>veritatis,</strong></span> <span class='ocrx_word' id='word_1_295' title='bbox 1194 2861 1341 2942; x_wconf 77' lang='lat' dir='ltr'><strong>simplici-</strong></span> 
     </span>
     <span class='ocr_line' id='line_1_35' title="bbox 204 2938 1341 3019; baseline 0 -21"><span class='ocrx_word' id='word_1_296' title='bbox 204 2938 288 3012; x_wconf 84' lang='lat' dir='ltr'><strong>tatis,</strong></span> <span class='ocrx_word' id='word_1_297' title='bbox 318 2950 349 2997; x_wconf 90' lang='lat' dir='ltr'><strong>et</strong></span> <span class='ocrx_word' id='word_1_298' title='bbox 373 2939 508 3000; x_wconf 88' lang='lat' dir='ltr'><strong>candoris</strong></span> <span class='ocrx_word' id='word_1_299' title='bbox 534 2960 640 3000; x_wconf 86' lang='lat' dir='ltr'><strong>amans.</strong></span> <span class='ocrx_word' id='word_1_300' title='bbox 683 2940 753 3000; x_wconf 90' lang='lat' dir='ltr'><strong>Fuit</strong></span> <span class='ocrx_word' id='word_1_301' title='bbox 776 2942 899 3002; x_wconf 90' lang='lat' dir='ltr'><strong>omnino</strong></span> <span class='ocrx_word' id='word_1_302' title='bbox 924 2952 1046 3000; x_wconf 85' lang='lat' dir='ltr'><strong>naturae</strong></span> <span class='ocrx_word' id='word_1_303' title='bbox 1072 2940 1161 3019; x_wconf 89' lang='lat' dir='ltr'><strong>ipsius</strong></span> <span class='ocrx_word' id='word_1_304' title='bbox 1186 2951 1341 3018; x_wconf 84' lang='lat' dir='ltr'><strong>tempera-</strong></span> 
     </span>
     <span class='ocr_line' id='line_1_36' title="bbox 203 3015 1344 3096; baseline 0.004 -22"><span class='ocrx_word' id='word_1_305' title='bbox 203 3025 307 3074; x_wconf 91' lang='lat' dir='ltr'><strong>mento</strong></span> <span class='ocrx_word' id='word_1_306' title='bbox 328 3021 471 3094; x_wconf 74' lang='grc' dir='ltr'><em>ὀξύχολος,</em></span> <span class='ocrx_word' id='word_1_307' title='bbox 504 3016 584 3096; x_wconf 90' lang='lat' dir='ltr'><strong>quod</strong></span> <span class='ocrx_word' id='word_1_308' title='bbox 597 3016 711 3078; x_wconf 84' lang='lat' dir='ltr'><strong>-vitium</strong></span> <span class='ocrx_word' id='word_1_309' title='bbox 739 3017 826 3077; x_wconf 89' lang='lat' dir='ltr'><strong>ctiam</strong></span> <span class='ocrx_word' id='word_1_310' title='bbox 846 3027 966 3078; x_wconf 87' lang='lat' dir='ltr'><strong>auxerat</strong></span> <span class='ocrx_word' id='word_1_311' title='bbox 980 3015 1244 3078; x_wconf 89' lang='lat' dir='ltr'><strong>laboriosissimum</strong></span> <span class='ocrx_word' id='word_1_312' title='bbox 1264 3015 1344 3078; x_wconf 90' lang='lat' dir='ltr'><strong>illud</strong></span> 
     </span>
     <span class='ocr_line' id='line_1_37' title="bbox 203 3091 1342 3175; baseline -0.001 -22"><span class='ocrx_word' id='word_1_313' title='bbox 203 3093 281 3154; x_wconf 80' lang='lat' dir='ltr'><strong>vitae</strong></span> <span class='ocrx_word' id='word_1_314' title='bbox 301 3112 409 3175; x_wconf 90' lang='lat' dir='ltr'><strong>genus:</strong></span> <span class='ocrx_word' id='word_1_315' title='bbox 429 3091 490 3152; x_wconf 89' lang='lat' dir='ltr'><strong>irae</strong></span> <span class='ocrx_word' id='word_1_316' title='bbox 509 3105 609 3152; x_wconf 89' lang='lat' dir='ltr'><strong>tamen</strong></span> <span class='ocrx_word' id='word_1_317' title='bbox 629 3092 757 3154; x_wconf 82' lang='lat' dir='ltr'><strong>siceum</strong></span> <span class='ocrx_word' id='word_1_318' title='bbox 777 3095 921 3155; x_wconf 86' lang='lat' dir='ltr'><strong>docuerat</strong></span> <span class='ocrx_word' id='word_1_319' title='bbox 940 3093 1066 3175; x_wconf 89' lang='lat' dir='ltr'><strong>Spiritus</strong></span> <span class='ocrx_word' id='word_1_320' title='bbox 1084 3092 1207 3152; x_wconf 87' lang='lat' dir='ltr'><strong>Domini</strong></span> <span class='ocrx_word' id='word_1_321' title='bbox 1228 3091 1342 3152; x_wconf 91' lang='lat' dir='ltr'><strong>mode-</strong></span> 
     </span>
     <span class='ocr_line' id='line_1_38' title="bbox 202 3167 1340 3250; baseline 0.003 -22"><span class='ocrx_word' id='word_1_322' title='bbox 202 3168 278 3242; x_wconf 90' lang='lat' dir='ltr'><strong>rari,</strong></span> <span class='ocrx_word' id='word_1_323' title='bbox 317 3181 350 3228; x_wconf 94' lang='lat' dir='ltr'><strong>ut</strong></span> <span class='ocrx_word' id='word_1_324' title='bbox 369 3189 407 3227; x_wconf 90' lang='lat' dir='ltr'><strong>ue</strong></span> <span class='ocrx_word' id='word_1_325' title='bbox 425 3168 549 3230; x_wconf 82' lang='lat' dir='ltr'><strong>verbum</strong></span> <span class='ocrx_word' id='word_1_326' title='bbox 569 3170 687 3248; x_wconf 87' lang='lat' dir='ltr'><strong>quidem</strong></span> <span class='ocrx_word' id='word_1_327' title='bbox 707 3173 745 3232; x_wconf 89' lang='lat' dir='ltr'><strong>sit</strong></span> <span class='ocrx_word' id='word_1_328' title='bbox 765 3191 856 3232; x_wconf 83' lang='lat' dir='ltr'><strong>exeo</strong></span> <span class='ocrx_word' id='word_1_329' title='bbox 877 3170 1022 3246; x_wconf 85' lang='lat' dir='ltr'><strong>auditum,</strong></span> <span class='ocrx_word' id='word_1_330' title='bbox 1061 3169 1141 3250; x_wconf 87' lang='lat' dir='ltr'><strong>quod</strong></span> <span class='ocrx_word' id='word_1_331' title='bbox 1165 3167 1229 3230; x_wconf 85' lang='lat' dir='ltr'><strong>viro</strong></span> <span class='ocrx_word' id='word_1_332' title='bbox 1250 3167 1340 3232; x_wconf 88' lang='lat' dir='ltr'><strong>bono</strong></span> 
     </span>
     <span class='ocr_line' id='line_1_39' title="bbox 204 3245 1341 3332; baseline 0.003 -28"><span class='ocrx_word' id='word_1_333' title='bbox 204 3245 357 3328; x_wconf 88' lang='lat' dir='ltr'><strong>iudignum</strong></span> <span class='ocrx_word' id='word_1_334' title='bbox 378 3257 468 3322; x_wconf 85' lang='lat' dir='ltr'><strong>esset,</strong></span> <span class='ocrx_word' id='word_1_335' title='bbox 487 3246 596 3306; x_wconf 87' lang='lat' dir='ltr'><strong>uadum</strong></span> <span class='ocrx_word' id='word_1_336' title='bbox 616 3259 649 3307; x_wconf 92' lang='lat' dir='ltr'><strong>ut</strong></span> <span class='ocrx_word' id='word_1_337' title='bbox 669 3248 785 3332; x_wconf 88' lang='lat' dir='ltr'><strong>longius</strong></span> <span class='ocrx_word' id='word_1_338' title='bbox 805 3248 1053 3331; x_wconf 85' lang='lat' dir='ltr'><strong>progrederetur,</strong></span> <span class='ocrx_word' id='word_1_339' title='bbox 1072 3267 1128 3306; x_wconf 88' lang='lat' dir='ltr'><strong>nec</strong></span> <span class='ocrx_word' id='word_1_340' title='bbox 1146 3257 1257 3305; x_wconf 82' lang='lat' dir='ltr'><strong>temere</strong></span> <span class='ocrx_word' id='word_1_341' title='bbox 1279 3248 1341 3307; x_wconf 90' lang='lat' dir='ltr'><strong>nisi</strong></span> 
     </span>
     <span class='ocr_line' id='line_1_40' title="bbox 202 3323 1340 3406; baseline -0.001 -23"><span class='ocrx_word' id='word_1_342' title='bbox 202 3329 266 3396; x_wconf 76' lang='lat' dir='ltr'><strong>tuin</strong></span> <span class='ocrx_word' id='word_1_343' title='bbox 285 3335 531 3396; x_wconf 87' lang='lat' dir='ltr'><strong>commoveretur,</strong></span> <span class='ocrx_word' id='word_1_344' title='bbox 552 3343 642 3402; x_wconf 91' lang='lat' dir='ltr'><strong>quum</strong></span> <span class='ocrx_word' id='word_1_345' title='bbox 663 3326 698 3385; x_wconf 90' lang='lat' dir='ltr'><strong>de</strong></span> <span class='ocrx_word' id='word_1_346' title='bbox 716 3324 870 3406; x_wconf 81' lang='lat' dir='ltr'><strong>religionis</strong></span> <span class='ocrx_word' id='word_1_347' title='bbox 891 3345 976 3385; x_wconf 88' lang='lat' dir='ltr'><strong>eausa</strong></span> <span class='ocrx_word' id='word_1_348' title='bbox 996 3323 1148 3404; x_wconf 80' lang='lat' dir='ltr'><strong>agebatur,</strong></span> <span class='ocrx_word' id='word_1_349' title='bbox 1168 3323 1340 3382; x_wconf 88' lang='lat' dir='ltr'><strong>autadvcr-</strong></span> 
     </span>
     <span class='ocr_line' id='line_1_41' title="bbox 202 3397 1339 3484; baseline -0.001 -24"><span class='ocrx_word' id='word_1_350' title='bbox 202 3420 250 3475; x_wconf 82' lang='lat' dir='ltr'><strong>sus</strong></span> <span class='ocrx_word' id='word_1_351' title='bbox 291 3397 451 3459; x_wconf 83' lang='lat' dir='ltr'><strong>raelractos</strong></span> <span class='ocrx_word' id='word_1_352' title='bbox 470 3399 605 3460; x_wconf 86' lang='lat' dir='ltr'><strong>homines</strong></span> <span class='ocrx_word' id='word_1_353' title='bbox 623 3401 680 3481; x_wconf 91' lang='lat' dir='ltr'><strong>ipsi</strong></span> <span class='ocrx_word' id='word_1_354' title='bbox 699 3401 852 3484; x_wconf 89' lang='lat' dir='ltr'><strong>negotium</strong></span> <span class='ocrx_word' id='word_1_355' title='bbox 872 3411 943 3461; x_wconf 79' lang='lat' dir='ltr'><strong>erat</strong></span> <span class='ocrx_word' id='word_1_356' title='bbox 983 3400 1046 3460; x_wconf 91' lang='lat' dir='ltr'><strong>Tot</strong></span> <span class='ocrx_word' id='word_1_357' title='bbox 1068 3411 1221 3479; x_wconf 77' lang='lat' dir='ltr'><strong>tautmque</strong></span> <span class='ocrx_word' id='word_1_358' title='bbox 1241 3399 1339 3459; x_wconf 80' lang='lat' dir='ltr'><strong>cirtu-</strong></span> 
     </span>
     <span class='ocr_line' id='line_1_42' title="bbox 202 3417 1338 3550; baseline 0.002 -16"><span class='ocrx_word' id='word_1_359' title='bbox 202 3486 246 3534; x_wconf 87' lang='lat' dir='ltr'><strong>tes</strong></span> <span class='ocrx_word' id='word_1_360' title='bbox 266 3417 346 3534; x_wconf 80' lang='lat' dir='ltr'><strong>lomi</strong></span> <span class='ocrx_word' id='word_1_361' title='bbox 368 3486 399 3535; x_wconf 89' lang='lat' dir='ltr'><strong>et</strong></span> <span class='ocrx_word' id='word_1_362' title='bbox 417 3475 505 3550; x_wconf 80' lang='lat' dir='ltr'><strong>loris,</strong></span> <span class='ocrx_word' id='word_1_363' title='bbox 535 3488 595 3536; x_wconf 87' lang='lat' dir='ltr'><strong>tam</strong></span> <span class='ocrx_word' id='word_1_364' title='bbox 619 3477 727 3538; x_wconf 91' lang='lat' dir='ltr'><strong>multos</strong></span> <span class='ocrx_word' id='word_1_365' title='bbox 747 3478 928 3538; x_wconf 84' lang='lat' dir='ltr'><strong>adversarios</strong></span> <span class='ocrx_word' id='word_1_366' title='bbox 948 3477 1083 3538; x_wconf 83' lang='lat' dir='ltr'><strong>babuisse</strong></span> <span class='ocrx_word' id='word_1_367' title='bbox 1102 3497 1191 3536; x_wconf 91' lang='lat' dir='ltr'><strong>nemo</strong></span> <span class='ocrx_word' id='word_1_368' title='bbox 1211 3475 1338 3536; x_wconf 86' lang='lat' dir='ltr'><strong>mirabi-</strong></span> 
     </span>
     <span class='ocr_line' id='line_1_43' title="bbox 199 3551 1339 3635; baseline 0.004 -25"><span class='ocrx_word' id='word_1_369' title='bbox 199 3563 263 3625; x_wconf 88' lang='lat' dir='ltr'><strong>tur,</strong></span> <span class='ocrx_word' id='word_1_370' title='bbox 295 3551 345 3631; x_wconf 89' lang='lat' dir='ltr'><strong>qui</strong></span> <span class='ocrx_word' id='word_1_371' title='bbox 364 3552 412 3612; x_wconf 88' lang='lat' dir='ltr'><strong>vel</strong></span> <span class='ocrx_word' id='word_1_372' title='bbox 426 3575 535 3623; x_wconf 74' lang='lat' dir='ltr'><strong>‚eorum</strong></span> <span class='ocrx_word' id='word_1_373' title='bbox 559 3552 638 3614; x_wconf 90' lang='lat' dir='ltr'><strong>inter</strong></span> <span class='ocrx_word' id='word_1_374' title='bbox 662 3555 801 3635; x_wconf 80' lang='lat' dir='ltr'><strong>profanas</strong></span> <span class='ocrx_word' id='word_1_375' title='bbox 821 3567 924 3634; x_wconf 86' lang='lat' dir='ltr'><strong>gentes</strong></span> <span class='ocrx_word' id='word_1_376' title='bbox 942 3554 1095 3613; x_wconf 88' lang='lat' dir='ltr'><strong>bominum</strong></span> <span class='ocrx_word' id='word_1_377' title='bbox 1120 3552 1270 3616; x_wconf 75' lang='lat' dir='ltr'><strong>historiam</strong></span> <span class='ocrx_word' id='word_1_378' title='bbox 1290 3553 1339 3614; x_wconf 90' lang='lat' dir='ltr'><strong>le-</strong></span> 
     </span>
     <span class='ocr_line' id='line_1_44' title="bbox 202 3628 1339 3720; baseline 0.004 -33"><span class='ocrx_word' id='word_1_379' title='bbox 202 3628 294 3710; x_wconf 86' lang='lat' dir='ltr'><strong>gerit,</strong></span> <span class='ocrx_word' id='word_1_380' title='bbox 333 3629 384 3707; x_wconf 91' lang='lat' dir='ltr'><strong>qui</strong></span> <span class='ocrx_word' id='word_1_381' title='bbox 404 3650 474 3709; x_wconf 89' lang='lat' dir='ltr'><strong>prae</strong></span> <span class='ocrx_word' id='word_1_382' title='bbox 494 3629 702 3720; x_wconf 37' lang='lat' dir='ltr'><strong>aliis-aliquam</strong></span> <span class='ocrx_word' id='word_1_383' title='bbox 721 3629 836 3690; x_wconf 89' lang='lat' dir='ltr'><strong>virtutis</strong></span> <span class='ocrx_word' id='word_1_384' title='bbox 855 3631 986 3711; x_wconf 89' lang='lat' dir='ltr'><strong>speciem</strong></span> <span class='ocrx_word' id='word_1_385' title='bbox 1011 3629 1187 3704; x_wconf 78' lang='lat' dir='ltr'><strong>ademerint,</strong></span> <span class='ocrx_word' id='word_1_386' title='bbox 1219 3641 1339 3692; x_wconf 90' lang='lat' dir='ltr'><strong>tautum</strong></span> 
     </span>
    </p>
   </div>
   <div class='ocr_carea' id='block_1_3' title="bbox 100 3703 1342 3786">
    <p class='ocr_par' dir='ltr' id='par_1_4' title="bbox 100 3703 1342 3786">
     <span class='ocr_line' id='line_1_45' title="bbox 100 3703 1342 3786; baseline 0.006 -24"><span class='ocrx_word' id='word_1_387' title='bbox 100 3767 106 3776; x_wconf 82' lang='lat'><em>.</em></span> <span class='ocrx_word' id='word_1_388' title='bbox 201 3703 302 3777; x_wconf 85' lang='lat' dir='ltr'><strong>abest,</strong></span> <span class='ocrx_word' id='word_1_389' title='bbox 339 3718 372 3765; x_wconf 86' lang='lat' dir='ltr'><strong>ut</strong></span> <span class='ocrx_word' id='word_1_390' title='bbox 390 3707 496 3765; x_wconf 89' lang='lat' dir='ltr'><strong>mirum</strong></span> <span class='ocrx_word' id='word_1_391' title='bbox 524 3728 659 3786; x_wconf 83' lang='lat' dir='ltr'><strong>curquam</strong></span> <span class='ocrx_word' id='word_1_392' title='bbox 682 3707 776 3768; x_wconf 85' lang='lat' dir='ltr'><strong>videri</strong></span> <span class='ocrx_word' id='word_1_393' title='bbox 796 3706 917 3784; x_wconf 87' lang='lat' dir='ltr'><strong>debeat,</strong></span> <span class='ocrx_word' id='word_1_394' title='bbox 955 3707 1144 3766; x_wconf 76' lang='lat' dir='ltr'><strong>fortissimum</strong></span> <span class='ocrx_word' id='word_1_395' title='bbox 1163 3717 1225 3766; x_wconf 81' lang='lat' dir='ltr'><strong>tum</strong></span> <span class='ocrx_word' id='word_1_396' title='bbox 1245 3727 1342 3770; x_wconf 86' lang='lat' dir='ltr'><strong>sanae</strong></span> 
     </span>
    </p>
   </div>
   <div class='ocr_carea' id='block_1_4' title="bbox 83 3781 1368 4474">
    <p class='ocr_par' dir='ltr' id='par_1_5' title="bbox 83 3781 1368 4404">
     <span class='ocr_line' id='line_1_46' title="bbox 201 3781 1338 3862; baseline 0.006 -21.768"><span class='ocrx_word' id='word_1_397' title='bbox 201 3781 355 3841; x_wconf 88' lang='lat' dir='ltr'><strong>doctrinae</strong></span> <span class='ocrx_word' id='word_1_398' title='bbox 376 3783 580 3858; x_wconf 81' lang='lat' dir='ltr'><strong>defensorem,</strong></span> <span class='ocrx_word' id='word_1_399' title='bbox 619 3794 682 3843; x_wconf 85' lang='lat' dir='ltr'><strong>turn</strong></span> <span class='ocrx_word' id='word_1_400' title='bbox 701 3804 792 3862; x_wconf 88' lang='lat' dir='ltr'><strong>purae</strong></span> <span class='ocrx_word' id='word_1_401' title='bbox 816 3783 893 3844; x_wconf 85' lang='lat' dir='ltr'><strong>vitae</strong></span> <span class='ocrx_word' id='word_1_402' title='bbox 913 3792 1088 3844; x_wconf 87' lang='lat' dir='ltr'><strong>sectatorem</strong></span> <span class='ocrx_word' id='word_1_403' title='bbox 1110 3781 1190 3844; x_wconf 92' lang='lat' dir='ltr'><strong>domi</strong></span> <span class='ocrx_word' id='word_1_404' title='bbox 1211 3796 1241 3844; x_wconf 93' lang='lat' dir='ltr'><strong>et</strong></span> <span class='ocrx_word' id='word_1_405' title='bbox 1261 3785 1338 3848; x_wconf 82' lang='lat' dir='ltr'><strong>loris</strong></span> 
     </span>
     <span class='ocr_line' id='line_1_47' title="bbox 199 3859 1368 3950; baseline 0.007 -34"><span class='ocrx_word' id='word_1_406' title='bbox 199 3866 259 3916; x_wconf 88' lang='lat' dir='ltr'><strong>tam</strong></span> <span class='ocrx_word' id='word_1_407' title='bbox 289 3859 396 3918; x_wconf 90' lang='lat' dir='ltr'><strong>acriter</strong></span> <span class='ocrx_word' id='word_1_408' title='bbox 427 3872 631 3950; x_wconf 84' lang='lat' dir='ltr'><strong>oppugnatum</strong></span> <span class='ocrx_word' id='word_1_409' title='bbox 661 3859 768 3941; x_wconf 76' lang='lat' dir='ltr'><strong>fuisse,</strong></span> <span class='ocrx_word' id='word_1_410' title='bbox 816 3861 878 3920; x_wconf 87' lang='lat' dir='ltr'><strong>Sed</strong></span> <span class='ocrx_word' id='word_1_411' title='bbox 908 3861 966 3921; x_wconf 93' lang='lat' dir='ltr'><strong>boc</strong></span> <span class='ocrx_word' id='word_1_412' title='bbox 1021 3859 1337 3936; x_wconf 23' lang='lat' dir='ltr'><strong>otiushadmiratione</strong></span> <span class='ocrx_word' id='word_1_413' title='bbox 1362 3862 1368 3878; x_wconf 70' lang='grc'><em>“</em></span> 
     </span>
     <span class='ocr_line' id='line_1_48' title="bbox 201 3881 1337 4026; baseline 0.008 -35"><span class='ocrx_word' id='word_1_414' title='bbox 201 3933 322 4026; x_wconf 80' lang='lat' dir='ltr'><strong>dignunn</strong></span> <span class='ocrx_word' id='word_1_415' title='bbox 343 3947 401 4010; x_wconf 89' lang='lat' dir='ltr'><strong>cst,</strong></span> <span class='ocrx_word' id='word_1_416' title='bbox 428 3949 549 3998; x_wconf 72' lang='lat' dir='ltr'><strong>unicum</strong></span> <span class='ocrx_word' id='word_1_417' title='bbox 569 3936 720 3997; x_wconf 88' lang='lat' dir='ltr'><strong>hominem</strong></span> <span class='ocrx_word' id='word_1_418' title='bbox 737 3947 878 4017; x_wconf 83' lang='lat' dir='ltr'><strong>tanquam</strong></span> <span class='ocrx_word' id='word_1_419' title='bbox 896 3881 1056 3997; x_wconf 77' lang='lat' dir='ltr'><strong>Herculem</strong></span> <span class='ocrx_word' id='word_1_420' title='bbox 1077 3935 1223 4016; x_wconf 90' lang='lat' dir='ltr'><strong>quendam</strong></span> <span class='ocrx_word' id='word_1_421' title='bbox 1244 3937 1337 4000; x_wconf 88' lang='lat' dir='ltr'><strong>Cbri-</strong></span> 
     </span>
     <span class='ocr_line' id='line_1_49' title="bbox 200 4011 1336 4103; baseline 0.007 -35"><span class='ocrx_word' id='word_1_422' title='bbox 200 4021 325 4070; x_wconf 72' lang='lat' dir='ltr'><strong>stianum</strong></span> <span class='ocrx_word' id='word_1_423' title='bbox 344 4022 392 4070; x_wconf 91' lang='lat' dir='ltr'><strong>tot</strong></span> <span class='ocrx_word' id='word_1_424' title='bbox 403 4011 555 4073; x_wconf 89' lang='lat' dir='ltr'><strong>domandis</strong></span> <span class='ocrx_word' id='word_1_425' title='bbox 574 4013 712 4073; x_wconf 88' lang='lat' dir='ltr'><strong>monstris</strong></span> <span class='ocrx_word' id='word_1_426' title='bbox 732 4013 867 4075; x_wconf 87' lang='lat' dir='ltr'><strong>sulficere</strong></span> <span class='ocrx_word' id='word_1_427' title='bbox 909 4013 1027 4087; x_wconf 88' lang='lat' dir='ltr'><strong>otuisse,</strong></span> <span class='ocrx_word' id='word_1_428' title='bbox 1047 4033 1153 4103; x_wconf 87' lang='lat' dir='ltr'><strong>nempe</strong></span> <span class='ocrx_word' id='word_1_429' title='bbox 1165 4014 1336 4078; x_wconf 70' lang='lat' dir='ltr'><strong>&#39;fortissima</strong></span> 
     </span>
     <span class='ocr_line' id='line_1_50' title="bbox 122 4035 1336 4181; baseline 0.011 -40"><span class='ocrx_word' id='word_1_430' title='bbox 122 4149 124 4154; x_wconf 15' lang='lat' dir='ltr'>y</span> <span class='ocrx_word' id='word_1_431' title='bbox 200 4084 249 4147; x_wconf 89' lang='lat' dir='ltr'><strong>illa</strong></span> <span class='ocrx_word' id='word_1_432' title='bbox 271 4086 377 4176; x_wconf 63' lang='lat' dir='ltr'><strong>clava,</strong></span> <span class='ocrx_word' id='word_1_433' title='bbox 387 4089 416 4148; x_wconf 93' lang='lat' dir='ltr'><strong>id</strong></span> <span class='ocrx_word' id='word_1_434' title='bbox 437 4101 491 4164; x_wconf 90' lang='lat' dir='ltr'><strong>est,</strong></span> <span class='ocrx_word' id='word_1_435' title='bbox 504 4089 568 4170; x_wconf 84' lang='lat' dir='ltr'><strong>¹Dei</strong></span> <span class='ocrx_word' id='word_1_436' title='bbox 589 4089 680 4150; x_wconf 84' lang='lat' dir='ltr'><strong>verbo</strong></span> <span class='ocrx_word' id='word_1_437' title='bbox 701 4101 843 4150; x_wconf 87' lang='lat' dir='ltr'><strong>utentem.</strong></span> <span class='ocrx_word' id='word_1_438' title='bbox 881 4035 986 4181; x_wconf 80' lang='lat' dir='ltr'><strong>llaque</strong></span> <span class='ocrx_word' id='word_1_439' title='bbox 1008 4102 1081 4170; x_wconf 90' lang='lat' dir='ltr'><strong>quot</strong></span> <span class='ocrx_word' id='word_1_440' title='bbox 1102 4111 1129 4150; x_wconf 85' lang='lat' dir='ltr'><strong>er</strong></span> <span class='ocrx_word' id='word_1_441' title='bbox 1149 4091 1336 4154; x_wconf 86' lang='lat' dir='ltr'><strong>adversarios</strong></span> 
     </span>
     <span class='ocr_line' id='line_1_51' title="bbox 198 4161 1335 4245; baseline 0.006 -24"><span class='ocrx_word' id='word_1_442' title='bbox 198 4161 289 4222; x_wconf 85' lang='lat' dir='ltr'><strong>Satan</strong></span> <span class='ocrx_word' id='word_1_443' title='bbox 316 4165 453 4224; x_wconf 75' lang='lat' dir='ltr'><strong>excatarit</strong></span> <span class='ocrx_word' id='word_1_444' title='bbox 489 4165 602 4245; x_wconf 91' lang='lat' dir='ltr'><strong>(nullos</strong></span> <span class='ocrx_word' id='word_1_445' title='bbox 627 4167 706 4226; x_wconf 90' lang='lat' dir='ltr'><strong>enim</strong></span> <span class='ocrx_word' id='word_1_446' title='bbox 730 4166 761 4226; x_wconf 88' lang='lat' dir='ltr'><strong>in</strong></span> <span class='ocrx_word' id='word_1_447' title='bbox 785 4179 845 4228; x_wconf 90' lang='lat' dir='ltr'><strong>tam</strong></span> <span class='ocrx_word' id='word_1_448' title='bbox 871 4166 969 4227; x_wconf 86' lang='lat' dir='ltr'><strong>multrs</strong></span> <span class='ocrx_word' id='word_1_449' title='bbox 995 4167 1094 4227; x_wconf 87' lang='lat' dir='ltr'><strong>hostes</strong></span> <span class='ocrx_word' id='word_1_450' title='bbox 1121 4166 1194 4226; x_wconf 87' lang='lat' dir='ltr'><strong>alios</strong></span> <span class='ocrx_word' id='word_1_451' title='bbox 1220 4168 1335 4244; x_wconf 82' lang='lat' dir='ltr'><strong>babuit,</strong></span> 
     </span>
     <span class='ocr_line' id='line_1_52' title="bbox 123 4239 1333 4371; baseline 0.009 -75"><span class='ocrx_word' id='word_1_452' title='bbox 123 4247 126 4256; x_wconf 86' lang='lat'>&#39;</span> <span class='ocrx_word' id='word_1_453' title='bbox 197 4257 288 4371; x_wconf 57' lang='lat' dir='ltr'><strong>guam</strong></span> <span class='ocrx_word' id='word_1_454' title='bbox 313 4239 363 4318; x_wconf 85' lang='lat' dir='ltr'><strong>qui</strong></span> <span class='ocrx_word' id='word_1_455' title='bbox 390 4241 492 4319; x_wconf 88' lang='lat' dir='ltr'><strong>pietati</strong></span> <span class='ocrx_word' id='word_1_456' title='bbox 519 4255 549 4303; x_wconf 93' lang='lat' dir='ltr'><strong>et</strong></span> <span class='ocrx_word' id='word_1_457' title='bbox 568 4242 716 4304; x_wconf 88' lang='lat' dir='ltr'><strong>honestati</strong></span> <span class='ocrx_word' id='word_1_458' title='bbox 737 4241 846 4303; x_wconf 87' lang='lat' dir='ltr'><strong>bellum</strong></span> <span class='ocrx_word' id='word_1_459' title='bbox 867 4244 1066 4322; x_wconf 84' lang='lat' dir='ltr'><strong>indixissent),</strong></span> <span class='ocrx_word' id='word_1_460' title='bbox 1105 4255 1151 4303; x_wconf 89' lang='lat' dir='ltr'><strong>tot</strong></span> <span class='ocrx_word' id='word_1_461' title='bbox 1170 4265 1254 4304; x_wconf 89' lang='lat' dir='ltr'><strong>servo</strong></span> <span class='ocrx_word' id='word_1_462' title='bbox 1276 4267 1333 4307; x_wconf 90' lang='lat' dir='ltr'><strong>suo</strong></span> 
     </span>
     <span class='ocr_line' id='line_1_53' title="bbox 83 4317 1335 4404; baseline 0.009 -33"><span class='ocrx_word' id='word_1_463' title='bbox 83 4379 85 4392; x_wconf 40' lang='grc' dir='ltr'>Ι</span> <span class='ocrx_word' id='word_1_464' title='bbox 183 4331 186 4340; x_wconf 89' lang='grc'><strong><em>·</em></strong></span> <span class='ocrx_word' id='word_1_465' title='bbox 218 4333 343 4402; x_wconf 60' lang='grc' dir='ltr'><strong>οωιιιιιιιιε</strong></span> <span class='ocrx_word' id='word_1_466' title='bbox 363 4317 552 4380; x_wconf 80' lang='lat' dir='ltr'><strong>victoriarum</strong></span> <span class='ocrx_word' id='word_1_467' title='bbox 571 4330 692 4398; x_wconf 88' lang='lat' dir='ltr'><strong>tropaea</strong></span> <span class='ocrx_word' id='word_1_468' title='bbox 713 4319 820 4380; x_wconf 84' lang='lat' dir='ltr'><strong>defixit.</strong></span> <span class='ocrx_word' id='word_1_469' title='bbox 859 4319 1048 4404; x_wconf 78' lang='lat' dir='ltr'><strong>Haereticqm</strong></span> <span class='ocrx_word' id='word_1_470' title='bbox 1068 4320 1115 4379; x_wconf 89' lang='lat' dir='ltr'><strong>isti</strong></span> <span class='ocrx_word' id='word_1_471' title='bbox 1136 4319 1335 4382; x_wconf 82' lang='lat' dir='ltr'><strong>faciuntCal-</strong></span> 
     </span>
    </p>

    <p class='ocr_par' dir='ltr' id='par_1_6' title="bbox 197 4393 1333 4474">
     <span class='ocr_line' id='line_1_54' title="bbox 197 4393 1333 4474; baseline 0.011 -26"><span class='ocrx_word' id='word_1_472' title='bbox 197 4404 312 4451; x_wconf 77' lang='lat' dir='ltr'><strong>mooun:</strong></span> <span class='ocrx_word' id='word_1_473' title='bbox 352 4393 433 4474; x_wconf 86' lang='lat' dir='ltr'><strong>quasi</strong></span> <span class='ocrx_word' id='word_1_474' title='bbox 457 4415 529 4458; x_wconf 83' lang='lat' dir='ltr'><strong>vero</strong></span> <span class='ocrx_word' id='word_1_475' title='bbox 555 4416 616 4456; x_wconf 91' lang='lat' dir='ltr'><strong>uon</strong></span> <span class='ocrx_word' id='word_1_476' title='bbox 636 4397 673 4457; x_wconf 89' lang='lat' dir='ltr'><strong>sit</strong></span> <span class='ocrx_word' id='word_1_477' title='bbox 692 4395 750 4459; x_wconf 93' lang='lat' dir='ltr'><strong>boc</strong></span> <span class='ocrx_word' id='word_1_478' title='bbox 769 4397 856 4458; x_wconf 88' lang='lat' dir='ltr'><strong>etiam</strong></span> <span class='ocrx_word' id='word_1_479' title='bbox 877 4397 998 4458; x_wconf 89' lang='lat' dir='ltr'><strong>nomine</strong></span> <span class='ocrx_word' id='word_1_480' title='bbox 1023 4397 1175 4458; x_wconf 88' lang='lat' dir='ltr'><strong>damnatus</strong></span> <span class='ocrx_word' id='word_1_481' title='bbox 1196 4397 1333 4461; x_wconf 85' lang='lat' dir='ltr'><strong>Christus</strong></span> 
     </span>
    </p>
   </div>
   <div class='ocr_carea' id='block_1_5' title="bbox 0 0 1386 4846">
    <p class='ocr_par' dir='ltr' id='par_1_7' title="bbox 0 0 1386 4846">
     <span class='ocr_line' id='line_1_55' title="bbox 0 0 1386 4846; baseline 0 3"><span class='ocrx_word' id='word_1_482' title='bbox 0 0 1386 4846; x_wconf 95' lang='lat' dir='ltr'><strong> </strong></span> 
     </span>
    </p>
   </div>
  </div>
 </body>
</html>
