2790 4838
421 162 425 183 .
733 117 756 177 t'
966 119 1014 158 Ἣ

193 233 252 297 am
316 214 320 222 ’
413 221 566 296 sutmo
587 221 640 284 tx.
672 223 899 300 ¹tracanumma
915 221 1123 296 Evsacaau..

277 339 283 358 Q
309 336 322 352 Ν

236 385 321 468 (96.)
362 382 468 452 LUC.
487 383 527 450 Χ.
569 383 618 454 17.
649 381 785 446 Reversi
807 389 911 444 autem
933 371 1007 445 stitit
1025 378 1241 466 ‘Septuaginta
1265 403 1341 448 cum

195 486 322 574 gaudio,
344 485 499 562 dicentes,
520 483 670 559 Domine,
692 483 786 546 etiam
809 479 979 546 daemonia
1000 478 1217 546 subiiciuntur
1239 481 1341 548 nobie
1384 487 1385 566 l

194 592 229 654 in
251 569 384 654 nomine
404 597 471 651 tuo.
502 585 563 652 ,18.
591 586 644 648 Ait
666 593 770 648 autem
793 581 872 658 illis,
893 579 1060 660 videbam,
1081 582 1232 667 Salonam
1254 585 1343 648 sicut
1384 603 1385 630 ὲ

194 687 303 774 fulgur
331 685 373 751 de
401 686 495 753 coelo
526 683 702 750 cadentem.
753 685 802 748 to.
830 682 932 761 Ecce,
963 682 1007 748 do
1029 685 1123 748 vebis
1141 692 1338 768 potestatem

196 787 341 854 calcandi
369 809 467 873 super
492 796 659 872 serpentes
682 796 714 849 et
736 786 925 869 scorpiones
949 793 980 854 et
1002 805 1100 869 super
1122 805 1252 850 omnem
1274 789 1340 849 vir-

119 904 123 924 *
193 899 292 954 tutem
319 889 453 966 inimici,
490 898 523 952 et
550 885 633 950 nihil
657 883 752 950 vobis
778 881 918 948 nocebit.
966 885 1017 956 20.
1051 887 1274 952 Veruntamen
1302 889 1338 951 iu

164 988 258 1053 llaec
287 986 390 1052 nolite
425 983 582 1074 gaudere,
615 985 704 1071 quod
731 985 861 1080 spiritus
887 981 983 1049 vobis
1011 984 1243 1053 subiicieutnr:
1276 987 1336 1052 sed

193 1087 341 1174 gaudete,
361 1087 451 1176 quod
471 1089 603 1154 nemina
624 1095 730 1152 vestra
751 1087 869 1169 scripta
891 1095 966 1151 aunt
986 1088 1021 1152 iu
1035 1086 1145 1154 'coelis

270 1286 317 1347 17.
355 1277 478 1342 Rana
500 1294 594 1342 maon
616 1292 690 1342 emt
728 1279 875 1361 Apparet,
906 1300 969 1340 nou
996 1265 1114 1372 plenam
1133 1299 1189 1340 nec
1207 1278 1335 1342 solidam

194 1357 306 1421 Christi
331 1357 430 1420 verbis
455 1355 590 1419 habuisse
615 1357 703 1416 fidem
722 1355 917 1436 Septuaginta
936 1356 1111 1437 discipulos,
1143 1357 1262 1448 quando
1282 1379 1334 1417 re-

192 1435 270 1496 versi
296 1434 379 1515 quasi
405 1455 438 1495 re
464 1455 542 1496 nera
569 1444 600 1498 et
622 1433 774 1512 inopinam
800 1432 958 1508 exsultant,
989 1434 1070 1513 quod
1091 1433 1204 1496 chusai
1224 1435 1334 1496 virtute

193 1511 337 1573 eiecerint
357 1511 523 1572 daemonia.
553 1510 645 1590 Atqui
665 1510 738 1569 haee
757 1508 813 1568 illis
834 1509 1017 1571 data-fuerat
1058 1523 1177 1587 eiectas,
1198 1521 1229 1572 et
1247 1511 1333 1572 simul

191 1588 370 1650 mandatum.
416 1589 442 1648 E
467 1595 577 1649 overe
597 1605 660 1646 non
680 1584 803 1660 dubito,
835 1607 924 1678 quum
945 1587 1023 1646 disee
1046 1600 1146 1664 erent,
1175 1608 1331 1668 persuasos

191 1665 298 1741 fuisse,
328 1663 404 1726 nihil
427 1685 452 1724 ει
474 1663 485 1722 i
510 1663 599 1724 fuisse
618 1661 725 1722 frustra
745 1683 761 1722 a
781 1674 921 1744 magistre
941 1662 1065 1724 dictum:
1097 1677 1202 1744 postea
1222 1675 1332 1739 umen,

214 1763 283 1802 uum
307 1741 353 1802 rei
377 1740 550 1822 magnitudo
571 1758 675 1800 eonem
696 1738 869 1819 opinionem
890 1740 1060 1818 excederet,
1089 1740 1140 1801 tali
1159 1741 1347 1822 spectaculo·

190 1763 280 1880 deuse
305 1816 466 1897 perculsos.
508 1818 607 1896 Atque
635 1814 692 1876 hoe
712 1816 845 1878 accidere
865 1816 1038 1898 plerumque
1057 1817 1148 1894 solet,
1177 1829 1212 1882 ut
1231 1818 1331 1879 fideles
1384 1885 1385 1888 Ἴ

233 1905 309 1952 stum
337 1892 465 1972 aliquem
497 1893 635 1952 duntaxat
664 1892 780 1953 divinae
808 1891 923 1956 virtutis
955 1895 1124 1976 concipiant
1154 1916 1190 1955 ex
1217 1895 1331 1970 Verbo,

191 1911 299 2031 {diade
327 1969 506 2050 experientia
532 1969 565 2036 iu
589 1967 812 2030 admirationem
838 1969 922 2049 ipsos·
945 1993 976 2032 ra
999 1971 1049 2032 iat.
1108 1969 1209 2046 Quale
1234 1983 1331 2032 autem

190 2047 432 2126 lueritipsorum
452 2045 600 2128 gaudium,
620 2065 655 2106 ex
675 2046 785 2108 Christi
804 2066 948 2127 responso
968 1994 1072 2111 clarius
1092 2047 1216 2130 patebit.

266 2129 314 2189 18.
356 2121 500 2184 Videbam
523 2123 674 2184 Saturam
712 2123 761 2184 ab
786 2145 843 2186 una
869 2126 968 2216 specie
994 2125 1029 2188 ad
1049 2137 1143 2186 totum
1164 2146 1332 2208 genus-eos

192 2199 327 2277 Christus
352 2200 486 2264 deducit:
515 2221 584 2260 uem
609 2221 624 2260 e
646 2200 725 2336 quam
745 2199 940 2284 Evangelrum
958 2223 1041 2262 suum
1060 2203 1177 2262 iusserit
1197 2201 1331 2282 promul-

212 2277 254 2336 ari
273 2277 332 2338 hoc
352 2277 426 2352 line,
456 2287 489 2338 ut
507 2297 562 2360 reg
585 2298 634 2336 um
678 2288 956 2342 aranas-everteret.
998 2280 1098 2354 Quum
1118 2299 1194 2362 erge
1214 2279 1330 2340 visibile

190 2297 265 2414 llud
284 2354 503 2430 documentum,
523 2354 604 2433 quod
625 2354 738 2434 experti
758 2366 852 2430 erant,
865 2355 1049 2436 simpliciter.
1063 2357 1232 2437 arriperent
1243 2355 1329 2418 disci-

189 2429 269 2511 puli,
293 2431 436 2492 admonet
454 2429 605 2506 Christus,
629 2430 688 2491 vim
708 2441 739 2492 et
758 2431 1091 2494 efficaciamdectrinae
1109 2434 1245 2513 ipsorum
1263 2433 1329 2494 len·
1384 2465 1385 2470 κ

213 2508 255 2566 'us
281 2519 401 2587 patere,
430 2519 464 2568 ut
483 2507 622 2569 concidat
639 2506 767 2568 Satanae
785 2509 936 2590 tyrannis,
985 2531 1051 2572 uam
1070 2510 1101 2570 in
1120 2521 1218 2569 tetum
1237 2529 1329 2604 genus

115 2633 121 2648 .
188 2527 347 2646 limenun
368 2595 492 2646 exercet.
531 2585 618 2646 Nunc
636 2595 770 2646 tenemus
790 2605 906 2646 sensum
924 2608 976 2646 ver
1000 2608 1098 2648 orum:
1119 2607 1210 2667 quum
1231 2589 1328 2648 hrau-

211 2658 298 2720 elinm
323 2683 406 2722 suum
426 2659 693 2741 praedicari'iussit
713 2661 865 2737 Christus,
896 2663 1016 2723 minime
1036 2683 1098 2723 rem
1117 2674 1249 2726 tentasse
1270 2685 1328 2724 am-

187 2679 219 2800 ii
244 2737 277 2817 ui¹
299 2749 437 2810 eventus,
466 2737 519 2796 sed
545 2735 825 2800 futuramsatanae
848 2739 962 2800 ruinam
988 2739 1103 2802 vidisse.
1147 2740 1210 2800 Iam
1240 2761 1329 2822 quum

187 2815 204 2875 s
241 2813 250 2873 i
275 2825 404 2904 nequeat
429 2812 520 2873 Filius
544 2812 620 2889 Dei,
650 2824 681 2874 et
705 2815 777 2874 haec
800 2814 862 2876 eius
882 2815 1077 2897 praescientia
1098 2817 1134 2878 ad
1155 2818 1330 2878 continuum

185 2891 343 2972 Evangelii
375 2911 489 2954 cursum
515 2901 644 2970 speum,
684 2891 876 2960 dubitandum
899 2914 964 2954 uon
991 2903 1050 2970 est,
1079 2893 1196 2975 quoties
1223 2896 1329 2956 excitat
1384 2897 1385 2906 ’

181 2967 262 3028 ⁴lidos
277 2966 433 3040 dectores,
454 2966 525 3046 quin
545 2967 624 3028 idem
643 2968 706 3049 ipse
726 2967 844 3030 felicem
865 2970 983 3032 daturus
998 2971 1037 3030 sit
1047 2992 1213 3032 successum
1225 2993 1327 3032 eorum

185 3041 293 3104 labori.
334 3043 422 3102 Unde
442 3042 616 3125 colligimus,
635 3067 699 3106 nen
719 3045 804 3108 aliter
823 3067 878 3107 nos
898 3047 973 3126 eripi
992 3068 1009 3108 a
1029 3047 1156 3108 Satanae
1175 3049 1329 3124 servitute,

187 3140 274 3200 quam
293 3129 349 3199 per
367 3119 578 3202 Evangelium:
600 3121 707 3183 deinde
728 3143 779 3184 eos
798 3123 855 3184 rite
874 3123 989 3187 demum
1011 3124 1156 3204 prolicere
1176 3125 1206 3184 in
1228 3127 1328 3184 Evan-

183 3195 282 3332 sselim
311 3195 342 3259 iu
367 3196 472 3276 quihus
497 3197 628 3258 concidit
655 3198 779 3260 Satanae
805 3211 952 3279 potestas,
982 3212 1015 3260 ut
1039 3213 1162 3282 peccato
1184 3202 1326 3262 exstincto
1358 3199 1369 3210 “

219 3272 246 3332 ei
266 3273 393 3334 iustitiae
412 3273 512 3336 vivere
532 3275 684 3355 incipiant.
727 3277 865 3338 Notanda
885 3281 929 3338 ea't
949 3277 1037 3338 etiam
1057 3277 1238 3354 similitude,
1271 3297 1326 3356 qua

185 3348 294 3425 utitur,
327 3348 466 3412 Satanam
489 3352 535 3412 ad'
550 3353 706 3435 Evangelii
729 3353 845 3414 tonitru
869 3353 961 3414 instar
985 3353 1108 3437 fulguris
1135 3355 1257 3416 cadere:
1284 3355 1325 3415 ita
1384 3385 1385 3416 t

85 3446 96 3472 1
185 3424 265 3486 enim
288 3425 462 3506 exprimitur
491 3427 589 3490 divina
610 3441 640 3490 et
659 3429 839 3492 incredibilis
860 3430 1013 3498 doctrinae
1032 3431 1138 3505 virtus,
1169 3451 1248 3510 quae
1268 3443 1325 3490 tarn

182 3513 308 3594 repente
334 3502 468 3565 violento
489 3505 601 3585 impetu
620 3507 724 3574 mundi
743 3502 909 3596 principem
929 3508 1018 3568 tantis
1038 3509 1130 3598 copiis
1151 3507 1325 3575 instructum
1384 3569 1385 3574 χ

184 3578 294 3640 decicit.
352 3581 534 3662 Exprimitur
557 3573 662 3658 etiard,
699 3605 784 3663 quam
808 3577 914 3644 inisera
940 3585 979 3644 sit
995 3585 1154 3645 homanum
1180 3585 1325 3658 conditio,

183 3677 309 3794 querum
330 3657 475 3737 capitibus
495 3657 615 3720 insultat
634 3659 741 3735 Satan,
766 3659 819 3740 qui
838 3660 870 3720 in
889 3665 958 3722 a'e're
978 3661 1162 3736 dominatur,
1189 3675 1219 3722 et
1239 3683 1323 3722 mun·
1384 3697 1385 3706 .

203 3755 252 3806 urp
272 3733 397 3814 pedibus
417 3735 475 3794 suis
495 3735 658 3796 subiectum
678 3748 771 3812 tenet,
790 3736 887 3796 donec
908 3738 977 3799 assit
997 3735 1130 3798 Christus
1151 3738 1306 3800 liberator.

238 3819 306 3876 ‚ta
344 3807 433 3885 Eece,
453 3809 492 3872 do
510 3809 595 3877 vobis
634 3813 702 3873 Hoc
722 3834 776 3904 per
795 3814 1018 3876 concessionem
1037 3815 1153 3876 dicitur.
1188 3817 1323 3876 Nonne-

182 3897 241 3968 gat
254 3885 398 3962 Christus,
440 3889 489 3948 uin
504 3889 691 3968 „praeclarum
710 3902 748 3950 stt
767 3889 879 3950 donum
898 3890 987 3966 illud,
1015 3891 1047 3951 in
1067 3912 1126 3971 quo
1148 3891 1324 3973 gloriantur,

181 3962 235 4023 sed
262 3963 347 4024 altius
373 3909 511 4044 quiddam
535 3966 694 4046 praecipue
713 3967 902 4048 spectandum
922 3969 1078 4043 admonet,
1107 3990 1145 4028 ne
1165 3969 1324 4030 subsistant

183 4039 216 4098 in
236 4041 363 4110 externis
382 4041 536 4102 miraculis.
568 4039 672 4122 Itaque
693 4063 796 4104 eorum
816 4044 965 4126 gaudium,
984 4045 1068 4104 sicuti
1089 4065 1150 4108 uon
1171 4057 1236 4107 erat
1250 4067 1322 4105 cen·
1384 4055 1385 4100 i

182 4116 363 4195 eapaumde
384 4116 503 4194 nihilo,
522 4138 585 4180 non
607 4119 687 4179 omni
708 4141 742 4179 er
783 4133 845 4180 arte
865 4121 1001 4194 damnat,
1030 4121 1081 4182 sed
1100 4121 1239 4184 vitiosum
1261 4141 1322 4182 esse

181 4192 328 4266 ostendit,
349 4193 417 4272 quia
436 4194 493 4255 sibi
513 4195 607 4279 gratia
627 4207 744 4276 temper
773 4197 784 4256 i
803 4197 960 4258 immodice
979 4197 1129 4277 placentes
1150 4220 1213 4259 uon
1234 4197 1321 4258 telle-

182 4264 256 4326 hant
279 4289 393 4328 sursum
419 4271 541 4333 animos.
563 4333 564 4336 ,
585 4272 684 4351 Atque
711 4273 768 4334 hoc
793 4273 901 4336 morbo
927 4273 1066 4335 laborant
1085 4275 1173 4334 etiam
1195 4276 1238 4356 pii
1258 4273 1320 4334 sere
1384 4307 1385 4348 q

181 4361 292 4404 omnes.
337 4344 468 4408 Tametsi
495 4347 573 4410 enim
599 4349 656 4412 Dei
683 4349 849 4412 bonitatem
874 4353 1043 4432 expendunt
1069 4373 1135 4414 eum
1160 4351 1319 4434 gratiarum
1384 4361 1385 4432 ᾗ
