2756 4838
313 263 321 278 „
356 172 438 251 (16⁵2
476 169 524 232 De
545 169 687 254 operariis
706 169 738 232 in
756 169 869 250 vinee.)
911 203 917 243 r
1144 181 1200 244 171

57 325 151 389 liceret
167 323 306 384 lmmensa
326 323 472 385 honorem
492 323 587 404 copia.
628 323 699 398 Quo
719 343 807 384 sensu
826 313 954 386 ‘additam
974 325 1211 418 spndblercum¹

59 401 225 482 interpretor
249 400 324 460 benc
349 421 469 476 vocem,
497 423 562 462 oum
582 399 865 480 persequutionibus,
895 399 953 463 acs'i
974 403 1092 464 dixisset
1112 404 1201 482 Chri7

58 489 122 536 stus:
160 478 285 568 quamvis
306 477 372 558 pios
391 499 509 558 semper
528 479 557 537 in
579 477 766 539 boemundo
786 479 1034 559 persequutiones
1054 491 1202 555 maneant,

59 565 85 612 et
100 572 174 632 quasi
194 556 297 615 eorn'rn
317 567 403 646 tergo
424 577 493 616 crux
512 555 684 630 adhaereat,
709 569 769 616 tam
789 555 876 621 dulce
895 568 994 616 tamen
1014 575 1077 618 esse
1098 558 1203 618 eondi-

58 642 174 690 mentum
186 631 297 711 gratiae
309 631 379 706 Der,
398 653 473 712 quae
486 633 566 714 ipsos
586 632 735 708 exhilarat,
755 645 788 694 ut
806 633 923 694 illorum
945 632 1079 696 conditio
1099 655 1202 716 regum

60 706 158 768 deliciis
177 707 338 786 optabilIor
357 707 403 768 sit.
1071 783 1081 788 -

122 791 167 848 311.
205 784 300 844 Multi
317 800 411 844 nutem
424 789 525 861 prinei.
565 785 720 846 Sententia
736 786 810 848 baec
829 787 866 847 ad
887 787 1089 848 excutiendam
1109 789 1204 850 carnis

58 859 198 939 segnitiem
219 861 315 922 addita
337 861 401 922 tute
441 863 503 922 lam
524 853 564 922 ad
580 863 741 942 praemium
758 863 906 944 Apostoli,
927 886 1014 945 quum
1034 866 1082 926 vix
1102 885 1118 926 e
1139 886 1204 925 ear-

60 935 159 996 ceribus
179 937 287 1020 egressi
309 937 420 1014 lorent,
439 938 648 1020 properabant
686 941 785 1020 Atque
802 940 861 1001 boc
881 941 943 1002 lere
962 942 1086 1026 ingenio
1105 963 1205 1004 sumus

60 1029 163 1090 omues,
193 1027 225 1074 ut
245 1035 345 1076 mense
365 1027 512 1076 transacto
534 1027 676 1096 petamus,
696 1027 834 1097 tanquam
854 1018 970 1078 emeriti
989 1019 1111 1095 milites,
1130 1019 1204 1080 rude
1261 1064 1271 1083 s

59 1087 159 1150 donari.
184 1088 319 1152 Christus
330 1105 428 1153 autem
440 1113 504 1166 eos,
524 1094 574 1182 qpi
589 1091 667 1154 bene
686 1105 861 1175 coeperunt,
880 1097 917 1155 ad
936 1107 1054 1162 strenue
1075 1116 1204 1178 pergen-

59 1163 116 1224 dum
135 1169 277 1243 hortatur,
296 1168 439 1251 simulque
452 1169 602 1244 admonet,
621 1170 694 1230 nihil
706 1171 892 1249 profuturum
912 1173 1080 1234 cursoribus
1101 1171 1205 1232 alacri-

59 1249 96 1300 ter
113 1247 252 1325 coepisse,
272 1244 295 1304 si
315 1247 345 1305 in
365 1245 464 1307 medio
484 1248 579 1308 stadio
598 1247 744 1308 deficiant.
765 1247 858 1308 Sicuti
879 1261 909 1308 et
928 1249 1036 1310 Paulus
1055 1249 1207 1323 admonet,

60 1335 111 1376 non
132 1342 244 1394 omnes,
264 1321 466 1400 qui‘currunt,
486 1323 582 1404 palma
602 1321 693 1403 potiri
713 1325 752 1404 (1.
766 1321 837 1385 Cor.
848 1332 878 1399 9,
888 1329 960 1402 24).
981 1327 1022 1384 Et
1040 1324 1112 1385 alibi
1132 1325 1205 1385 lide-

58 1391 93 1454 les
111 1396 305 1458 bortstursuo
318 1400 463 1482 exemplo,
483 1413 515 1460 ut
535 1422 637 1460 eornm
677 1423 732 1462 uae
753 1421 769 1459 a
789 1413 836 1460 ter
858 1423 876 1462 o
896 1413 966 1461 sunt
985 1400 1082 1474 obliti,
1101 1401 1138 1462 ad
1158 1422 1206 1462 re·

57 1469 156 1532 sidnam
176 1497 275 1536 cursus
296 1480 339 1538 sui
360 1491 472 1569 partem
493 1477 627 1538 nitantur
644 1422 775 1558 (litte,
794 1421 866 1556 ted.
907 1477 1036 1552 Quoties
1055 1499 1129 1560 ergo
1150 1499 1206 1538 no·

58 1544 140 1608 bisin
160 1563 289 1610 mentem
310 1568 391 1615 vemt
404 1553 672 1628 coelestinorum,
692 1555 774 1633 quasi
793 1556 877 1617 novis
895 1555 1020 1616 stimulis
1040 1555 1133 1636 pungi
1153 1575 1207 1616 nos

58 1621 143 1700 decet,
161 1649 198 1688 ne
219 1628 250 1689 iu
272 1643 422 1708 posterum
443 1631 623 1698 remissiores
643 1632 739 1692 simus.

133 1935 237 2014 (162.)
279 1933 449 2000 ΜΑΤΊῊ.
478 1933 545 1996 XX.
595 1933 623 1996 1.
657 1934 740 1999 Nam
768 1931 872 1998 simile
899 1943 949 1998 est
975 1954 1107 2022 regnum
1134 1955 1209 2000 eoe-

59 2033 153 2104 lomm
187 2039 309 2106 homini
342 2035 577 2123 patrifamilias,
619 2040 675 2124 qui
706 2039 782 2102 exiit
806 2038 911 2121 primo
930 2039 1042 2102 statim
1065 2037 1210 2106 diluculo

59 2139 93 2204 ad
120 2141 352 2208 conducendos
378 2141 547 2224 operarios
574 2139 608 2202 in
634 2143 760 2203 vineam
787 2161 885 2204 suam.
909 2140 958 2228 2.
980 2137 1211 2220 Consentione
1275 2147 1281 2157 '

57 2253 152 2310 autem
171 2245 256 2312 lecte
279 2265 350 2308 eum
373 2244 531 2328 operariis
553 2241 585 2304 in
607 2229 752 2324 singulos
773 2241 843 2306 dies
865 2240 1016 2321 denario,
1045 2245 1132 2313 misit
1152 2263 1211 2308 eos
1242 2295 1246 2304 ,

57 2347 231 2414 invincem
254 2367 352 2411 snam.
393 2347 423 2408 3.
458 2345 499 2408 Et
521 2339 667 2426 egressus
695 2345 822 2407 circiter
848 2341 959 2408 horam
986 2347 1109 2410 tertiam
1131 2346 1213 2412 vidit
1303 2341 1306 2348 ’

58 2449 131 2518 alios
157 2461 279 2517 stantes
308 2451 341 2514 in
368 2447 442 2513 loro
471 2449 604 2512 otiosos.
646 2447 676 2510 4.
706 2446 748 2509 Et
769 2445 847 2514 dixit
868 2443 948 2523 illis,
978 2448 1022 2512 ite
1046 2459 1078 2514 et
1097 2471 1157 2516 vos
1177 2453 1213 2518 in

57 2558 192 2622 vineam:
219 2564 251 2618 et
272 2549 491 2639 quodcunque
512 2554 629 2615 iustum
651 2547 748 2614 luerit
775 2547 863 2614 debo
882 2547 987 2614 vobis.
1028 2551 1058 2614 5.
1084 2551 1136 2616 llli
1158 2575 1214 2618 ao·

56 2669 113 2724 ten
134 2659 294 2726 abierunt.
335 2655 474 2718 Rursum
507 2659 612 2714 autem
641 2652 716 2716 exiit
742 2653 870 2716 circiter
897 2651 1007 2718 boram
1035 2663 1153 2720 sextam
1182 2667 1215 2721 et

59 2781 184 2844 novam,
213 2773 245 2826 et
266 2759 344 2826 lecit
365 2746 537 2824 similiter.¹
562 2755 592 2820 6.
615 2753 714 2820 Circa
734 2753 935 2826 undecimam
958 2778 1039 2822 vero
1063 2758 1152 2834 exiit,
1181 2767 1213 2822 et

60 2864 175 2930 invenit
198 2867 280 2930 elios
302 2873 422 2928 stantes
444 2863 581 2934 otiosos,
614 2880 652 2922 ac
674 2859 752 2924 dicit
772 2857 850 2937 illis,
888 2859 959 2927 Cur
985 2861 1038 2924 hic
1056 2861 1145 2924 statis
1166 2871 1215 2925 to·

58 2975 117 3032 tum
144 2969 229 3036 diem
265 2969 381 3035 otiosi?
432 2967 460 3029 7.
493 2964 615 3029 Dicunt
652 2965 695 3039 ci,
729 2966 804 3049 quia
836 2985 933 3030 nemo
964 2985 1026 3030 nos
1055 2961 1241 3030 conduma

59 3071 141 3138 Dicit
161 3075 241 3152 illis,
284 3070 381 3156 Abite
409 3079 442 3136 et
467 3091 527 3136 vos
553 3071 587 3135 iu
614 3073 756 3146 vineam,
800 3081 832 3134 et
857 3065 947 3156 quod
979 3070 1096 3134 iustum
1119 3067 1216 3134 luerit

60 3181 230 3264 accipietis,
267 3177 296 3240 8.
320 3176 429 3261 Quum
456 3185 561 3239 autern
583 3193 720 3256 vespera
741 3171 825 3236 facta
849 3182 947 3247 osset,
967 3171 1046 3236 dicit
1065 3170 1215 3238 dominus

59 3283 167 3348 vineae
189 3302 373 3349 oeconomo
395 3301 470 3357 suo,
501 3278 591 3342 Voce
611 3279 794 3361 operarios,
828 3287 859 3341 et
881 3275 983 3342 redde
1009 3273 1075 3340 illis
1094 3295 1217 3339 meroe-

62 3383 143 3464 dem,
179 3388 341 3473 iucipiens
368 3405 386 3446 a
413 3383 584 3468 postremis
613 3403 714 3468 usque
752 3381 950 3480 adprimus.
993 3381 1023 3444 9.
1049 3379 1214 3481 Etpquum

61 3490 231 3566 venissent,
264 3491 319 3575 qui
346 3490 431 3550 eirca
458 3485 659 3552 undecimam
681 3484 792 3552 horam
817 3495 990 3562 venerant,
1022 3489 1217 3564 acceperunt

62 3592 170 3676 singuli
200 3591 378 3660 denarium.
430 3588 480 3652 m
514 3589 692 3669 Venientes
714 3599 821 3670 ⁸sutem
848 3591 941 3674 primi
970 3583 1114 3665 arbitrati
1134 3590 1217 3658 sunt,

63 3696 145 3776 quod
167 3697 241 3783 plus
263 3703 370 3760 essent
392 3695 571 3777 accepturi,
608 3704 646 3759 et
666 3701 860 3779 acceperunt
881 3693 943 3776 ipsi
964 3707 1096 3775 quoque
1118 3685 1217 3750 dena·

63 3797 148 3861 rium.
191 3802 241 3866 tt.
275 3799 326 3864 Eo
359 3809 462 3861 nutem
495 3807 643 3883 eccepto,
666 3795 912 3862 murmurabant
940 3801 1051 3855 contre
1083 3797 1219 3873 patrem-

65 3895 202 3965 lamilias.
245 3903 294 3966 12
321 3903 489 3976 lticcntcs,
522 3903 563 3966 111
592 3901 754 3966 novissimi
784 3921 877 3966 unam
900 3896 1011 3964 horam
1034 3891 1164 3958 luerunt
1185 3893 1217 3956 in

65 4021 175 4086 opere,
218 4016 251 4070 ct
277 4004 352 4070 illos
382 4026 476 4090 pares
504 4003 600 4069 nobis
627 4003 745 4077 iecisti,
788 4003 842 4086 qui
871 4001 1068 4090 portavimus
1089 3993 1219 4082 pondus

66 4103 128 4171 diei
160 4117 192 4174 et
224 4119 354 4172 aestum.
399 4109 447 4171 13.
482 4109 522 4170 m
556 4105 612 4170 ille
644 4104 847 4191 respondens
881 4107 936 4167 uui
971 4123 1098 4179 corum,
1130 4099 1218 4178 dixit,

66 4209 186 4297 Amice,
219 4235 286 4278 non
310 4211 393 4280 lacio
416 4209 476 4278 tibi
496 4211 658 4276 iniuriam:
680 4209 790 4276 nonne
813 4205 948 4276 deoauo
970 4215 1081 4291 pactus
1102 4227 1136 4270 es
1154 4225 1218 4270 me·

68 4319 155 4380 cum?
197 4317 248 4380 14.
276 4313 375 4380 Tolle
401 4297 490 4402 quod
520 4325 606 4380 tuum
634 4323 697 4390 est,
740 4323 772 4376 ct
801 4307 889 4376 obis
913 4306 990 4376 volo
1017 4320 1123 4376 autem
1144 4307 1219 4372 buis
