2814 4846
175 265 257 350 oo,
371 255 500 318 sm.
518 249 606 316 xm.
643 261 816 314 senuouas
836 261 879 343 er
898 221 1121 345 rennos-,ass
1226 277 1239 292 .

87 396 92 402 ¹
179 415 296 475 honore
315 410 482 492 proiectum
501 407 641 469 fueritin
661 405 777 468 foveam
796 404 870 484 (hoe
891 401 969 462 enim
988 419 1023 461 ex
1042 397 1183 479 opposito
1203 397 1345 460 membro
1399 405 1400 414 ’

181 489 324 571 colligere
343 489 513 567 promptum
534 497 593 558 est,
621 481 714 543 nihilo
734 481 800 561 plus
820 477 1064 566 osheiimbrtup,
1089 495 1178 554 quam
1195 474 1266 534 vivo
1287 475 1345 534 im·
1364 507 1379 520 -

46 574 51 585 '
179 586 302 646 pensum
322 564 441 640 luisseb,
470 563 551 622 dives
571 570 689 632 contra,
718 569 888 637 sumptuose
914 573 971 635 pro
994 573 1053 612 surs
1072 551 1180 632 opibus
1198 551 1346 630 sepultus,

181 641 293 722 aliquid
313 640 407 700 adhue
427 659 461 698 ex
480 639 601 719 pristina
621 635 760 724 superbia
777 633 925 693 residuum
941 630 1039 690 habet.
1058 629 1135 718 lflarn
1146 629 1201 688 hac
1214 628 1245 686 in
1254 639 1346 764 parte

179 715 397 810 quodammodo
409 727 530 775 naturae
542 712 680 804 reluctari
694 712 824 801 videmus
837 707 983 844 profanos
994 707 1140 778 hommes,
1160 705 1243 785 quod
1267 723 1344 764 une·
1399 749 1400 776 ,

178 817 217 854 rrs
243 792 402 873 splendore
428 802 459 851 et
484 809 625 869 exsequns
644 797 812 868 superstites
851 797 976 845 ortunae
999 801 1069 841 suae
1096 800 1159 842 esse
1185 791 1344 864 appetunt.

54 933 57 938 ,
179 869 337 930 Caeterum
354 887 441 948 quam
460 867 549 926 stulta
566 866 606 928 sit
624 875 656 924 et
673 861 796 924 ridicula
815 861 888 922 haee
908 859 1047 932 ambitio,
1064 868 1155 918 testes
1174 864 1245 918 sunt
1264 857 1343 936 apud

177 945 290 1005 inferos
310 965 412 1005 eorum
432 943 555 1004 animae.
597 940 689 1016 Quod
700 941 842 998 Lazarum
862 937 990 998 delatum
1007 954 1070 994 esse
1091 934 1173 1024 dicit,
1191 933 1343 1015 synecdo-

177 1021 261 1082 ebica
281 1033 325 1080 est
344 1020 493 1099 loquutio:
523 1039 591 1078 nam
617 1017 686 1098 quia
706 1014 903 1107 praestantior
929 1025 974 1073 est
998 1011 1126 1072 hominis
1146 1009 1344 1091 peccarim,

176 1117 288 1158 nomen
307 1097 397 1156 totius
420 1095 479 1156 sibi
502 1095 609 1155 merito
634 1093 773 1153 vindrcat.
811 1089 933 1173 Angelis
953 1100 1051 1149 autern
1071 1087 1129 1148 hoc
1151 1107 1256 1146 munus
1278 1105 1343 1144 non

176 1173 284 1234 frustra
294 1171 424 1256 assignat
437 1171 581 1245 Christus,
601 1191 676 1251 quos
687 1169 792 1230 scimus
812 1168 895 1226 datos
915 1166 1004 1226 luisse
1023 1161 1159 1226 fidelibus
1177 1162 1344 1236 ministros,

176 1261 332 1310 uteorum
352 1248 438 1308 saluti
457 1271 508 1309 sua
526 1247 621 1308 studia
642 1265 805 1327 operasque
824 1241 1005 1323 impendant.

173 1327 180 1334 ’
253 1325 294 1385 In
311 1329 406 1384 alnum
424 1323 568 1386 Abstru.
607 1323 654 1384 De
674 1322 740 1383 sinu
756 1319 910 1394 Abrahae,
931 1339 1018 1399 quarn
1037 1316 1118 1378 varie
1137 1313 1344 1396 philosophati

179 1402 239 1464 sint
256 1402 342 1462 multi
363 1401 532 1482 Scripturae
551 1401 745 1480 interpretes,
764 1397 876 1460 referre
896 1393 970 1456 nihil
990 1415 1064 1474 opus
1085 1403 1138 1467 est,
1157 1411 1192 1452 ac
1211 1411 1250 1450 ne
1270 1409 1342 1450 meo

178 1471 300 1558 quidem
321 1478 431 1538 iudicio
453 1478 583 1560 expedit:
603 1475 728 1539 sufficiat
738 1488 852 1548 tenere,
872 1493 931 1553 quo
964 1472 1092 1533 lectores
1125 1467 1201 1528 robe
1213 1467 1245 1526 in
1257 1465 1342 1526 Scri-

176 1567 264 1634 ptura
284 1555 432 1616 exercitati
451 1555 611 1647 genuinum
632 1573 695 1614 esse
714 1561 888 1634 agnoscent.
941 1569 987 1609 am
1006 1547 1083 1607 sieut
1100 1490 1252 1604 lbraham
1272 1543 1340 1602 ideo

176 1642 263 1710 pater
282 1631 411 1692 fidelium
430 1633 524 1692 dictus
545 1643 605 1706 est,
626 1629 694 1708 quia
712 1647 806 1712 penes
825 1627 920 1707 ipsum
939 1623 1105 1705 depositum
1125 1620 1182 1680 luit
1201 1632 1341 1680 aeternae

176 1707 256 1766 vitae
267 1707 383 1783 foedus,
403 1707 483 1787 quod
496 1705 576 1768 fideli
594 1705 726 1766 custodia
746 1715 891 1764 servatum
910 1701 976 1763 liliis
995 1700 1055 1760 suis
1074 1697 1213 1779 primum,
1233 1696 1341 1756 deinde

178 1783 292 1843 cunctis
313 1783 449 1864 gentihus
468 1803 523 1862 per
540 1803 643 1843 manus
661 1781 806 1853 traderet,
826 1791 857 1839 et
876 1779 930 1840 filii
950 1778 1012 1838 eius
1030 1787 1190 1848 vocantur,
1214 1771 1341 1852 quicun-

177 1877 235 1937 que
256 1858 385 1918 eiusdem
398 1859 601 1939 promissionis
614 1869 682 1918 sunt
692 1857 845 1932 haeredes,
864 1856 905 1916 ita
949 1865 995 1916 ost
1013 1863 1139 1912 mortem
1159 1849 1340 1910 dieuntnriu

177 1934 239 1994 eius
258 1933 354 1994 sinum
381 1935 515 2016 colligi,
531 1933 581 2014 qui
606 1933 737 1994 eiusdem
760 1951 826 1992 eum
852 1951 889 1992 eo
936 1932 983 1992 dei
1008 1931 1134 1990 fructum
1160 1925 1340 2006 percipiunt.

175 2011 354 2090 Metaphora
374 2030 392 2074 a
409 2025 494 2092 patre
513 2023 643 2092 sumpta,
675 2009 707 2068 in
732 2009 814 2069 cuius
837 2008 929 2068 veluti
952 2008 1048 2067 sinum
1072 2004 1125 2064 filii
1145 2002 1340 2071 conveniunt,

176 2087 245 2146 dum
265 2101 389 2166 vespere
410 2087 446 2148 ab
465 2087 568 2168 operis
587 2085 698 2146 diurnis
714 2085 795 2145 domi
806 2095 1037 2167 congregantur.
1077 2081 1179 2158 Quum
1201 2097 1277 2161 ergo
1289 2077 1340 2138 filii

175 2161 236 2222 Dei
254 2161 286 2221 in
305 2162 492 2224 boemundo
514 2163 638 2244 dispersi
657 2181 729 2242 pere
767 2161 901 2234 inentrir,
920 2159 1005 2222 sicuti
1024 2159 1055 2218 in
1075 2155 1225 2249 praesenti
1246 2156 1339 2215 curri-

178 2239 246 2298 culo
267 2239 354 2299 fidem
373 2251 536 2320 sequuntur
555 2239 645 2320 patris
664 2239 709 2301 sui
748 2237 867 2312 brahae,
886 2238 927 2298 ita
937 2235 1069 2296 defuncti
1082 2255 1114 2293 ιιι
1125 2231 1244 2293 beatam
1257 2233 1338 2312 quie-

176 2325 254 2389 tem,
277 2315 309 2374 in
330 2335 386 2394 qua
406 2337 458 2385 eos
479 2327 641 2396 exspectat,
659 2335 723 2376 sese
739 2314 895 2394 recipiunt.
933 2313 997 2372 Nec
1014 2331 1088 2372 vero
1107 2321 1221 2370 eertum
1241 2309 1337 2368 locum

178 2391 335 2471 imaginari
353 2413 473 2453 necesse
494 2405 551 2453 est:
570 2391 622 2453 sed
641 2403 755 2451 tautum
774 2390 913 2450 collectio
933 2389 993 2465 illa,
1014 2385 1188 2467 quamdiri,
1208 2395 1337 2458 notatur,

142 2485 145 2493 ·
176 2479 210 2527 ut
229 2467 341 2528 scilicet
359 2490 391 2528 re
412 2469 659 2552 ipsa·agnoseaut
676 2467 838 2542 fideles,ase
857 2487 920 2526 non
940 2464 1045 2525 frustra
1060 2463 1114 2524 suh
1129 2460 1189 2522 fide
1201 2457 1337 2524 abraha

175 2544 311 2625 auspiciis
330 2545 479 2621 militasse,
500 2546 567 2625 quia
588 2546 693 2606 eodem
714 2545 744 2604 iu
766 2543 856 2604 coelis
871 2541 1023 2604 domicilio
1037 2540 1182 2602 fruuntur.
1204 2537 1238 2597 Si
1248 2559 1336 2618 quae-

173 2631 272 2698 rstur,
302 2641 339 2680 an
365 2623 467 2682 eadem
492 2621 582 2683 hodie
606 2621 662 2701 piis
681 2619 815 2681 conditio
835 2620 964 2700 reposita
984 2618 1022 2678 sit
1040 2628 1108 2698 post
1126 2626 1272 2688 mortem,
1300 2635 1336 2673 an

174 2717 247 2757 vero
269 2695 403 2758 Christus
423 2697 606 2779 resurgendo
627 2698 722 2757 sinum
742 2715 825 2756 suum
845 2695 1061 2776 aperuerit,·in
1080 2711 1141 2772 quo
1160 2703 1220 2752 tam
1241 2690 1337 2752 Abre-

175 2773 243 2833 ham
264 2773 338 2864 ipse,
358 2795 443 2853 qaam
463 2773 505 2853 pii
525 2789 627 2834 omnes
648 2773 810 2852 quieseant,
829 2772 960 2832 breviter
978 2769 1164 2849 respondens
1184 2767 1271 2830 sicuti
1292 2767 1337 2826 lu·

177 2847 327 2910 culentror
344 2848 404 2909 Dei
423 2849 516 2930 gratia
537 2870 592 2930 per
610 2849 804 2930 Evangelium
823 2847 911 2908 nobis
931 2847 1051 2920 affulsit,
1072 2857 1102 2906 et
1121 2843 1256 2906 Christus
1274 2845 1337 2924 ipse

176 2922 231 2984 Sol
258 2925 385 2984 iustitiae
409 2945 462 2984 suo
488 2925 616 2986 adventu
639 2924 762 2984 salutem
786 2923 874 2984 nobis
900 2923 1013 2998 attulit,
1043 2942 1130 3002 quarn
1150 2917 1264 2980 eminus
1282 2919 1336 2981 suh

124 2999 132 3014 ‘
174 2999 309 3060 obscuris
328 3000 438 3061 umbris
459 3000 595 3060 Patribus
615 2989 723 3060 intueri
744 2999 815 3060 olim
833 3001 932 3060 datum
943 3011 996 3074 est,
1015 2999 1054 3059 ita
1073 2997 1195 3060 minime
1215 2996 1337 3058 dubium

108 3111 137 3164 -Ὶ
174 3094 254 3149 esse,
285 3076 356 3154 quin
376 3076 487 3136 mortui
506 3077 628 3157 propius
650 3077 686 3136 ad
706 3076 842 3138 coelestis
860 3077 939 3137 vitae
959 3076 1131 3136 fruitionem
1149 3074 1336 3136 accesserint.

174 3149 294 3242 Interea
310 3152 473 3243 tenendum
491 3165 544 3226 est,
563 3150 712 3244 (plenam)
732 3153 958 3214 immortalitatis
969 3152 1095 3235 gloriam
1105 3171 1197 3231 usque
1209 3150 1336 3211 additam

173 3226 308 3287 ultimam
328 3229 541 3308 redemptionis
561 3229 684 3290 differri.
724 3229 817 3306 Quod
836 3229 874 3290 ad
892 3249 1038 3295 uomens
1059 3238 1152 3301 cetat,
1175 3227 1336 3288 teutsinus

172 3302 322 3394 Abrahae·
338 3325 425 3384 quam
445 3303 557 3366 Christi
580 3306 682 3366 vocari
728 3317 806 3367 otest
828 3307 1001 3385 tranquillus
1027 3250 1077 3366 ille
1096 3315 1217 3384 portus,
1247 3303 1335 3384 quia

172 3382 437 3471 praesentissime
461 3381 652 3463 navigatione
677 3327 778 3444 fideles
804 3382 920 3462 excipit
969 3381 1128 3442 Caeterum
1154 3380 1223 3460 quia
1250 3379 1336 3442 altius

145 3477 153 3496 ¹
172 3475 323 3546 progressi
341 3477 454 3534 sumus,
484 3471 571 3539 quam
591 3457 693 3520 Patres
712 3457 766 3520 sub
787 3457 885 3540 Lege,
909 3459 1004 3538 aptius
1024 3456 1176 3519 notabitur
1197 3457 1269 3518 haec
1290 3458 1336 3516 di-

120 3609 123 3614 ,
171 3533 303 3624 structio,
323 3533 347 3624 si
367 3534 495 3594 dicamus
507 3535 618 3614 Christi
634 3535 766 3596 membra
787 3536 825 3596 ad
843 3546 932 3614 caput
950 3557 1033 3595 suum
1052 3554 1146 3626 aggre,
1168 3521 1227 3594 aril
1244 3545 1335 3610 atque

172 3621 213 3670 sta
233 3609 358 3670 cessabat
380 3612 553 3692 metaphora
578 3612 615 3672 de
639 3613 705 3672 siuu
729 3611 883 3686 Abrahae,
914 3611 999 3671 sicuti
1019 3610 1089 3670 solis
1110 3555 1211 3692 fulgor
1228 3619 1335 3670 exortu

174 3707 227 3746 suo
247 3687 346 3747 stellas
366 3707 467 3750 omnes
488 3687 634 3753 obscurat.
672 3690 716 3748 Ex
735 3687 790 3749 hac
802 3699 902 3748 tamen
912 3687 1054 3768 loquendi
1066 3686 1172 3760 forma,
1191 3706 1248 3766 que
1265 3706 1335 3744 usus

173 3773 218 3822 est
238 3763 387 3840 Christus,
420 3763 563 3856 colligere
582 3764 701 3825 interim
720 3763 808 3838 lieet,
832 3764 935 3824 Patres
954 3763 1009 3824 sub
1029 3763 1113 3846 Lege
1132 3762 1271 3824 coelestis
1291 3761 1335 3822 vit

170 3849 220 3898 tae
238 3839 464 3918 haereditatem,
491 3862 523 3900 ιιι
544 3861 630 3921 quarn
648 3839 759 3900 mortui
777 3840 891 3922 recepti
910 3851 993 3917 sunt,
1012 3840 1070 3901 fide
1090 3839 1240 3919 amplexos
1261 3857 1338 3912 esse,

55 3937 61 3942 ·
173 3915 243 3975 dum
261 3915 403 3979 viverent

247 3997 296 4058 23»
329 3991 428 4070 Apud
445 3995 561 4085 inferos
578 3990 815 4084 sasblodsoculr's.
852 3993 918 4059 Etsi
938 3993 1071 4054 Christus
1091 3991 1246 4053 historiam
1266 4012 1335 4050 nar-

170 4081 413 4206 ¹²lali⁸0iil¹i¹i
429 4069 1062 4208 :tltt¹ttl“nt.t¹’h{¹¹ldtttlatt:
1081 4067 1195 4206 tlh?
1210 4089 1340 4205 titt:-

169 4164 220 4278 lis⁰
228 4221 380 4310 praeditae
396 4234 474 4296 sunt,
492 4217 591 4312 neque
610 4221 658 4282 siti
677 4167 827 4297 laborarii,
846 4221 944 4301 neque
958 4166 1182 4283 ιιιιιῑιιιῖιιῖιὸιιιιι
1201 4221 1282 4280 inter
1301 4229 1335 4278 se

170 4294 335 4386 colloquia,
362 4298 458 4377 quale.
474 4299 521 4358 hrc
546 4310 625 4359 mter
643 4297 791 4358 Abraham
817 4310 848 4358 et
872 4299 1032 4378 epulonem
1058 4297 1250 4360 describitur:
1280 4297 1336 4356 sed

169 4370 315 4436 Dominus
334 4373 381 4436 hic
400 4374 528 4437 tabularu
548 4375 689 4456 depinxit,
709 4395 785 4456 quae
804 4387 909 4436 emtum
929 4375 1045 4439 futurae
1065 4375 1143 4450 vitae
1156 4393 1213 4453 pro
1229 4393 1334 4432 sensus
