2764 4854
256 281 425 358 (215-16.
465 281 604 344 Mulieres
624 251 789 363 sepulcrum
810 260 977 361 adeuntes.)
1016 377 1019 387 .
1137 290 1195 352 ³87

39 433 165 514 dalens,
190 444 223 500 et
249 433 350 501 altera
370 435 491 514 Maria,
519 448 554 505 ut
574 439 723 506 viderent
749 438 942 526 sepulcrum.
984 439 1017 502 2.
1037 437 1081 504 Et
1102 459 1191 520 ecce,

39 550 138 603 terrae
169 548 274 604 motus
306 538 408 605 lactus
436 553 484 606 est
508 565 651 628 magnust
691 545 834 630 Angelus
866 546 951 610 enim
974 542 1107 608 Domini
1135 543 1191 611 dc·

39 641 155 706 scandit
178 639 219 706 de
242 641 353 720 coelo,
376 654 408 708 et
430 645 590 710 accedens
618 646 764 712 devolvit
790 634 931 730 lapidem
955 644 996 712 ab
1018 648 1117 726 ostio,
1139 667 1188 712 se-

39 743 193 831 lebatque
230 768 329 832 super
369 766 450 812 eum.
502 751 532 813 3.
567 749 644 814 Erat
679 760 783 814 antem
822 725 970 834 aspectus
1003 749 1073 816 eius'
1106 753 1190 818 sicut

39 847 157 938 fulgur,
180 859 212 914 et
232 851 454 916 vestimentum
484 854 554 916 eius
588 851 760 918 candidum
788 853 873 917 sicut*
895 857 956 918 nix.
997 855 1026 918 4.
1049 855 1131 919 Prae
1151 857 1191 920 ti-

39 973 119 1036 nore
147 963 253 1018 antem
282 955 351 1018 eius
378 957 526 1020 concussi
554 965 628 1020 sunt
655 955 821 1034 custodes,
849 951 978 1039 etslaeti
1004 968 1078 1022 sunt
1099 955 1190 1023 velut

39 1059 155 1124 nortui.
195 1059 226 1122 5.
246 1056 463 1143 Respondeas
491 1067 597 1122 autem
626 1055 759 1144 angelus
781 1057 863 1124 dixit
889 1057 1093 1140 mulieribus,
1120 1060 1189 1126 No·

39 1161 85 1224 ite
117 1161 229 1225 timere
258 1181 332 1225 vos:
359 1162 428 1226 scio
459 1161 558 1238 enim,
583 1158 672 1246 quod
701 1161 820 1240 losum,
852 1163 906 1250 qui
936 1163 1107 1228 crucilixns
1132 1173 1188 1243 est,
1271 1246 1276 1257 Ι

39 1265 189 1347 puaeritis.
214 1264 259 1352 ¹6.
281 1265 358 1330 Non
387 1275 434 1328 est
462 1259 532 1327 hic:
559 1265 695 1327 surrexit
724 1267 822 1344 onim,
849 1267 931 1331 sicut
952 1264 1043 1332 dixit:
1069 1269 1188 1347 venile,

39 1365 135 1430 ridete
157 1363 280 1446 locum,
310 1352 368 1434 ulti
395 1365 519 1453 positus
547 1375 616 1432 erat
641 1366 811 1432 Dominus.
854 1369 882 1434 7.
909 1370 950 1435 Et
977 1371 1042 1434 cito
1071 1379 1186 1436 euntes

39 1467 122 1533 licite
145 1465 311 1554 discipulis
333 1471 414 1544 eius,
443 1469 533 1557 qnod
560 1471 698 1535 surrexit
721 1491 738 1534 a
760 1473 907 1537 mortuis:
935 1483 967 1537 et
989 1493 1065 1538 ecce
1095 1495 1187 1560 prac-

39 1572 118 1637 ccdit
140 1593 200 1638 vos
221 1574 255 1637 in
277 1571 471 1640 Galilaeaut:
492 1571 538 1638 ibi
561 1595 634 1640 eum
656 1571 815 1654 videbitis,
837 1595 913 1640 ecce
936 1575 1000 1642 dixi
1019 1573 1123 1640 vobis

105 1805 247 1874 MARC.
268 1809 354 1871 XVI.
397 1809 427 1873 1.
453 1807 495 1872 Et
521 1763 619 1894 qndm
643 1810 863 1892 praeterisset
894 1807 1085 1887 Sabbatum,
1114 1808 1186 1878 Ma·

42 1915 70 1975 ia
95 1908 311 1996 Magdalenc,
340 1918 371 1975 et
391 1909 495 1976 Maria
517 1907 629 1976 lacolri
651 1921 684 1976 ct
705 1909 835 1978 Salomc
860 1923 1007 1979 emerunt
1035 1927 1187 1992 aromata,

39 2025 60 2078 tt
86 2017 235 2079 venirent
261 2024 294 2079 et
320 1999 480 2100 ungerent
507 2035 589 2078 cum.
639 2014 669 2078 2.
696 2014 739 2080 Et
765 2037 889 2082 summo
916 2013 1064 2084 diluculo
1091 2023 1209 2105 primi,

39 2117 90 2184 liei
125 2115 340 2183 Sabbatorum
375 2119 511 2184 veniunt
538 2116 580 2182 od
609 2127 853 2182 monumentum
886 2130 998 2184 exorto
1029 2119 1109 2186 sole.
1155 2100 1202 2188 3s

39 2221 254 2306 licebantque
286 2221 371 2285 inter
401 2239 489 2292 sese,
534 2217 620 2302 Quis
656 2217 804 2284 revolvet
835 2215 932 2284 nobis
955 2217 1106 2305 lapidem
1141 2221 1184 2290 ab
1263 2265 1268 2288 ,ι

39 2323 107 2386 »stio
140 2325 359 2387 monumenti?
411 2320 441 2384 4.
468 2319 510 2383 Et
543 2339 640 2404 quum
675 2323 904 2416 respexissent,
932 2319 1059 2401 vident,
1085 2325 1184 2412 'quod

41 2421 191 2487 evolutus
218 2431 303 2487 esset
329 2419 424 2507 lapis:
451 2440 525 2485 nam
550 2430 619 2484 erat
644 2443 775 2506 magnus
802 2422 908 2510 valde.
948 2426 980 2490 5.
999 2425 1042 2490 Et
1063 2430 1185 2512 ingres-
1289 2449 1295 2464 ·

39 2547 78 2590 ae
104 2527 144 2618 in!
166 2534 407 2590 monumentum
432 2522 586 2588 viderunt
612 2523 851 2613 adolescentem
879 2522 1046 2608 sedentem
1070 2548 1087 2591 a
1108 2527 1184 2593 dex·

39 2633 92 2708 ris,
122 2629 271 2694 amictum
297 2623 380 2692 stola
408 2624 560 2691 candida:
589 2637 622 2692 et
651 2635 857 2713 expaverunt.
898 2625 927 2691 d.
949 2627 992 2692 At
1017 2627 1079 2695 ille'
1104 2631 1185 2699 dicit

39 2737 85 2811 eis,
115 2733 168 2798 No
195 2731 431 2818 expavescatis:
463 2729 567 2794 lesum
601 2733 754 2817 quaeritis
782 2729 1001 2810 Nazarenum,
1032 2735 1088 2819 qui
1121 2733 1183 2801 luit

39 2835 210 2901 :rucifixusz
241 2835 390 2911 surrexit,
420 2851 488 2897 non
516 2841 565 2898 est
589 2831 658 2898 hic:
684 2832 760 2900 ecce
787 2831 897 2910 locus,
923 2830 981 2898 ulri
1007 2849 1183 2920 posuerant

39 2937 123 3006 llum.
176 2939 206 3005 t.
232 2936 299 3004 Sed
332 2934 432 3016 abite,
463 2933 560 3002 dicito
591 2935 758 3024 discipulis
790 2938 862 3002 eius
890 2945 924 3001 ct
945 2936 1056 3014 Petro,
1091 2938 1181 3025 qnod

39 3040 270 3128 lle,praecedit
290 3061 349 3107 vos
370 3042 404 3108 in
426 3037 624 3107 Galilaeam:
644 3040 713 3107 illic
734 3061 807 3106 enm
836 3037 999 3115 ridebitis,
1026 3039 1108 3106 sicut
1134 3040 1182 3107 di-

39 3151 67 3212 tt
87 3145 192 3214 vobis.

67 3337 72 3349 Ι
106 3363 210 3434 LUC.
228 3363 344 3431 xxiv,
386 3365 415 3431 1.
436 3363 541 3438 Prima
562 3373 667 3431 autem
689 3362 743 3428 die
771 3359 986 3429 sabbatorum
1014 3359 1179 3448 protunda

39 3467 168 3535 liluculo
195 3476 357 3532 venerunt
384 3464 426 3531 ad
451 3464 705 3545 monumentum,
737 3474 902 3554 portantes
927 3485 1011 3550 quae
1046 3485 1181 3552 parave-

42 3585 94 3638 aut
128 3581 286 3648 aromata,
317 3579 350 3634 et
375 3569 554 3638 nonnullae
584 3568 754 3637 cumillis.
795 3569 825 3633 2.
845 3566 1051 3652 Repererunt
1074 3577 1179 3632 antem

39 3679 164 3764 apidem
192 3672 375 3740 revolutum
397 3683 651 3740 amonumento.
692 3673 722 3737 3.
742 3671 785 3736 Et
805 3671 968 3756 ingressae
995 3688 1063 3734 non
1090 3672 1181 3734 inve·

39 3791 139 3846 terunt
167 3798 284 3864 corpus
311 3775 444 3842 Domini
470 3779 552 3843 lesu.
591 3779 624 3842 4.
643 3775 686 3841 Et
714 3774 830 3840 lactum
867 3782 930 3852 cst,
964 3769 1040 3837 dum
1071 3782 1179 3839 mente
1306 3825 1310 3836 .

39 3891 246 3947 onsternatae
267 3889 375 3944 essent
396 3879 438 3944 de
459 3879 531 3959 hoc,
554 3901 630 3945 ecce
653 3880 720 3947 duo
741 3882 802 3946 viri
823 3885 981 3944 steterunt
1002 3878 1086 3942 iuxta
1105 3875 1179 3942 illas
1249 3885 1253 3892 '
1288 3875 1293 3885 “

39 4003 55 4046 n
90 3980 234 4048 vestibus
266 3979 511 4067 fulgurantibus.
557 3985 588 4051 ¹5.
620 3984 730 4072 Quum
760 3994 868 4052 aulem
904 3990 1011 4046 esseut
1043 4001 1179 4065 expave
1206 3981 1207 3988 ’

39 4095 145 4166 actae,
178 4097 210 4152 et
242 4085 435 4152 inclinarent
466 4084 589 4152 vultum
620 4090 654 4153 in
680 4097 810 4162 terram,
841 4081 989 4146 dixerunt
1024 4083 1066 4149 ad
1096 4081 1179 4163 illas,

39 4185 114 4272 laid
143 4191 295 4276 quaeritis
322 4191 483 4256 viventem
511 4210 583 4254 cum
608 4189 763 4254 mortuis?
803 4186 833 4248 6.
853 4183 930 4250 Non
952 4193 1001 4250 est
1025 4184 1092 4263 hic,
1118 4185 1179 4252 sed

40 4295 172 4359 arrexit:
198 4293 428 4372 recordamini,
455 4303 489 4357 ut
511 4289 624 4356 dixerit
645 4287 754 4365 vobis,
784 4307 882 4374 quum
910 4284 1016 4351 adhoc
1037 4297 1122 4354 esset
1142 4289 1178 4353 in

39 4393 189 4475 {alilaem
238 4399 266 4463 7.
292 4397 428 4476 Dicens,
458 4395 547 4485 quod
581 4401 746 4508 oporteret
772 4387 890 4456 Filium
906 4388 1060 4536 2{poprium
1092 4385 1175 4452 tradi
