2766 4840
477 251 612 300 cunum
630 249 819 302 variorum.
1167 247 1228 316 m

63 392 162 455 vendo
181 409 282 454 sensus
300 390 392 452 habet
409 389 479 454 ciho
499 390 630 472 vinoque
649 389 791 468 obrutos,
815 401 917 452 mente
935 391 973 454 ad
992 395 1129 456 eoelestis
1146 397 1227 462 ritae
1253 409 1258 428 ”

63 469 286 533 meditationem
312 489 462 548 nunquam
485 478 655 562 consurget.
694 467 756 529 Sed
774 467 843 548 quia
862 468 942 530 nulla
962 481 1006 531 est
1026 473 1121 534 carnis
1141 475 1226 554 cupi-

63 549 148 622 ditas,
168 565 244 626 quae
264 565 326 606 non
345 545 496 607 bominem
515 544 654 621 inebriet,
672 543 718 618 his
738 545 875 605 omnihus
895 546 989 606 danda
1006 559 1052 608 cst
1063 569 1165 630 opera,
1185 571 1226 614 ne

63 644 93 684 se
122 623 235 683 mundo
267 623 466 706 ingurgitent,
501 621 525 682 si
554 622 659 682 volunt
689 622 726 683 ad
754 620 1020 704 Christi‘regnnrn
1050 647 1106 706 pro
1131 647 1224 688 crare.

61 701 149 780 Apud
169 700 350 762 Matthaeum
375 719 436 760 uno
460 698 632 782 vigilantiae
656 697 778 758 nomine
803 699 945 760 continua
969 700 1019 761 illa
1038 722 1079 762 no
1124 727 1159 764 ur
1179 715 1225 764 at-

62 777 167 852 tentio,
210 797 263 837 uae
284 776 356 836 lacit
373 788 406 836 ut
426 775 531 846 crectis
550 797 661 835 sursum
682 773 878 842 mentibusin
893 786 974 837 terra
989 781 1223 868 peregrinemur.

61 853 86 914 Α
110 855 149 914 ud
201 874 300 914 arcum
318 852 416 945 primo
437 853 576 912 iubentur
595 851 746 932 discipuli,
772 851 874 913 videre
899 875 937 914 nc
957 854 1070 916 scilicet
1088 857 1224 920 incautos

60 875 107 990 vei
125 941 280 1010 torpentes
300 929 510 990 circumveniat
528 929 677 989 interitus:
705 928 813 989 deinde
832 927 974 990 iubentur
991 931 1129 1014 vigilare,
1146 934 1225 1014 spuis

60 1006 184 1066 subinde
205 1005 357 1086 obrepunt
374 1007 472 1066 variae
484 1005 588 1066 carnis
607 1002 776 1078 illecebrae,
797 1006 902 1089 quibus
922 1028 955 1068 so
978 1007 1079 1070 iuntur
1097 1023 1224 1075 mentes.
1328 1061 1330 1074 .

59 1083 169 1142 Postea
187 1083 320 1162 sequiusr
339 1081 504 1146 exhortatio
525 1083 562 1144 ad
581 1103 695 1162 preces,
719 1081 787 1161 quia
805 1082 919 1144 scilicet
938 1027 1055 1156 ah'nnde
1070 1089 1224 1178 suppetias
1261 1155 1262 1160 1

60 1171 163 1239 petere
188 1179 307 1220 necesse
334 1171 392 1234 est,
419 1158 525 1252 quihus
549 1156 826 1219 nostrainfirmitas
850 1158 971 1221 levetur.
1010 1161 1104 1223 Lucas
1129 1185 1223 1244 ipsam

59 1235 238 1316 precationis
258 1234 384 1296 formam
404 1236 504 1296 dictat.
542 1236 674 1296 Primum
698 1247 733 1296 ut
758 1255 813 1295 nos
838 1235 977 1317 dignetur
995 1239 1077 1300 Deus
1104 1259 1138 1300 ex
1161 1252 1223 1304 tam

58 1311 210 1392 profundo
230 1324 261 1373 et
279 1312 434 1393 multiplici
453 1310 624 1394 labyrintho
649 1313 783 1393 eripere:
814 1312 921 1373 deinde
940 1313 1036 1377 salvos
1056 1325 1087 1376 ct
1104 1317 1224 1378 meclu-

21 1421 24 1430 ν
57 1409 118 1449 mes
144 1389 248 1452 sistere
274 1389 304 1449 iu
329 1400 520 1480 conspectum
544 1389 614 1452 Filii
637 1389 691 1450 sui.
737 1387 844 1470 Neque
869 1389 948 1450 eninr
971 1391 1041 1453 illuc
1087 1393 1224 1455 cnvenire

58 1464 176 1540 licebit,
205 1466 262 1525 nisi
287 1464 463 1527 mirabiliter
486 1466 653 1527 innumeras
677 1476 787 1526 mortes
811 1463 1012 1548 effugerimus.
1062 1413 1088 1528 h

59 1542 126 1621 quia
155 1563 190 1602 ex
214 1542 350 1623 periculis
376 1544 524 1604 enatando
550 1541 813 1623 praesentissitae
838 1563 953 1602 cursum
972 1545 1139 1626 transigere
1158 1567 1224 1607 nun

58 1619 222 1692 sufficeret,
247 1619 381 1686 Christus
401 1619 458 1679 huc
478 1631 616 1701 unquam
642 1619 835 1699 praecipuum
860 1607 963 1714 punit,
986 1631 1021 1680 ut
1044 1621 1132 1682 nohis
1152 1635 1224 1684 ante

58 1717 140 1756 sunm
173 1695 305 1757 tribunal
333 1707 409 1756 stare
436 1695 531 1757 liccat.
584 1695 662 1780 (luia
692 1698 806 1756 moitis
835 1692 919 1754 dens.
968 1697 1140 1759 Notandum
1168 1711 1224 1774 cst,

58 1772 204 1832 incertum
229 1774 370 1833 adventus
397 1771 507 1832 Christi
531 1785 646 1854 tempus
678 1773 693 1850 (
720 1771 780 1831 uod
812 1772 962 1854 plerisque
992 1774 1055 1834 lere
1085 1774 1224 1837 omnibus

56 1850 212 1930 segnitiem
232 1848 366 1928 inducit)
385 1843 563 1910 *attentionis
587 1861 618 1909 et
641 1795 812 1932 vigilantiae
835 1849 984 1910 stimulum
1004 1850 1114 1912 debere
1133 1851 1223 1914 nohis

58 1945 129 1986 esse.
181 1925 257 1987 Nam
294 1925 429 1988 consulto
465 1925 672 1988 absconditum
706 1924 795 1986 nohis
830 1947 893 1988 csse
928 1925 1033 1986 voluit·
1053 1929 1152 2006 Deus,
1188 1941 1222 1990 ut

58 2001 140 2064 nullo
170 2015 323 2080 momento
353 2003 449 2066 securi
478 2001 633 2078 continuas
663 2001 797 2064 excubias
822 2023 951 2086 agamus.
1002 2004 1107 2080 Qualis
1142 2007 1222 2067 enim

58 2077 125 2139 lidci
148 2089 178 2140 et
196 2080 357 2159 patientiae
379 2093 455 2141 essct
472 2079 628 2160 probatio,
652 2079 677 2139 si
696 2079 813 2154 fideles,
832 2091 894 2140 tuta
914 2079 974 2140 vita
994 2083 1091 2142 otiose
1108 2103 1222 2164 vagans

56 2165 99 2215 tes
129 2157 163 2296 {n
191 2157 250 2216 suis
280 2157 407 2233 deliciis,
439 2157 471 2216 in
491 2154 603 2217 Christi
626 2175 780 2217 occursum
804 2156 905 2218 triduo
929 2175 962 2216 se
988 2169 1058 2220 ante
1082 2159 1221 2241 accinge-

56 2244 128 2295 rent

67 2517 71 2522 ·
141 2491 246 2574 (191.)
287 2491 458 2562 neuun.
478 2489 594 2561 xxrv.
635 2495 687 2560 cs.
714 2474 800 2559 ium
822 2502 927 2560 autem
948 2496 1081 2576 errore,
1102 2497 1222 2587 quous

54 2600 171 2664 scisset
191 2597 434 2683 paterfamilias,
461 2622 525 2686 qua
553 2599 633 2665 hora
661 2597 714 2663 sur
733 2611 889 2665 venturus
907 2599 1034 2680 luisset,
1060 2601 1223 2686 vigilasset

55 2707 178 2791 utique,
202 2712 234 2767 et
255 2723 322 2768 non
344 2705 470 2768 sivisset
490 2702 621 2790 periodi
643 2703 773 2768 domum
794 2724 913 2767 suam.-
935 2701 987 2766 44.
1011 2702 1088 2770 ldco
1111 2717 1143 2770 ct
1161 2729 1220 2773 ros
1288 2788 1291 2796 Ι

56 2817 160 2873 estote
187 2809 306 2892 parati:
333 2809 408 2894 quia
436 2830 499 2895 qun
527 2808 607 2875 hora
635 2809 861 2892 non‘putatis,
887 2828 926 2872 eu
953 2805 1055 2872 Filius
1082 2808 1221 2876 hominis

55 2920 211 2975 venturus
226 2921 283 2976 cst.
325 2911 385 2976 45..
400 2910 558 2997 Quisnam
581 2919 629 2978 est
647 2909 756 2976 fidelis
772 2932 884 2976 servus
902 2920 934 2975 et
950 2911 1103 2996 prudens,
1124 2936 1220 2999 quern

56 3013 212 3098 pracfecit
238 3013 387 3080 dominus
414 3013 573 3080 famulitio
602 3036 677 3093 suo,
708 3024 744 3080 ut
772 3013 827 3090 det
853 3012 919 3078 illis
947 3012 1053 3081 cibum
1079 3017 1114 3081 in
1142 3027 1221 3082 tcm-

56 3121 158 3203 porc?
198 3117 249 3182 46.
277 3119 399 3210 Beatus
425 3140 537 3184 servus
564 3117 636 3198 ille,
664 3140 774 3205 quem,
803 3140 900 3204 quum
922 3109 1048 3184 vcncr'it
1069 3118 1220 3188 dominus

57 3226 139 3302 eius,
167 3223 328 3288 invenerit
356 3223 404 3287 sic
430 3223 608 3287 facientem.
660 3220 712 3287 47.
743 3223 849 3288 Amen
875 3219 950 3287 dico
977 3219 1086 3302 vohis,
1120 3247 1219 3312 super

57 3330 164 3412 omnia
191 3324 279 3392 huna
304 3347 362 3389 sua
388 3325 562 3408 constituet
589 3346 671 3389 cum.
718 3321 769 3388 48
803 3321 933 3408 Quodsi
962 3323 1079 3391 dixerit
1106 3350 1219 3394 servus

56 3426 112 3496 ille
143 3429 246 3496 malus
279 3429 313 3493 in
345 3427 445 3492 corde
478 3448 554 3506 suo,
587 3423 768 3494 Cunctatdr
795 3425 944 3494 dominus
973 3449 1065 3494 meus
1090 3435 1219 3498 venire:

55 3531 104 3596 49.
137 3531 361 3620 Coeperitque
393 3541 564 3617 percutere
597 3551 786 3607 conservos,
819 3531 883 3595 imo
912 3530 1012 3601 edero
1044 3541 1077 3596 ct
1100 3528 1217 3598 hibere

56 3656 125 3702 cum
149 3634 263 3702 ebriis:
303 3636 354 3701 50.
382 3633 504 3700 Veniet
524 3631 685 3705 Dominus
706 3636 791 3698 servi
811 3631 899 3700 illius
919 3637 954 3722 in
976 3633 1039 3712 dic,
1061 3655 1127 3720 quo
1149 3655 1218 3702 non

57 3752 235 3826 exspectat,
262 3749 294 3804 ct
314 3737 409 3813 bora,
430 3760 494 3826 qua
514 3739 654 3825 ignorat:
695 3737 746 3802 51.
770 3735 812 3802 Et
834 3734 1009 3803 dissccahit
1030 3756 1118 3812 eum,
1145 3755 1218 3820 par·

55 3841 184 3930 temque
206 3845 276 3908 eius
298 3851 398 3929 punct
419 3863 490 3906 cum
512 3836 708 3926 hypocritisr
728 3837 796 3904 illic
817 3841 878 3907 erit
898 3838 1044 3926 ploratus
1056 3847 1088 3902 ct
1096 3836 1217 3903 stridor
1318 3834 1324 3848 ’

57 3939 207 4011 dentium.

135 4145 276 4214 Mane.
296 4145 379 4212 Xlll.
420 4145 588 4212 :suasinus
609 4146 721 4226 homo,
753 4147 809 4233 qui
835 4164 970 4232 peregre
998 4143 1076 4228 ugit,
1101 4141 1213 4209 relicta
1327 4139 1332 4150 '

58 4245 153 4318 domo
181 4275 257 4330 sua,
283 4249 440 4337 deditque
467 4253 568 4314 servis
595 4255 661 4317 suis
687 4260 892 4338 potestatem,
916 4269 956 4315 ac
977 4235 1234 4334 suttm⁴cuiquc

58 4371 154 4437 opus,
182 4367 216 4424 et
242 4355 373 4422 ianitori
398 4339 574 4434 mandant,
600 4364 636 4419 ut
656 4351 812 4441 vigilaret.
859 4353 912 4420 35.
939 4344 1077 4440 Vigilate
1103 4354 1214 4437 igitur:

1091 1476 1223 1530 'aeterum
1251 1515 1259 1533 .
