2764 4846
207 272 231 366 '2
331 276 334 284 ’
674 281 872 348 scurror.

211 441 365 508 dominae
389 459 513 504 cursum.
562 437 646 500 Haec
672 435 801 502 Satanae
826 437 947 518 eiusque
972 433 1112 497 ministris
1137 434 1254 496 occasio
1282 445 1363 494 erat

211 522 250 583 ad
278 519 455 602 spargendas
484 534 619 576 enorum
647 513 787 590 nebulas,
826 533 901 594 quae
930 516 1034 605 puram
1058 509 1154 572 lucem
1176 509 1362 570 turbarent.

213 596 365 675 Quoniam
387 605 485 654 autem
510 591 547 652 de
571 591 762 670 custodienda
786 589 942 672 Evangelii
965 586 1092 670 puritate
1116 587 1211 648 minus
1231 585 1363 646 sullici-

144 673 147 691 ”
211 687 275 736 tum
294 683 358 734 crat
375 669 527 734 hontnnn
544 667 664 750 vulgus,
691 674 722 726 et
740 665 826 748 pauci
846 678 957 727 attente
977 663 1170 744 reputabant,
1189 661 1259 743 quid
1280 683 1361 722 rna-

212 751 380 813 cbinaretur
402 745 493 806 Satan
520 755 551 805 et
575 755 716 825 quantum
740 742 873 804 subesset
890 743 922 802 in
940 740 1047 806 talibus
1067 739 1187 802 fallaciis
1207 737 1361 874 periculi,

211 817 1207 963 lntlttltlt‘tllt‘ittltltl'llttltlsl‘ttll‘tl
1226 826 1360 971 {iulis}

212 975 376 1039 doctrinam
402 973 439 1035 ab
460 965 542 1034 omni
562 915 731 1052 durruptela
750 991 853 1052 puram
874 983 905 1032 et
923 915 1051 1048 illaesim
1071 934 1224 1061 pr'ylfffi
1242 987 1358 1060 serva:

211 1065 267 1115 ret.
325 1051 413 1112 Tales
449 1070 513 1110 non
543 1069 626 1110 secus
655 1069 689 1110 ac
721 1048 796 1108 sacri
825 1047 958 1128 uomopb
979 1047 1056 1107 laces
1088 1046 1223 1106 divinitus
1256 1045 1358 1107 electu

211 1127 343 1202 inerunt,
363 1127 413 1208 qni
432 1125 590 1187 coelestem
610 1124 775 1186 doctrinam
794 1125 873 1206 apud
893 1143 924 1185 sc
944 1069 1108 1204 depositam
1127 1120 1207 1182 bona
1226 1119 1287 1182 fide
1310 1123 1357 1183 ad

211 1216 348 1286 posteros
366 1202 607 1268 transmitterent.
638 1199 740 1276 Quare
761 1200 815 1261 bac
833 1201 901 1282 lege
920 1199 1115 1290 Euangelium
1134 1217 1218 1258 suum
1238 1197 1356 1260 Tbeo-

210 1279 294 1362 philo
318 1290 470 1358 nuncupat
492 1278 603 1352 Lucas,
633 1287 667 1336 ut
686 1275 803 1336 fidelem
824 1277 885 1336 eius
905 1276 1067 1337 custodiam
1087 1273 1239 1354 suscipiat:
1271 1295 1356 1356 quas

211 1357 300 1428 etiam
342 1367 418 1416 artes
431 1353 538 1414 Paulus
558 1371 612 1414 suu
622 1353 784 1414 Timotheo
803 1351 932 1434 iniungit
952 1363 982 1414 et
1001 1351 1188 1413 commendat
1196 1353 1357 1412 secundae

209 1377 361 1514 Epistolde
380 1429 477 1512 primu
497 1429 593 1510 capite
611 1451 638 1491 r.
658 1435 705 1494 tt.
725 1439 756 1490 et
774 1428 864 1489 tertio
878 1447 910 1490 ἐ.
931 1435 994 1500 14,
1190 1503 1197 1518 ι

287 1516 314 1573 1.
342 1505 487 1590 (iwanum
509 1503 679 1582 conmissa-sn
719 1505 846 1566 Videtur-¹
870 1514 926 1586 pto
946 1504 1031 1566 cabaa
1051 1501 1198 1565 scribendi
1216 1523 1356 1583 ponere,

212 1585 294 1666 quod
312 1583 410 1664 potius
428 1581 511 1644 illum
530 1602 547 1642 a
566 1581 724 1642 scribendo
742 1600 883 1642 revocare
904 1579 1059 1642 debuerat:
1084 1579 1234 1640 historiam
1262 1581 1354 1642 enirn

211 1682 230 1722 a
254 1659 353 1751 miultis
376 1667 702 1748 mcunm'uetexerq
732 1658 895 1737 superfluus
921 1668 986 1746 erat
1002 1655 1104 1732 labor,
1134 1656 1279 1748 siquidenr
1301 1658 1373 1740 illi

210 1735 308 1873 lddbd
324 1753 373 1872 ill
386 1731 1352 1900 sppuphlt’upqlvppgpgetpleiraaenunptppppsffipplnphpnpsffipp

212 1905 285 1970 ergo
311 1885 436 1978 perinde
460 1895 506 1946 est
528 1903 588 1946 aen
614 1895 711 1945 actum
735 1903 768 1944 se
792 1883 868 1945 velle
893 1903 981 1966 agere
1006 1885 1093 1946 dieat.
1150 1883 1353 1964 Respondeas,

212 1960 651 2118 illlattllltttlstl
685 1959 975 2128 „lttlltt‘ttt
995 1961 1353 2118 titillabit}

211 2111 1185 2281 ssu.ustus:ulciscatur‘salustus
1205 2115 1352 2253 attus

234 2267 310 2327 otius
329 2275 436 2328 auster
455 2265 564 2340 invehi,
584 2265 608 2326 si
628 2261 780 2340 fallebant,
798 2276 904 2325 uterum
923 2285 970 2326 res
993 2267 1102 2341 ordeo,
1122 2265 1186 2328 bert
1226 2286 1292 2327 osse
1312 2281 1353 2330 ut

210 2289 314 2406 llriter
332 2341 493 2422 peccarint,
511 2341 599 2422 idque
618 2341 837 2402 inconsiderato
856 2340 923 2404 selu
942 2287 1042 2422 pluas
1061 2363 1147 2422 quam
1166 2363 1212 2402 nra
1227 2341 1288 2418 tia,
1310 2365 1351 2406 ac

209 2419 337 2500 proinde
356 2437 418 2478 non
439 2417 526 2480 fuisse
546 2437 671 2492 causam,
690 2439 742 2478 cur
761 2417 962 2480 vehementius
981 2419 1012 2480 iu
1032 2438 1083 2479 eos
1094 2417 1268 2502 insurgeret.
1302 2421 1351 2482 Et

210 2507 291 2558 certe
318 2493 459 2556 credibile
486 2506 545 2567 est,
575 2493 663 2556 inisse
684 2495 826 2574 quaedam
845 2505 957 2555 tanturn
979 2495 1145 2575 praeludia,
1175 2515 1248 2575 quae
1269 2508 1351 2558 tunc

209 2591 274 2632 non
292 2583 450 2651 tantopere
470 2569 566 2648 noxia,
586 2569 643 2636 uisi
661 2581 776 2632 mature
796 2568 913 2631 obviarn
932 2571 1006 2631 iturn
1026 2582 1111 2645 esset,
1131 2571 1218 2632 fidem
1239 2569 1270 2630 io
1283 2593 1348 2652 po-

82 2685 83 2690 *
209 2660 319 2710 aterum
343 2647 459 2730 gravius
483 2646 642 2708 laesissent.
690 2647 848 2708 Caeterum
872 2665 892 2706 o
915 2666 983 2712 erae
1009 2647 1135 2728 pretium
1160 2657 1206 2708 est
1223 2659 1349 2726 notare,

208 2725 317 2800 Deum,
359 2723 388 2782 ui
407 2722 560 2815 superfluis
579 2721 787 2810 scriptionibus
806 2667 967 2783 remedium
988 2724 1045 2785 boc
1065 2743 1118 2803 per
1130 2723 1238 2785 Lucam
1254 2725 1347 2791 adbi-

209 2801 290 2876 buit,
314 2745 479 2860 admirabili
500 2797 587 2860 etiam
608 2797 732 2860 consilio
753 2795 873 2874 iecisse,
904 2810 938 2859 ut
961 2799 1023 2861 aliis
1047 2799 1168 2880 publico
1193 2820 1349 2864 consensu

208 2874 368 2958 repudiatis
388 2873 476 2936 fidem
495 2873 680 2936 obtinuerint
699 2873 771 2934 istae
791 2873 882 2950 solae,
902 2873 932 2934 in
953 2877 1058 2956 opibus
1078 2875 1191 2956 liquido
1209 2877 1349 2960 refulget

117 3007 123 3023 ,
208 2951 376 3016 ueneranda
402 2949 463 3011 eius
487 2951 630 3012 maiestas.
688 2948 761 3024 Quo
785 2949 883 3010 minus
907 2950 1070 3012 tolerabilis
1096 2965 1141 3013 est
1164 2973 1266 3014 eorum
1287 2976 1348 3016 re-

209 3027 325 3101 cordia‚
356 3025 407 3106 qui
430 3025 545 3107 putidas
571 3025 684 3088 fabulas
708 3025 762 3087 sub
786 3026 943 3094 Nicodemi
966 3028 1015 3092 rel
1041 3029 1201 3112 cuiuspiam
1220 3029 1349 3095 alterius

209 3103 296 3164 titulo
316 3123 396 3164 nnnc
415 3101 483 3162 urbi
503 3100 675 3162 obtrudunt.

267 3179 526 3240 unumunurm
533 3200 587 3238 nos
586 3177 672 3260 fidei.
691 3177 1068 3260 Participium(nentnpnpn
1087 3181 1200 3260 ημένα),
1212 3185 1346 3260 quonti-

208 3267 257 3314 tur
267 3255 372 3329 Lucas,
391 3254 538 3338 significat
555 3275 601 3316 res
612 3254 706 3335 probe
719 3268 884 3338 compertas
900 3268 930 3316 et
944 3277 1018 3335 quac
1031 3205 1214 3318 dubitatione
1227 3275 1346 3320 carent.

208 3333 245 3392 Iu
271 3352 330 3410 quo
356 3342 419 3392 uon
444 3331 533 3391 semel
560 3331 698 3412 deceptus
722 3331 1059 3414 saturninianorum,
1091 3334 1203 3414 hacque
1223 3335 1346 3398 inscitia

207 3405 400 3488 pulcerrimos
421 3409 560 3488 quosdam
581 3406 664 3468 locos
684 3407 770 3469 nobis
790 3409 939 3489 eorrupit:
960 3409 990 3468 in
1011 3410 1115 3490 quibus
1136 3423 1180 3472 est
1191 3410 1241 3470 ille
1252 3411 1345 3474 Pauli

207 3482 314 3562 (llum.
334 3493 386 3578 “fl
401 3489 468 3560 5.)‚
500 3484 552 3543 ubi
573 3505 718 3564 quemque
737 3506 806 3547 suae
824 3485 931 3546 mentis
951 3497 1063 3546 certum
1083 3506 1145 3548 esse
1165 3486 1264 3562 iubet,
1300 3511 1345 3552 ne

92 3585 94 3593 ·
207 3559 387 3622 couscientia
407 3559 502 3621 dubiis
522 3559 713 3652 opinionibus
734 3562 790 3622 lusc
809 3561 878 3622 illuc
898 3563 1006 3644 agitata
1026 3563 1148 3623 fluctuet
1166 3584 1200 3623 ac
1209 3563 1344 3627 vacillet.

205 3637 281 3697 Inde
306 3636 392 3697 etiam
418 3637 568 3698 descendit
593 3656 703 3718 nompn
727 3651 763 3702 nt
784 3652 930 3720 popuplus,
963 3659 1049 3716 quam
1073 3639 1149 3700 male
1168 3639 1344 3720 'plenitudi-

205 3734 275 3776 nem
294 3714 398 3790 vcrtit,
422 3733 512 3793 quum
532 3713 614 3774 firma
633 3714 671 3774 sit
690 3670 986 3794 cn‘fidepersuasio,
1006 3713 1037 3774 in
1058 3736 1114 3795 qua
1134 3716 1200 3796 piae
1220 3731 1343 3781 mentes

205 3801 270 3926 iii
287 3789 849 3929 ttt¹'{{}t¹;'¹';.illltl.tl“titit
864 3789 1250 3930 'tll‘ttttt‘ltt'l-
1267 3796 1343 3873 ‘¹⁰³³

698 3891 727 3930 vr
770 3891 778 3926 ι
1241 3891 1341 3932 iversa

204 3941 398 4003 tradentibus.
439 3935 522 4001 Istius·
538 3963 593 4003 sans
612 3944 784 4004 tantundem
804 3943 883 4005 valet
902 3957 931 4005 at
953 3963 991 4002 ue
1010 3889 1094 4020 apuli
1108 3967 1169 4006 nus.
1209 3945 1270 4006 Sed
1292 3949 1341 4008 vi-

116 4087 120 4099 .
205 4017 291 4076 detur
310 4017 397 4078 fidem
416 4019 447 4079 iu
466 4018 618 4080 bominum
638 4017 733 4080 relatu
751 4039 853 4099 parum
872 3965 968 4080 solide
988 4019 1121 4097 fundare,
1142 4041 1216 4104 quae
1235 4021 1267 4082 in
1284 4045 1339 4084 so-

204 4093 264 4154 lum
283 4093 342 4153 Dei
361 4093 482 4156 verbnm
500 4094 672 4156 recumbere
692 4095 811 4172 debeat,
830 4108 860 4156 et
879 4108 959 4158 certe
979 4095 1048 4159 fidei
1068 4109 1246 4179 ntnpopuptn
1262 4098 1340 4180 Spi-

202 4167 276 4229 ritus
295 4168 495 4262 obsignatioui
514 4170 661 4233 tribuitur.
695 4171 886 4252 Respondeo‚
906 4173 1005 4247 fidem,
1024 4173 1079 4234 uisi
1099 4174 1213 4254 priores
1233 4189 1339 4254 partes

146 4255 153 4264 ’
203 4245 371 4308 teneatDer
390 4247 557 4323 auctoritas,
576 4247 663 4309 nullis
683 4248 800 4340 quidem
820 4247 972 4310 bominum
991 4249 1165 4310 testimoniis
1176 4251 1243 4312 iore
1257 4271 1338 4312 con-

142 4389 151 4404 „
202 4332 327 4383 tentam:
356 4321 409 4382 ubi
432 4333 529 4385 tamen
554 4337 712 4404 praecessit
736 4323 862 4386 interior
886 4325 1013 4406 Spiritus
1038 4325 1241 4402 confirmatio,
1273 4329 1345 4390 illis

202 4418 323 4482 quoque
340 4399 373 4460 io
391 4397 531 4463 historica
552 4420 651 4463 rerum
674 4401 782 4466 notitia
805 4400 904 4465 locum
928 4401 1055 4484 aliquem
1080 4403 1159 4466 dare.
1189 4403 1357 4495 Bistonis
