2766 4834
344 245 514 360 ¹(21--22,
540 265 690 342 Simehnis
710 256 904 362 prophetici
1168 287 1209 350 ’15
1249 346 1257 375 κ

62 439 201 524 signum,
235 437 292 501 eui
315 436 559 504 contradicitur.
603 437 654 504 35.
676 435 766 523 Quin
791 447 823 504 et
843 447 929 502 tuam
947 437 1051 524 ipsius
1071 438 1209 504 animam

62 535 251 624 penetrabit
272 533 420 624 gladius,
445 548 480 604 ut
506 549 694 624 retegantur
716 559 753 603 ex
777 537 885 604 multis
914 537 1069 604 cordibus
1093 543 1212 626 cogita-

62 643 178 706 tiones.
222 639 279 703 36.
299 638 343 704 Et
366 651 436 704 erat
450 641 567 704 Henna
589 639 795 726 prophetissa
815 639 885 705 tilia
906 637 1055 704 Phanuel
1083 661 1101 706 e
1123 638 1212 706 trihu

62 745 155 806 Aser:
202 738 289 804 haec
312 749 515 826 processerat
543 743 576 805 in
598 739 729 806 multam
752 751 903 817 aetatem,
937 751 969 804 et
996 743 1118 805 vixerat
1138 763 1210 806 cum

63 845 129 907 rico
156 862 270 906 annos
292 851 416 926 septem
439 861 457 904 a
477 843 660 926 virginitate
682 863 750 908 sua.
791 841 842 908 37.
870 839 913 904 Et
934 837 1015 912 haec
1035 839 1133 905 vidua
1156 861 1212 906 an-

63 965 180 1008 norum
205 940 281 1004 iere'
300 943 466 1026 octoginta
481 953 629 1028 quatuor,
651 963 734 1029 quae
757 963 826 1008 non
845 939 1035 1008 discedebat
1048 964 1066 1007 e
1080 940 1213 1028 templo,

65 1043 198 1107 ieiuniis
220 1049 256 1103 et
276 1039 521 1130 precationibus
535 1043 675 1123 (Demo)
695 1041 809 1108 colens
831 1039 885 1107 die
908 1051 940 1106 ct
961 1053 1067 1108 nocte.
1096 1045 1148 1109 38.
1168 1043 1213 1109 Et
1277 1114 1279 1123 ,

63 1143 150 1220 haec,
174 1137 295 1206 eadem
318 1139 401 1208 hora
414 1147 655 1231 superveniens,
675 1145 814 1208 vicissim
830 1139 1212 1222 confitebaturDomiuo,

65 1257 93 1308 ct
113 1239 321 1328 loquebatur
344 1241 388 1307 de
409 1241 468 1308 illo
490 1244 656 1322 omnihus,
687 1246 745 1332 qui
766 1242 995 1328 exspectabant
1015 1243 1211 1332 redemptio-

64 1365 135 1408 nem
159 1345 196 1408 in
218 1341 408 1438 ierusalem.
448 1345 571 1418 39.,Et
598 1357 634 1410 ut
661 1343 868 1431 perfecerunt
895 1347 1003 1409 omnia
1031 1346 1209 1410 secuudum

65 1443 186 1530 Legem
208 1439 355 1520 Domini,
377 1446 502 1510 reversi
523 1455 598 1510 sunt
619 1447 653 1511 ih
675 1442 865 1524 Galilaeam,
885 1445 919 1510 in
942 1446 1101 1510 civitatem
1120 1467 1210 1512 suam

68 1543 242 1610 Nazareth.
1206 1550 1211 1565 ⁴

141 1745 191 1809 ὦ.
228 1748 323 1802 Potes·
341 1743 405 1801 ctus
423 1755 449 1800 et
467 1755 559 1802 mcccc
577 1745 724 1804 mam.
762 1743 834 1804 Non
853 1742 1001 1826 significat
1019 1742 1127 1819 Lucas,
1153 1742 1211 1805 oh-

68 1819 211 1900 stupuisse
252 1818 316 1880 uasi
338 1818 376 1878 ad
396 1825 458 1878 cem
477 1839 595 1894 noram,
614 1819 667 1880 sed
685 1830 858 1882 reverenter
869 1820 1081 1895 considerasse,
1101 1831 1131 1881 et
1152 1841 1209 1901 qua

67 1895 192 1980 decebat
212 1839 413 1955 admiratione
434 1894 581 1976 amplexos
602 1896 741 1970 essehoc
762 1897 889 1988 Spiritus
909 1897 1079 1958 vaticinium
1101 1917 1135 1959 ex
1156 1918 1210 1958 ore

71 1973 236 2050 Simeonis,
274 1983 309 2031 ut
333 1971 428 2054 magis
454 1994 487 2033 ac
515 1973 609 2056 magis
630 1973 660 2034 in
682 1973 793 2034 Christi
817 1973 994 2056 cognitione
1018 1973 1210 2056 proficerent.

69 2051 164 2128 Atque
185 2050 246 2109 hoc
267 2048 405 2128 exemplo
421 2050 572 2124 docemur,
592 2063 748 2142 postquam
768 2051 858 2114 semel
878 2049 984 2112 imbuti
1005 2051 1111 2112 fuirum
1128 2063 1209 2112 recta
1287 2059 1290 2075 ¹
1317 2089 1321 2102 ·

69 2127 139 2200 fide,
171 2125 345 2208 colligenda
371 2146 433 2185 esse
480 2145 652 2206 uaecunque
679 2149 710 2187 m
736 2127 798 2187 eius
826 2127 1082 2188 confirmationem
1107 2128 1209 2196 valere

70 2213 192 2292 possunt
211 2201 401 2262 adminicula.
440 2147 496 2262 Ille
516 2201 595 2263 euim
615 2205 731 2264 demum
751 2203 808 2264 rite
829 2204 961 2286 profecit
979 2205 1083 2264 inDei
1102 2204 1209 2279 verbo,

71 2301 117 2358 qus
137 2301 201 2339 non
223 2277 336 2340 desinit
353 2277 469 2356 mirari,
503 2279 643 2362 quicquid
689 2280 802 2344 uotidic
827 2301 862 2342 cx
881 2280 1013 2342 lectione
1037 2280 1087 2342 vel
1106 2281 1210 2342 auditu

69 2355 104 2415 ad
124 2357 287 2416 continuos
309 2355 379 2415 fidei
399 2376 571 2439 progressus
591 2303 714 2424 accedit.
1185 2371 1209 2386 '¹

136 2441 194 2500 34
234 2431 397 2492 Benedictis
413 2433 473 2494 s’tlr's
491 2434 619 2495 Simeon.
659 2433 693 2494 Si
713 2434 750 2493 ad
760 2435 828 2495 lose
850 2433 869 2492 h
891 2444 923 2494 et
940 2431 1065 2494 Mariam
1084 2433 1209 2510 cestriae

71 2529 133 2590 gas,
153 2508 233 2568 nihil
252 2509 312 2569 erit
333 2508 522 2586 difficultatis,
541 2511 593 2570 sed
614 2511 681 2601 qnia
700 2509 817 2571 ridetur
863 2530 930 2568 neas
951 2508 1103 2570 Christum
1122 2509 1225 2574 simut

72 2586 248 2668 complecti,
281 2585 383 2680 quaeri
402 2599 517 2666 posset,
548 2605 608 2678 quo
629 2608 693 2647 mre
720 2585 917 2646 benedicendi
944 2585 1007 2644 eius
1026 2605 1131 2644 munus
1150 2585 1210 2647 sibi

70 2663 257 2744 usurpaverit
278 2663 416 2722 Simeon:
449 2663 636 2724 benedicitur
656 2662 735 2724 enim
754 2661 888 2722 minora
909 2661 1038 2735 maiore,
1067 2671 1101 2718 ut
1120 2662 1211 2721 docet

69 2739 242 2820 apostotus.
259 2775 264 2792 ·
281 2738 400 2798 Deinde
420 2739 577 2803 absurdum
598 2739 724 2813 videtur,
744 2751 778 2799 nt
797 2759 900 2819 preces
920 2736 1064 2818 quispiam
1076 2735 1210 2796 mortalis

71 2817 160 2876 homo
182 2815 337 2896 concipiat
361 2836 416 2896 pro
443 2813 520 2876 Filio
540 2817 610 2878 Dei.
647 2819 707 2879 Res
731 2817 848 2891 ondeo‚
880 2813 1059 2898 Apostolum
1083 2832 1146 2873 non
1172 2813 1210 2874 de

72 2891 222 2972 qualibet,
248 2894 302 2952 sed
322 2903 434 2951 tantum
455 2894 491 2953 de
511 2893 686 2956 sacerdotali
707 2837 917 2954 benedictione
937 2889 1035 2974 loqui:
1064 2910 1131 2950 nam
1152 2889 1209 2949 hoa

71 2969 163 3030 mines
189 2969 248 3029 sihi
276 2969 347 3032 alias
371 2981 475 3030 mutuo
503 2969 581 3031 bene
607 2983 774 3052 precantur.
813 2969 908 3052 Magis
933 2979 1031 3028 autem
1052 2966 1211 3048 probabile

72 3059 130 3120 est,
163 3045 339 3106 Simeonem
367 3057 400 3106 ut
423 3047 575 3107 hominem
600 3049 746 3129 primurm
773 3059 803 3108 et
821 3067 911 3107 unmn
932 3043 1096 3126 quemlihet
1115 3065 1131 3106 e
1151 3064 1210 3126 po-

73 3124 143 3204 pulo
163 3123 223 3182 illis
243 3122 437 3197 benedixisse,
458 3145 543 3203 quam
559 3123 589 3184 in
609 3125 728 3206 publica
748 3144 890 3204 persona:
911 3144 989 3198 nam,
1010 3134 1043 3181 ut
1083 3121 1141 3182 cius
1162 3121 1209 3180 di-

72 3213 151 3260 ctum
171 3211 227 3274 est,
246 3221 389 3290 nusquam
402 3199 547 3261 Sacerdos
566 3201 655 3282 fnisse
675 3201 791 3264 dicitur.
817 3201 975 3264 Caeterum
995 3143 1080 3258 nihii
1090 3196 1209 3259 absurdi

73 3289 126 3352 est,
145 3277 170 3336 si
190 3277 350 3368 prousehci
370 3276 457 3367 regui
470 3276 589 3368 ,Christi
609 3299 743 3369 successu
764 3297 861 3368 orasse
882 3277 1022 3350 dicamus,
1042 3277 1110 3372 quia
1131 3275 1217 3336 hauc·
1282 3353 1289 3378 ἱ

73 3353 639 3510 titt10tl-tttttttttltltt
659 3354 923 3493 itttttt‘ti,
943 3351 1210 3490 iiiiiiffiisffi

75 3507 273 3568 communiter
292 3518 391 3568 tamen
412 3507 448 3566 ad
467 3508 533 3588 plos
555 3529 657 3568 omnes
676 3519 798 3589 spectat.
838 3505 902 3566 Hac
917 3507 1121 3567 admonitione
1134 3526 1209 3586 opus

75 3581 177 3644 babuit
193 3595 295 3644 sancta
316 3583 412 3664 virgo,
433 3605 470 3645 ne
490 3584 573 3645 lactis
594 3585 685 3645 initiis
705 3587 753 3665 (ut
768 3581 845 3644 solet
864 3581 1138 3664 plerumqueslieri)
1159 3603 1209 3642 ex-

73 3659 182 3720 sultans
218 3662 256 3721 ad
285 3661 473 3721 sustinendos
508 3661 606 3723 tristes
639 3673 761 3722 eventus
794 3660 890 3720 minus
920 3660 1084 3742 composita
1124 3667 1209 3718 essct.

74 3735 192 3798 Deinde
212 3759 251 3798 ne
273 3749 421 3818 speraret,
440 3739 589 3798 communi
608 3739 700 3799 totius
720 3737 825 3822 populi
844 3733 985 3875 applausu
1004 3733 1208 3814 recipiendum

76 3835 136 3875 esse
157 3815 327 3890 Christum,
353 3813 405 3875 sed
431 3815 529 3896 potius
553 3828 587 3876 ut
605 3815 718 3877 invicto
738 3813 828 3875 animi
847 3834 882 3873 ro
907 3835 959 3875 ore
979 3815 1114 3872 adversus
1134 3829 1218 3891 con-3¹

75 3893 177 3953 trarios
205 3911 309 3952 omnes
335 3890 457 3952 insultus
485 3892 598 3952 munita
631 3903 716 3952 esset
766 3889 890 3952 Interim
919 3909 992 3950 vero
1023 3903 1211 3949 communem

76 3967 127 4058 piis
148 3969 290 4030 omnibus
311 3967 476 4028 doctrinam
496 3969 614 4030 tradere
633 3968 729 4030 voluit
747 3967 806 4029 Dei
827 3967 971 4050 Spiritus,
996 3977 1043 4040 nt,
1068 3962 1209 4054 muudum

76 4047 162 4128 impia
182 4045 372 4106 coutumacia
393 4044 512 4106 Christo
532 4045 717 4109 resistentem
737 4058 909 4118 cernentes,
941 4065 1006 4103 cum
1026 4039 1079 4103 tali
1097 4039 1209 4100 nihilo·

75 4123 166 4184 miuus
186 4123 299 4182 duritie
318 4122 492 4205 confligant,
511 4143 608 4203 neque
629 4123 811 4205 frangantur.
850 4119 981 4195 Scimus,
1007 4138 1094 4198 quam
1119 4135 1209 4200 grace

76 4213 104 4260 et
122 4201 249 4262 arduum
269 4197 358 4262 nobis
378 4195 560 4260 obstaculum
581 4199 619 4259 sit
637 4198 738 4260 mundi
759 4197 963 4260 incredulitas:
984 4209 1013 4256 at
1035 4194 1209 4276 nisnperari

75 4277 197 4339 anobis
218 4274 380 4352 convenit,
409 4275 434 4336 si
455 4279 485 4335 in
507 4275 658 4337 Christum
677 4277 797 4338 credere
822 4273 964 4336 volumus.
1002 4217 1108 4352 licque
1130 4273 1211 4334 enim
1251 4284 1254 4294 ’

74 4377 200 4447 unquam
224 4355 265 4414 ita
285 4349 364 4413 hene
385 4353 567 4435 compositae
588 4352 708 4414 luerunt
726 4373 773 4413 res
795 4352 952 4424 humanae,
976 4361 1010 4410 ut
1028 4349 1124 4412 nuior
1142 4369 1209 4430 pars

75 4429 227 4496 Christum
254 4435 437 4512 sequeretur.
487 4431 590 4512 Quare
609 4430 660 4492 'his
684 4428 858 4492 rudimentis
888 4425 981 4490 imbui
1010 4444 1132 4490 accone
1156 4437 1212 4500 est,
