2768 4856
709 607 724 668 v
802 641 810 654 .

342 783 977 876 PRAEFATIO

171 971 235 1032 rs
299 971 724 1040 nnrrlounn
742 899 1085 1038 erronum

520 1213 718 1234 -ss-un--n

936 1146 1063 1164 ”’”
1133 1015 1202 1200 ‘''l

56 1410 97 1534 N
109 1466 248 1545 idemus
274 1470 348 1544 hot
370 1467 577 1574 plerumque
590 1458 668 1548 ⁴usu
688 1469 880 1562 ventrem
897 1473 1020 1574 coepta
1034 1469 1198 1546 salubria·

58 1585 260 1690 saeculoque
296 1601 530 1664 consentanea
566 1587 660 1691 apud
696 1589 891 1693 plerosque
917 1587 1076 1664 imitandi
1106 1603 1184 1662 stu-

60 1699 145 1776 dium
173 1705 349 1780 excitent:
374 1701 529 1780 Vixdum
549 1705 683 1782 Calvini
707 1709 743 1782 in
766 1706 926 1811 epistolas
950 1712 995 1784 N.
1021 1707 1062 1784 Τ.
1086 1717 1184 1780 com-

58 1823 209 1896 mentarii
241 1819 375 1924 publici
409 1821 493 1897 iuris
523 1824 608 1900 facti
637 1831 752 1914 erant,
788 1851 868 1900 eum
901 1823 946 1899 de
977 1819 1197 1898 recudendis·

59 1937 88 2008 in
120 1935 278 2041 reliquos
314 1940 361 2015 Ν.
394 1941 438 2014 Τ.
474 1937 582 2016 libros
614 1935 868 2035 commentariis
896 1935 1088 2045 cogitarent
1115 1938 1185 2028 alii,

60 2052 109 2127 alii
139 2053 183 2128 ad
216 2085 348 2130 novam
383 2055 551 2158 praeclari
572 2059 828 2134 Institutionum
856 2058 970 2162 operis
992 2055 1184 2160 parandam

60 2169 241 2248 editionem
282 2173 436 2248 animum
473 2171 668 2252 adiicerent.
743 2179 799 2252 De
827 2175 1011 2279 posteriori
1039 2171 1183 2248 consilio

62 2289 276 2392 exsequendo
308 2289 396 2364 dum
431 2288 548 2366 adhuc
580 2291 677 2369 dubii
700 2295 845 2368 haerent
869 2287 1042 2380 auctores,
1059 2289 1185 2392 ¹priori
1248 2318 1251 2328 ·

64 2421 228 2482 strenuam
264 2405 411 2482 ma'nurn
439 2407 595 2487 admovit
622 2409 803 2486 Eich'lerus
833 2397 1024 2544 bibliopola
1050 2403 1193 2482 Beroti-=

64 2527 183 2622 nensis,
238 2525 298 2630 qui
335 2551 537 2628 quanquam
566 2523 757 2602 destitutus
796 2527 938 2601 eximiae
976 2521 1190 2598 liberalitatis
1228 2626 1234 2642 „

67 2641 225 2732 subsidio,
271 2671 345 2776 quo
376 2639 511 2718 adiutus
539 2642 809 2719 commentarios
833 2643 869 2716 in
894 2639 1054 2743 epistolas
1073 2641 1119 2714 N.
1142 2643 1185 2712 Τ.

66 2761 198 2834 minimo
222 2757 345 2862 pretio
368 2741 556 2843 divendere
580 2760 675 2836 licuit
699 2747 913 2898 bibliopolae
934 2755 1084 2844 Helena,
1109 2753 1187 2830 nul-

64 2873 108 2950 lus
138 2895 261 2952 tamen
291 2874 464 2972 dubitavit
488 2907 617 2954 novam
650 2877 807 2952 omniurn
838 2877 874 2952 in
902 2879 946 2952 N.
977 2881 1019 2950 Τ.
1051 2871 1186 2949 Caluini

64 2993 396 3070 commentariomm'
427 2991 615 3068 editionem
647 3011 779 3097 septem
804 2991 1042 3073 voluminibus
1073 2991 1186 3068 eonsi-

11 3151 12 3168 ι
61 3129 197 3187 stentem
229 3110 332 3214 prelo
361 3111 581 3200 submittere,
618 3112 758 3213 eiusque
790 3111 954 3186 volumen
986 3117 1036 3186 nt
1069 3109 1187 3196 et'lV,
1224 3155 1227 3162 ·

61 3259 143 3330 quae
175 3234 287 3304 Acta
318 3232 596 3330 Apostolorum
620 3231 725 3330 alque
748 3229 999 3328 Evangelr'um
1023 3225 1186 3301 Iounnr‘s

61 3345 351 3449 complectuntur,
390 3343 498 3419 nitide
524 3341 581 3419 illa
607 3347 702 3448 typis
722 3363 825 3446 atque
848 3341 1010 3448 singulari
1035 3340 1106 3416 fide
1130 3369 1187 3414 ex-

62 3493 182 3564 pressa,
205 3463 331 3566 pretio,
353 3491 380 3536 sr
371 3461 571 3582 ambitum
595 3461 673 3536 libri
699 3464 868 3552 aestimas,
892 3459 1083 3537 admodum
1109 3487 1187 3532 mo

62 3577 135 3654 dico
166 3609 283 3682 nuper
314 3555 498 3682 evulgavit.
562 3578 744 3654 Prioribus
774 3579 912 3656 duobus
943 3573 1187 3661 voluminibus,

63 3725 145 3798 quae
179 3727 278 3773 nunc
316 3699 515 3774 offeruntur
552 3696 730 3774 benevolis
754 3697 956 3784 lectoribus,
1002 3711 1040 3768 ut
1069 3691 1186 3824 paucis

64 3815 233 3914 praefarer
254 3817 361 3890 suasit
382 3817 513 3917 negotii
539 3833 678 3924 apctor,
707 3813 909 3889 adhortatus
937 3809 1056 3894 simul,
1080 3826 1133 3894 ut,
1159 3807 1188 3882 si
1246 3812 1254 3831 '

65 3933 130 4005 fieri
155 3950 285 4035 posset,
310 3932 589 4010 lucubrationem
613 3931 658 4007 de
682 3931 889 4034 praestantia
911 3929 1081 4004 librorum
1109 3925 1187 4002 Cal-

66 4048 126 4122 vini
152 4050 414 4152 exegeticorum
444 4051 507 4124 toti
538 4050 637 4154 operi
659 4048 894 4151 adiungerent.
950 4042 1079 4123 Nobile
1104 4073 1188 4146 pro·
1225 4130 1229 4144 ι

68 4165 147 4238 lecto
182 4169 388 4256 consilium,
428 4165 527 4270 quud
561 4165 754 4242 admodum
785 4165 870 4240 mihi
902 4163 1021 4238 arrisit.
1092 4159 1187 4258 Quid

12 4269 13 4300 ³
68 4283 146 4360 enim
166 4288 280 4390 magis
302 4301 599 4374 consentaneum,
635 4311 739 4384 quam
761 4299 800 4357 ut
822 4278 986 4382 operibus
1010 4307 1189 4355 commen-

68 4405 169 4483 tatoris
203 4400 441 4493 immortalis,
483 4431 572 4505 quae
602 4429 680 4478 curn
713 4414 880 4504 perpetua
909 4397 981 4472 iere
1015 4393 1189 4469 oblivione
1261 4441 1264 4448 -
