2778 4838
135 213 178 282 Β
365 197 481 272 se'ot.
501 207 584 272 xlv.
621 171 800 270 urnacucn
818 219 862 267 rr
881 175 1066 294 santones.¹

116 389 119 400 ¹
139 359 186 446 git
203 359 366 424 accendere
384 383 447 424 non
468 361 662 438 dubitaverit,
680 363 823 424 discamus
842 360 906 422 eius
923 357 1069 438 exemplo,
1088 375 1152 417 non
1169 374 1307 438 magno.

142 461 215 520 pere
235 439 395 502 curandum
415 461 477 502 esse
497 443 530 500 ul
549 425 685 502 omnihus
705 439 843 519 placeant
861 436 939 497 sacta
959 455 993 494 ac
1013 435 1090 494 dicta
1106 445 1219 493 nostra.
1247 434 1308 494 Di-

145 515 250 596 scipuli
268 526 368 575 tamen
387 518 436 594 (ut
455 516 575 580 rudibus
595 529 625 579 et
642 515 769 577 indoctis
778 537 844 574 snos
865 519 922 590 est)
944 507 1094 573 Christum
1113 509 1309 572 incommode

143 603 176 652 et
186 611 350 683 perperam
369 593 566 674 respondisse,
586 614 620 656 ex
640 606 746 654 eventu
764 592 859 652 minus
879 587 1011 650 secundo
1031 587 1205 648 conieciunt.
1237 587 1309 647 Hac

144 689 224 732 enam
243 681 356 752 spectat
375 690 478 730 eorum
498 670 675 745 admonitio,
706 680 739 728 ut
759 668 893 733 Christus
917 665 1048 745 asperius
1073 663 1184 726 dictum
1210 665 1310 724 corri-
1380 713 1381 720 ,

132 745 245 824 ‘gendo
266 744 399 809 offensos
418 743 532 808 animos
551 747 645 808 lenire
663 744 788 807 studeat
832 745 900 804 Hoc
919 743 983 813 scre
1003 739 1138 802 sollenne
1159 751 1207 802 εει
1224 739 1309 801 infir-

143 821 213 892 mis,
232 820 348 884 sinistre
368 821 497 885 iudicare
519 822 554 883 de
575 823 725 898 doctrina,
756 843 842 903 quam
867 819 971 882 vident
993 818 1102 898 iniquis
1127 829 1159 877 et
1178 818 1310 879 adversis

145 897 265 957 auribus
285 897 387 978 accipi.
425 899 465 958 Et
485 909 565 959 certe
587 899 748 980 optandum
767 909 858 972 essct,
897 917 960 956 eam
987 894 1103 976 placide
1124 906 1155 954 et
1173 893 1241 953 sine
1263 893 1309 953 os-

143 973 228 1034 lensa
247 971 369 1052 probari
387 975 520 1036 omnium
533 975 692 1056 suffragiis,
711 976 764 1036 secl
776 975 844 1054 quia
854 973 1013 1034 multorum
1032 983 1148 1033 mentes
1168 981 1312 1032 excoecat

145 1047 248 1126 Satan,
268 1062 299 1110 ct
318 1051 408 1111 corda
430 1051 519 1112 etiam
536 1052 567 1112 in
588 1053 701 1112 rabiem
718 1050 863 1126 accendit,
881 1049 986 1110 multas
996 1049 1082 1108 etiarn
1095 1047 1207 1111 animas
1219 1047 1310 1110 bruto
1380 1071 1381 1076 ¹

143 1136 267 1204 stupore
287 1125 407 1190 obrutas
426 1140 520 1200 tenet,
539 1127 603 1189 ficri
623 1133 685 1188 non¹
705 1138 805 1210 potest
823 1138 856 1188 ut
877 1126 1012 1187 omuibus
1028 1126 1124 1206 sapiat
1132 1135 1216 1184 recta
1230 1122 1309 1184 salu-

118 1199 182 1264 'tit
201 1202 350 1264 doctrina:
370 1204 544 1284 praesertim
558 1226 630 1266 vero
644 1203 925 1286 exasperari'mirum
946 1221 1008 1262 non
1029 1214 1084 1277 εει,
1105 1201 1156 1282 qui
1174 1199 1310 1259 malitiae

145 1289 177 1337 et
195 1281 399 1340 contumaciae
419 1281 497 1342 viros
516 1281 593 1341 intus
612 1282 725 1342 fovent.
763 1280 870 1342 Danda
891 1281 1115 1418 puidcruopera
1135 1287 1187 1351 est,
1206 1278 1309 1355 quoad
1380 1277 1381 1328 l

145 1352 316 1430 licebitne
337 1377 393 1438 qua
413 1379 448 1419 ex
466 1369 567 1418 nostra
587 1359 714 1420 docendi
733 1358 849 1422 ratione
869 1378 888 1416 o
917 1355 998 1416 cosio
1019 1367 1165 1430 nascatur,
1184 1353 1237 1413 scd
1257 1373 1309 1412 ex-

145 1441 258 1493 tremae
274 1428 408 1496 insaniae
430 1435 523 1510 soret,
561 1433 638 1496 velle
658 1435 744 1495 nohis
764 1435 937 1515 prudentius
950 1431 1108 1506 moderari,
1127 1449 1215 1510 quam
1236 1429 1309 1490 edo-

146 1505 188 1566 cti
206 1529 303 1569 sumus
323 1531 339 1570 a
360 1510 483 1572 coelesti
501 1531 547 1570 ma
571 1511 652 1571 istro.
692 1511 832 1572 Videmus
852 1524 962 1582 autem,
980 1519 1013 1570 ut
1034 1529 1068 1568 ex
1088 1509 1150 1570 eius
1169 1525 1310 1566 sermone

144 1597 260 1664 sumpta
280 1587 370 1650 luerit
387 1587 425 1647 ab
445 1531 591 1666 improbis
617 1599 648 1650 et
666 1587 811 1668 perversis
831 1587 1000 1648 hominihus
1025 1583 1155 1646 scandali
1176 1583 1309 1644 occasio:

143 1660 206 1722 imo
226 1661 366 1740 ridemus,
386 1675 419 1722 ut
437 1663 515 1725 illam
536 1663 665 1726 scandali
680 1664 821 1744 speciem,
840 1684 916 1744 quae
927 1663 1056 1746 maligne
1070 1673 1225 1722 contracta
1237 1669 1309 1736 erat,

146 1757 253 1816 susque
273 1741 309 1805 de
332 1761 368 1798 uc
389 1737 533 1799 babuerit.
1122 1776 1126 1782 =
1270 1731 1275 1751 '

221 1821 268 1881 te
311 1761 413 1878 branis
428 1815 572 1892 plorantia
587 1831 640 1879 etc.
680 1813 758 1892 Qula
781 1819 878 1877 minus
898 1835 1043 1906 prospero
1068 1813 1308 1904 doctrinaesuc-

146 1909 228 1952 sessu
248 1890 392 1952 uulnerati
413 1904 497 1952 erant
511 1893 629 1954 debiles
647 1893 755 1968 animi,
781 1892 915 1954 Christus
935 1892 1002 1953 burc
1022 1891 1100 1953 malo
1120 1891 1237 1950 mederi
1257 1909 1308 1952 vu·

145 1963 208 2024 luit.
247 1966 315 2027 Hoc
335 1979 432 2028 autem
452 1971 612 2034 remedium
633 1969 764 2048 adhibet,
783 1991 846 2031 non
866 1991 928 2032 esse
948 1969 1029 2048 quod
1048 1967 1210 2031 turbentur
1224 1965 1310 2040 boni,

144 2041 194 2102 vel
213 2041 308 2105 minus
329 2045 492 2106 honorilice
513 2047 549 2106 de
562 2045 695 2108 doctrina
705 2047 844 2120 sentiant,
864 2045 992 2127 quamvis
1012 2043 1110 2104 multis
1129 2044 1161 2103 in
1181 2054 1308 2104 mortem

148 2117 241 2183 cedat
280 2121 390 2184 inscite
410 2122 456 2183 bic
473 2119 559 2186 locus
576 2123 733 2204 exponitur
747 2141 767 2184 'a
788 2123 971 2214 quibusdam,
991 2123 1072 2202 quod
1092 2120 1193 2181 omnia
1213 2119 1309 2180 horni-

147 2213 217 2290 nnm
237 2197 393 2281 figmenta,
414 2211 445 2262 et
464 2199 603 2278 quicquid
621 2222 658 2260 cx
678 2221 730 2262 ore
743 2201 803 2260 Der
822 2199 990 2280 profectum
1010 2219 1072 2260 non
1093 2209 1147 2272 est,
1168 2196 1256 2258 evelli
1275 2217 1309 2256 ac

146 2287 416 2364 perrrenoporteat:
436 2297 503 2336 nam
524 2279 560 2337 ad
580 2277 714 2340 homines
734 2278 832 2358 potins
845 2274 980 2337 Christus
999 2275 1138 2356 respexit,
1158 2295 1192 2336 ac
1208 2293 1309 2334 sensus
1330 2291 1337 2300 ·
1380 2311 1381 2354 1

148 2361 202 2424 est,
221 2373 327 2414 mrrum
347 2374 408 2412 non
430 2373 503 2428 esse,
522 2353 547 2414 si
566 2352 703 2434 reprobis
723 2353 876 2414 mortifera
897 2364 941 2412 est
960 2352 1058 2414 salutis
1074 2350 1221 2425 doctrina,
1241 2348 1309 2430 quia

146 2443 263 2508 111119οι
289 2428 319 2487 in
344 2429 477 2505 exitium,
510 2429 557 2492 cui
578 2431 678 2492 devoti
704 2443 787 2505 sunt,
816 2428 992 2510 praecipites
1016 2427 1162 2490 seruntur.
1207 2427 1310 2502 Quare

145 2501 293 2580 plantatos
304 2505 363 2566 Dei
375 2529 463 2567 manu
473 2506 618 2590 intellige,
639 2509 689 2588 qui
708 2507 836 2592 gratuita
855 2507 917 2570 eius
937 2507 1098 2586 adoptione
1118 2505 1149 2563 in
1170 2504 1309 2566 arborem

146 2577 223 2640 vitae
244 2581 419 2660 insitorum,
438 2584 523 2644 sicuti
544 2595 573 2646 ει
592 2585 699 2645 Iesaias
718 2597 890 2645 renovatam
906 2581 1016 2642 Christi
1036 2582 1130 2664 gratie
1143 2581 1309 2642 Ecclesiam

146 2667 235 2716 vocat
253 2678 377 2740 germen,
395 2682 411 2720 a
431 2661 563 2722 Domino
589 2661 753 2742 plantatum
777 2662 850 2742 (les.
870 2666 925 2734 60,
943 2661 1017 2738 21.).
1055 2657 1153 2721 Porro
1181 2657 1249 2738 quia
1276 2677 1310 2716 ex

147 2731 209 2793 sola
220 2734 278 2794 Dei
299 2735 445 2796 electione
464 2748 508 2796 est
526 2736 613 2812 salus,
632 2737 779 2830 reprobos
798 2736 896 2817 perire
915 2755 1036 2796 necesse
1056 2745 1110 2810 εει,
1131 2736 1311 2870 quocunpue

145 2807 177 2868 id
197 2809 248 2872 fiat
266 2813 372 2872 modo:
392 2833 455 2872 non
468 2814 547 2902 quod
560 2814 642 2874 Deus
659 2813 795 2873 rnnoxios
816 2825 846 2874 et
862 2812 943 2872 omni
961 2811 1045 2892 culpa
1064 2831 1175 2872 vacuos
1193 2829 1250 2890 per
1272 2819 1312 2884 at,

142 2883 196 2947 sed
214 2886 283 2967 quia
304 2887 359 2965 ipsi
377 2909 499 2977 propria
518 2889 627 2949 malitia
648 2890 786 2969 quicquid
808 2888 940 2950 oblatum
960 2898 1014 2964 εει,
1034 2885 1197 2967 quamlibet
1211 2887 1249 2946 sit
1263 2904 1303 2946 sa·
1380 2905 1381 2974 j

146 2957 257 3038 lutare,
284 2963 314 3020 in
341 2963 457 3022 cratium
481 2987 564 3024 suum
591 2977 777 3026 convertunt.
816 2967 862 3025 Ita
882 2965 915 3024 fit
934 2975 967 3024 nt
986 2977 1093 3046 sponte
1107 2962 1310 3100 percuntibus
1380 2979 1381 3020 ι

145 3037 339 3117 Evangeliurn
356 3039 433 3099 odor
451 3041 489 3102 sit
507 3042 609 3100 mortis
629 3041 661 3101 in
680 3053 911 3115 mortem‚·›teste
922 3041 1015 3102 Paulo
1036 3042 1093 3120 (ΙΙ.
1126 3045 1223 3114 ont,
1238 3041 1311 3118 ao.)

143 3113 209 3175 Etsi
228 3114 307 3182 enim
328 3115 463 3177 omnibus
483 3117 514 3176 in
533 3117 655 3178 salutem
674 3119 865 3210 proponitur,
885 3119 963 3178 hunc
982 3130 1082 3178 tamen
1099 3117 1230 3176 fructum
1246 3137 1310 3178 non

143 3188 260 3268 profert
279 3191 335 3251 nisi
355 3192 386 3252 in
407 3192 516 3254 electis.
555 3194 621 3254 Fidi
642 3207 729 3255 cnam
749 3207 780 3258 ει
798 3195 888 3276 probi
908 3194 1039 3255 doctoris
1061 3206 1115 3270 εει,
1135 3193 1176 3254 sic
1190 3205 1309 3272 tempe·

134 3285 209 3325 vrare
229 3265 297 3344 quic
320 3268 370 3328 uid
390 3269 508 3332 adducit
526 3271 557 3332 in
576 3273 715 3346 medium,
734 3283 768 3332 ut
783 3269 1036 3352 omnibusprosit,
1056 3271 1107 3332 sed
1120 3269 1239 3350 quoties
1256 3269 1310 3330 ali-

140 3351 189 3432 tcr
208 3289 353 3434 succedit,
378 3349 568 3410 consolemur
592 3371 648 3410 nos
670 3346 781 3412 Christi
806 3369 960 3440 responso.
999 3348 1107 3413 Pulcre
1134 3360 1234 3408 autem
1259 3365 1310 3407 er·

141 3421 243 3499 premit
261 3421 440 3496 similitudo,
460 3445 574 3486 causam
596 3426 675 3486 exitii
694 3446 757 3486 non
778 3445 840 3487 esse
860 3447 889 3484 cn
911 3425 1063 3499 doctrina,
1088 3425 1139 3484 sed
1159 3423 1308 3505 reprobes

57 3557 61 3574 ,
107 3533 110 3546 ι
142 3495 192 3573 qui
212 3496 322 3559 nullam
342 3501 372 3560 in
392 3499 461 3562 Deo
481 3502 611 3567 radicem
632 3501 757 3578 bahent,
778 3501 895 3562 obiecta
915 3500 972 3566 sibi
993 3499 1143 3575 doctrina,
1171 3519 1306 3562 eruorem
1380 3537 1381 3540 =

89 3581 94 3599 ¹
141 3573 290 3638 occultum
313 3595 478 3653 venenum,
502 3579 620 3640 ot.sibi
645 3591 770 3640 mortem
799 3579 982 3652 accelerent,
1008 3579 1055 3638 cui
1075 3578 1133 3638 iam
1154 3589 1236 3638 erant
1255 3575 1306 3636 ad·
1380 3637 1381 3664 ,

98 3729 104 3734 ⁵
141 3648 222 3710 dicti.
260 3651 345 3714 Adde
366 3655 447 3735 quod
468 3655 653 3735 hypocritas,
679 3657 730 3736 qui
749 3656 888 3716 ridentur
907 3658 943 3716 ad
964 3667 1080 3735 tempus
1101 3655 1194 3714 instar
1214 3653 1308 3714 bona·

141 3747 207 3788 rum
227 3729 365 3794 arborum
385 3731 521 3812 plantati,
539 3733 706 3811 specialiter
719 3729 853 3795 Christus
874 3733 1015 3814 designat.
1055 3729 1200 3812 Epicurei
1221 3729 1311 3802 enirn,

140 3805 314 3882 quircrasso
342 3820 372 3868 et
397 3808 501 3871 insarni
519 3808 579 3868 Dei
605 3821 725 3869 contem
750 3821 780 3868 tu
809 3821 877 3870 sunt
903 3807 1066 3884 notabiles,
1091 3807 1312 3870 condirentur

137 3883 260 3963 proprie
280 3883 387 3944 similes
408 3905 470 3946 esse
490 3884 664 3962 arboribus,
689 3831 746 3946 sed
765 3884 797 3948 lu
819 3882 924 3978 quibus
954 3884 1051 3966 aliqua
1079 3885 1174 3960 io‘anis
1194 3882 1312 3966 pietatis

137 3960 249 4036 species
270 3961 384 4022 emicat
424 3960 512 4020 Tales
528 3973 619 4021 crant
637 3963 764 4038 scribae,
785 3985 836 4042 qur
857 3964 891 4024 in
908 3962 1044 4024 Ecclesia
1062 3961 1123 4021 Dei
1142 3981 1208 4023 non
1229 3981 1310 4021 secus

137 4055 172 4092 ac
184 4033 264 4094 cedri
280 4037 310 4096 ie
322 4037 439 4104 Libano
450 4037 635 4100 eminebant:
655 4059 716 4129 quo
737 4040 832 4121 magis
857 4039 984 4101 absurde
1002 4037 1096 4100 videri
1116 4049 1240 4118 poterat
1257 4055 1310 4096 eo-

136 4127 201 4176 rum
228 4113 367 4175 defectio.
407 4115 505 4174 Porro
527 4136 620 4194 quom
647 4115 744 4176 drcere
772 4127 874 4196 posset
902 4117 1051 4192 Christus,
1075 4115 1185 4176 merito
1213 4114 1311 4194 perire
1380 4141 1381 4198 p

137 4186 456 4273 quisalntemindigno
469 4203 624 4271 respuunt,
645 4191 730 4256 altius
753 4193 937 4266 conscendit,
957 4213 991 4254 ac
1011 4211 1180 4272 quenquam
1201 4210 1307 4272 perpe·

138 4272 191 4324 tuo
207 4273 348 4332 staturum
367 4280 468 4348 negat,
488 4267 544 4327 nisi
565 4268 646 4328 cuius
667 4267 743 4330 salus
761 4270 794 4330 in
813 4269 873 4330 Dei
893 4269 1040 4332 electione
1060 4269 1116 4330 fixa
1135 4279 1190 4329 est
1233 4265 1309 4342 Qui-

143 4337 312 4406 horestis
333 4342 441 4410 diserte
468 4343 620 4434 caprhnit,
644 4346 771 4434 primam
789 4345 888 4418 salotis
908 4357 1027 4414 nostrae
1049 4345 1196 4430 originem
1216 4345 1308 4412 liuere
