2756 4838
223 203 320 308 (iil-y
343 199 521 267 Tahemasii
538 201 653 286 tempto
672 201 759 286 putat
797 201 885 268 Ficus
904 201 1059 284 oetaeo.)
1163 209 1223 274 m

70 355 259 432 Quantnmria
278 356 357 418 euim
375 357 624 440 multiplec'tunc
647 368 725 420 esset
743 357 976 420 ceremoniarum
996 356 1094 437 copia,
1113 357 1223 421 docete

68 447 161 496 tamen
180 433 311 496 breviter
328 433 454 495 Iudaeos
473 435 568 498 voluit
585 435 677 508 Deus,
697 455 837 516 quorsom
845 433 909 495 illas
920 454 1023 496 omnes
1042 431 1148 494 relerri
1168 435 1222 496 de-

68 522 159 584 ceret,
182 531 291 592 nempe
310 521 344 572 ot
362 511 554 602 spiritualiter
573 511 669 592 ipsum
689 511 838 587 colerent,
866 510 952 573 sicuti
970 510 1076 572 charius
1096 509 1227 572 hahetur

67 587 178 648 Psalmo
197 593 246 652 tttt.
284 585 360 648 Nam
379 587 438 648 rllic
459 609 518 668 quo
541 609 577 648 ue
595 588 678 648 Deus
698 589 795 648 omnia
814 588 933 679 pietatis
946 587 1084 648 exercitia
1096 587 1132 647 ad
1152 607 1226 668 pre-

33 665 40 676 ‘
67 663 208 726 catiouem
228 675 357 726 revocat.
394 670 435 724 At
453 611 632 745 sordescis&
652 665 743 726 illm
789 665 944 746 Significat
969 665 1118 740 Christus,
1147 683 1223 755 que-

67 740 215 804 rimlouiam
235 741 379 802 Ieremias
398 753 569 824 competere
589 741 675 802 etiam
694 742 725 802 in
740 765 824 802 suum
836 753 962 833 tempus,
981 761 1041 822 quo
1053 761 1117 802 non
1126 761 1226 802 minuo

67 816 192 878 vitiatum
213 829 276 878 erat
294 815 445 909 templum.
484 818 635 912 Propheta
660 819 699 900 hy
722 819 828 880 ceritas
855 817 1010 898 obiurgat,
1043 817 1092 896 qui
1119 817 1224 897 templi

65 891 165 958 fiducia
185 893 329 974 peccandi
349 895 495 956 ltcentiaru
506 897 561 957 siht
572 840 775 978 indulgelhut
804 896 878 956 Nam
891 916 980 974 quum
991 893 1051 956 Dei
1064 893 1222 955 eonsilium

67 981 145 1044 esset,
165 971 292 1032 Iudaeos
302 971 429 1032 externis
444 971 593 1052 symbolis,
613 973 696 1052 quasi
713 972 895 1045 rudimentis,
915 971 951 1032 ad
966 979 1066 1032 sertin
1080 970 1223 1050 pietatem

67 1045 226 1122 instituere,
244 1047 330 1108 sicuti
350 1047 512 1130 hypocritis
531 1048 668 1112 sollenne
681 1060 734 1124 est,
754 1049 815 1110 eim
827 1049 980 1108 veritatem
995 1047 1228 1110 convertet-ein.

65 1124 244 1188 mendatium
263 1124 531 1204 (quasirsulficeret
550 1125 675 1186 externis
687 1125 863 1188 ceremoniis
883 1126 952 1186 dare
973 1127 1121 1204 operam),
1142 1123 1224 1184 'naui

65 1201 163 1280 templi
183 1212 337 1282 praetextu
356 1202 491 1264 contenti
512 1213 604 1264 erant
642 1201 796 1264 Reclamat
815 1213 913 1264 antem
930 1199 992 1262 Pro
1015 1201 1099 1275 heta,
1155 1201 1224 1260 enni

65 1277 171 1368 templo
189 1277 313 1338 minime
332 1279 448 1340 allisum
470 1291 531 1341 'esse
542 1277 591 1338 vel
601 1278 777 1338 ceremoniis
790 1277 951 1359 alligatum,
969 1279 980 1336 i
1001 1288 1097 1356 eoque
1110 1275 1223 1336 fallaci-

65 1363 106 1412 ter
124 1356 227 1416 ractari
246 1354 350 1447 templi
361 1376 483 1446 nomen,
503 1354 584 1435 quod
602 1354 771 1434 speluncam
787 1354 935 1414 latronum
955 1353 1097 1414 fecerant.
1127 1351 1225 1412 Sicuti

64 1430 136 1490 enim
156 1431 293 1494 audacius
312 1455 345 1492 ιιι
363 1453 453 1492 suess
477 1431 588 1520 eluucis
603 1443 734 1522 peceant
753 1430 893 1521 latrones,
914 1428 982 1521 quia
1001 1429 1031 1490 id
1050 1449 1082 1490 se
1101 1429 1227 1508 impune
1324 1485 1336 1500 ,

64 1509 213 1570 confidunt
232 1508 377 1582 sueonos,
402 1508 444 1572 sic
456 1454 626 1590 hypocrrtrs
645 1528 680 1568 ex
699 1503 808 1570 lieticio
829 1518 946 1587 pretatis
970 1505 1099 1567 obtentu
1118 1505 1226 1568 mestit
1300 1513 1303 1524 '

65 1584 189 1662 audacia,
205 1595 240 1644 ut
250 1585 320 1646 Deo
336 1586 554 1667 propemodum
567 1583 692 1646 illudere
703 1575 775 1646 nort‘
781 1583 925 1645 dubitent.
961 1582 1067 1643 Porro·
1080 1582 1147 1662 quia
1157 1603 1224 1664 rue-

62 1661 359 1796 taphonaopeluucae
378 1663 415 1724 ad
435 1680 538 1722 omues
548 1663 732 1742 corruptelas
749 1661 925 1736 extenditur,
942 1659 1040 1722 locusn
1052 1659 1223 1739 Prophetae
1331 1718 1335 1748 ,

109 1739 194 1800 sistus
213 1759 232 1797 o
276 1739 432 1800 ortuuead
464 1749 629 1800 raesentem
642 1745 918 1800 causamaccommo
957 1749 978 1795 t.
1076 1747 1202 1816 rturapu

64 1735 87 1794 C
233 1759 273 1818 pp
443 1759 462 1819 p
920 1735 957 1796 da
1006 1735 1084 1796 Add‘
1205 1735 1226 1796 d

62 1811 209 1889 Marenen,
227 1817 354 1876 vetuisse
365 1813 525 1888 Christum,
544 1834 583 1879 ne
599 1816 664 1894 quis
680 1836 732 1876 vas
743 1835 798 1896 pec
816 1814 958 1893 templum
971 1813 1078 1874 ferret:
1099 1813 1157 1873 hoc
1169 1824 1226 1888 est,

63 1909 120 1949 non
141 1913 204 1954 esse
224 1913 350 1971 passum,
369 1891 525 1973 quicquam
537 1891 598 1952 illic
618 1892 737 1954 asacris
754 1891 882 1954 alienum
897 1889 1033 1972 spectari.
1061 1890 1230 1950 Namoaiis

63 1969 179 2030 nomine
191 1969 323 2030 Hebraei
335 1971 456 2049 quodvis
466 1967 658 2048 supellectilis
679 1989 772 2052 genos
792 1979 906 2029 uotam.
940 1967 977 2026 In
995 1987 1116 2039 summa,
1138 1967 1223 2047 quic-

63 2043 128 2121 quid
148 2045 252 2125 templi
272 2045 454 2108 reverentiae
475 2058 506 2106 et
523 2045 668 2106 maiestati
687 2046 835 2120 obstabat,
855 2043 989 2106 Christus
1008 2043 1133 2104 sustulit.

133 2129 181 2186 ll·
207 2123 414 2214 florescerent
436 2126 514 2184 coeci
537 2135 564 2182 et
582 2119 689 2182 eleusii.
732 2121 959 2213 Neauctoritas
978 2119 1146 2214 illm-qnam
1166 2119 1225 2180 sihi

62 2209 177 2328 praeter
203 2211 339 2288 usitatum
366 2219 480 2286 murem
504 2209 696 2287 usurpaverat
719 2199 870 2272 Christus,
897 2206 1069 2283 temes-status
1087 2207 1226 2274 suspecta

61 2286 236 2424 scetes
252 2272 564 2430 occultaret
588 2271 1225 2440 listenedaccedet
1276 2397 1284 2415 ,

59 2423 1225 2590 ,tscatersestertia„lassescenttt{estc

60 2577 168 2638 rmitari
187 2577 246 2640 hoc
308 2579 371 2667 ristr
390 2578 508 2651 lactum,
528 2598 567 2638 ue
586 2598 618 2640 se
638 2577 857 2638 inconsiderate
876 2573 1024 2637 rusolrum
1034 2574 1161 2666 lllesssae
1173 2595 1224 2634 ex-

60 2653 154 2714 tollat.
192 2655 262 2715 Hoc
302 2653 398 2716 undem
418 2655 578 2716 tenendum
598 2666 652 2728 est,
672 2652 791 2720 claudos
812 2665 843 2714 et
855 2671 972 2726 coecos,
992 2673 1043 2731 qm
1053 2662 1146 2710 sanate
1157 2651 1226 2712 lue-

62 2743 156 2806 eruut,
176 2743 265 2792 testes
281 2675 373 2792 luisse
390 2729 505 2792 divinae
518 2731 631 2792 Christi
646 2731 774 2806 virtutis,
790 2729 850 2792 acsi
868 2728 951 2790 Deus
972 2748 989 2788 e
1009 2725 1096 2790 coelo
1117 2726 1225 2789 turbae

62 2809 253 2884 praeconium
271 2827 323 2868 soa
341 2828 418 2870 voce
435 2807 573 2872 sanciret.
1052 2855 1057 2862 .

136 2893 184 2952 15,
344 2881 478 2946 sidissesrt
500 2887 660 2962 principes.
701 2883 796 2944 Lucas
820 2893 937 2960 narrat,
965 2879 1145 2942 Pharisaeos
1165 2879 1224 2944 iam

64 2959 92 3018 io
111 2962 156 3022 via
176 2983 232 3023 coe
254 2962 508 3042 isseohstrepere.
537 2961 603 3022 soti
617 2973 689 3022 tnnc
710 2959 845 3042 discipuli
866 2957 1044 3020 clamabant:
1064 2957 1122 3017 illis
1135 2957 1224 3022 vulu-

65 3049 149 3127 erunt
165 3037 315 3132 silentium
333 3039 433 3102 indici.
462 3039 630 3130 Respondit
642 3037 785 3128 Christus,
805 3037 912 3098 trustra
929 3037 1008 3117 ipsos
1024 3035 1224 3127 contepderea

65 3115 432 3272 sectatore
449 3115 961 3271 ‘tacitaetacitae
995 3111 1224 3280 acritate

65 3269 161 3330 mandi
184 3269 306 3346 modos,
331 3269 402 3349 quio
423 3281 454 3331 et
472 3270 558 3350 pueri
582 3269 637 3349 ipsi
663 3267 853 3344 accederent,
877 3266 963 3328 simol
986 3267 1224 3348 indignationem

66 3343 163 3405 scribis
183 3357 214 3406 et
232 3346 433 3408 sacerdotibus
454 3347 579 3408 crevisse
599 3357 718 3406 eteuuc
738 3346 775 3406 de
795 3345 856 3405 inte
895 3367 913 3407 o
931 3343 1081 3434 Christum
1098 3363 1223 3425 aggres-

65 3437 118 3478 sos.
156 3423 305 3484 Videntur
323 3435 420 3484 autem
440 3422 561 3503 oblique
581 3422 672 3484 illum·
683 3424 830 3498 mordere,
870 3444 919 3482 um
939 3419 1084 3481 obiiciunt
1103 3429 1260 3497 captare,

67 3490 177 3560 laudem
197 3497 334 3579 apocris.
363 3499 460 3560 Porro
473 3499 635 3560 notandum
647 3511 702 3574 est,
719 3497 979 3560 undeoataluerit
998 3517 1100 3558 eorum
1121 3495 1222 3554 oslen-

66 3569 117 3658 sio.
145 3575 259 3656 impiae
279 3576 399 3655 quidem
417 3576 546 3638 malitiae
565 3575 758 3640 acviruleuto
773 3575 832 3636 Dei
843 3571 1028 3654 contemptui
1047 3571 1135 3630 luisse
1147 3591 1223 3632 con-

67 3661 201 3728 muctam,
220 3651 291 3712 inde
310 3663 405 3732 patet,
426 3653 508 3732 quod
531 3673 594 3714 nou
611 3653 708 3713 minus
728 3673 778 3714 eos
796 3663 958 3734 torqueant
976 3647 1114 3710 miracula
1134 3665 1223 3726 quam

69 3721 177 3790 sanstae
196 3729 436 3820 acclamationes:
455 3728 510 3819 sed
526 3729 734 3820 nuncaliqoid
746 3729 838 3812 magis
857 3726 984 3810 speciale
992 3743 1116 3814 quaero,
1135 3723 1223 3802 quid·
1247 3796 1253 3809 Ι

68 3817 131 3938 lt:
146 3817 536 3968 {tptttttttttttti
555 3805 1063 3966 fitttttt'ltdttttttiss
1076 3819 1225 3965 ,ttdt‘i
1332 3927 1337 3938 .

68 3954 123 4038 {uel
141 3980 192 4018 uso
231 3971 359 4034 avenant,
378 3957 456 4020 salva
476 3959 545 4040 ipsis
563 3971 704 4020 maneret.
733 3959 831 4020 Porro
849 3959 920 4020 haec
939 3975 1001 4016 non
1020 3973 1138 4012 memma
1159 3965 1224 4014 erat

69 4035 179 4108 ruperit
220 4035 366 4110 isninntio,
384 4035 409 4097 si
430 4035 511 4116 plebi
530 4035 656 4098 liberum
675 4035 793 4112 fuisset,
819 4034 939 4095 Christo
964 4030 1078 4112 regium
1104 4030 1223 4092 deferre

69 4123 188 4198 nomeu:
209 4112 297 4180 etiam
315 4113 347 4172 iu
366 4112 453 4174 rebus
464 4113 583 4175 minutis
598 4135 649 4174 soa
663 4113 781 4174 decreta
795 4111 938 4172 volebant
955 4127 1019 4199 pro·
1032 4106 1157 4198 praculis
1169 4109 1223 4168 ha·

70 4175 141 4274 herr,
159 4210 197 4250 ne
237 4190 371 4269 nicquam
390 4189 438 4252 vel
460 4189 588 4270 probare
612 4189 660 4250 vel
685 4189 809 4251 reiicere
832 4189 875 4250 ias
895 4197 972 4248 esset
990 4205 1045 4245 mss
1064 4203 1099 4244 ex
1118 4205 1222 4276 eorum

70 4255 183 4330 plauto.
217 4211 268 4326 lta
290 4287 327 4326 ue
347 4267 503 4328 absurdum
523 4287 556 4328 ac
566 4287 735 4346 perversum
751 4287 812 4326 esse
831 4264 972 4338 iudicant,
991 4261 1107 4344 aplebe
1122 4283 1223 4322 ornare

71 4340 233 4422 quempiam
286 4343 377 4406 esaiae
394 4343 496 4420 titulo,
515 4363 603 4426 quem
621 4343 774 4428 ipsinullo
786 4343 881 4427 gradu
891 4341 1061 4424 dignentur.
1089 4342 1224 4402 Etcerte
