2778 4838
238 305 242 317 .
317 257 505 336 (im-ise
544 251 593 316 ne
613 253 754 348 issimis
771 251 804 312 u
823 221 1036 334 phenennae>
1192 228 1250 322 iii

172 401 273 478 LUC.
294 409 396 476 xvii.
436 411 466 477 3.
496 391 620 477 Cavete
648 408 752 476 vohis.
804 407 839 474 Si
866 411 1051 496 peccaverit
1071 411 1105 474 in
1129 418 1162 474 te
1187 410 1250 476 ira·

85 523 138 577 ter
165 525 255 591 tuus,
287 515 419 600 increpa
447 511 555 582 illuni:
588 523 621 580 et
648 515 676 578 si
703 515 904 602 poenitentia
931 523 1032 578 iactus
1056 512 1168 592 luerit,
1200 506 1250 582 re·

87 619 178 682 mitte
201 613 258 682 illi.

164 779 269 840 lllatth.
289 787 336 846 15.
371 781 486 843 Slvere
497 784 847 865 psmwuitintsfrater
863 797 937 844 tues.
977 782 1056 857 Quia
1068 783 1104 842 de
1117 779 1247 844 ferendis

87 855 213 916 fratrum
232 857 449 920 infirmitatibus
469 859 661 922 concionatus
680 861 786 934 suerat,
806 881 884 920 nunc
904 859 1056 940 quomodo
1070 858 1143 918 etin
1160 879 1247 936 quem

85 933 194 1005 linem,
225 944 255 992 et
285 945 427 1012 qnatenus
453 936 592 998 terendae
617 938 690 1010 sint,
720 937 825 996 clarius
852 937 989 998 ostendit.
1033 936 1108 996 Nam
1134 935 1249 1015 alioqui

85 1019 259 1099 promptum
279 1009 381 1070 luisset
399 1012 622 1086 obiicere,.non
641 1033 728 1104 posse
740 1013 825 1074 aliter
837 1013 934 1074 caveri
947 1011 1141 1086 offensiones,
1161 1033 1248 1091 quain

84 1085 108 1146 si
130 1106 257 1164 quisque
278 1087 313 1144 ad
334 1086 458 1146 aliorum
478 1089 547 1148 vitia
566 1101 740 1164 commeat,
761 1090 849 1150 etsie
868 1089 975 1149 malum
995 1087 1179 1170 indulgentia
1199 1090 1247 1150 lo·

84 1173 199 1221 veatur.
238 1162 365 1222 Mediam
385 1185 458 1246 ergo
477 1166 624 1234 ratiooem
645 1164 778 1226 Christus
798 1164 981 1246 praescrihit,
1001 1185 1076 1243 quae
1094 1186 1151 1224 nec
1163 1165 1247 1225 infir-

82 1243 151 1298 mbs
171 1237 257 1297 nimis
277 1239 421 1314 offendat,
441 1252 587 1302 ettamen
608 1253 674 1322 apta
694 1242 732 1301 sit
750 1243 885 1302 sanandis
904 1261 1008 1302 eorum
1027 1241 1147 1301 morbis.
1177 1243 1248 1302 Uti-

84 1314 119 1373 lis
150 1313 229 1374 enirn
249 1327 279 1374 et
298 1315 384 1378 laude
404 1317 492 1408 digna
512 1329 556 1378 est
574 1319 713 1378 severitas
732 1319 768 1378 ad
787 1318 951 1378 medicinae
969 1328 1104 1378 naturam
1123 1337 1248 1398 compo-

83 1391 151 1450 sita.
182 1391 220 1448 In
233 1413 354 1467 sumnia,
375 1393 509 1454 Christus
524 1415 591 1454 suos
605 1395 764 1474 discipulos
776 1395 816 1454 ita
828 1393 912 1454 iubet
924 1394 997 1454 alios
1008 1393 1070 1452 aliis
1080 1393 1248 1479 ignosqere,

84 1478 118 1525 ut
139 1477 239 1526 tamen
258 1468 328 1527 vitia
349 1469 500 1563 corrigere
518 1473 664 1552 studeant,
685 1471 764 1550 quod
783 1471 945 1550 prudenter
963 1469 1121 1530 ohservare
1136 1491 1248 1532 conve-

83 1544 145 1602 nit:
172 1544 241 1621 quia
260 1545 333 1604 nihil
354 1546 500 1606 dilhcilius
520 1558 579 1620 est,
598 1567 684 1626 quain
705 1546 871 1608 hominihus
890 1546 1055 1626 parcendo,
1075 1545 1182 1608 liheras
1201 1559 1248 1608 ta-

82 1640 155 1678 men
172 1620 419 1698 reprehensiones
431 1643 492 1682 non
506 1624 653 1684 omittere.
683 1625 719 1684 In
740 1622 991 1684 alterutram'lere
1033 1635 1125 1682 artem
1145 1643 1248 1698 ornnes

82 1696 240 1769 inclinant,
260 1708 294 1756 iit
311 1711 414 1759 mutuo
434 1721 464 1760 se
487 1700 588 1761 fallant
607 1700 768 1760 mortiferis
788 1699 947 1776 blanditiis,
968 1643 1030 1760 rei)
1034 1699 1120 1758 nimis
1139 1701 1248 1762 acriter

82 1773 279 1846 insectentur,
299 1775 403 1852 quihus
424 1776 535 1836 mederi
555 1777 688 1838 decebat
721 1775 854 1839 Christus
865 1789 960 1838 autem
973 1789 1105 1836 mutuum
1116 1797 1246 1838 amorem
1289 1822 1292 1830 .

83 1851 341 1936 commendatsuis
352 1841 510 1943 discipulis,
530 1855 589 1934 qui·
600 1855 703 1935 procul
723 1853 761 1915 sit
779 1853 816 1912 ah
837 1853 1016 1914 adulatione.
1048 1851 1175 1912 Tantum
1194 1856 1247 1915 ad-

79 1925 265 1985 monitiones
285 1931 489 1990 moderatione
509 1931 633 1992 condire
653 1932 752 2005 iubet,
779 1949 832 2004 ne,
851 1929 875 1990 si
894 1930 980 1990 nimis
998 1929 1112 2012 rigidae
1131 1929 1191 1991 sint
1210 1951 1246 1992 ae

81 2003 188 2074 durae,
208 2000 340 2063 infirmos
361 2007 535 2067 exaniment
574 2009 650 2068 Tres
660 2022 757 2068 autern
768 2007 915 2068 fraternae
928 2006 1123 2067 correctionis
1138 2009 1246 2099 gradus

82 2078 225 2138 distincte
245 2081 343 2158 ponit:
370 2083 479 2161 primus
500 2095 560 2157 est,
579 2095 613 2144 ut
630 2085 767 2165 privatim
786 2096 943 2144 moneatur
961 2083 1012 2172 qui
1030 2096 1178 2163 peccanti
1198 2105 1245 2144 se-

83 2155 200 2216 cundus
219 2168 326 2229 autern,
346 2157 370 2217 si
389 2159 510 2238 aliquod
528 2160 644 2240 signum
664 2159 866 2222 contumaciae
883 2159 1008 2233 dederit,
1026 2171 1059 2217 ut
1070 2181 1183 2219 rursum
1193 2160 1247 2219 ad-

81 2241 244 2290 moneatur
264 2232 399 2294 adhibitis
419 2236 556 2296 testibus:
585 2237 691 2296 tertius
714 2246 772 2307 est,
795 2235 820 2294 si
845 2231 919 2294 nihil
939 2235 992 2296 hac
1011 2234 1058 2293 via
1078 2235 1246 2314 profectum

81 2308 190 2381 luerit,
221 2318 255 2366 ut
272 2310 404 2368 tradatur
445 2310 544 2370 uhlico
563 2311 714 2372 Ecclesiae
733 2311 851 2370 iudicio.
889 2310 944 2370 llle
963 2330 1051 2385 vero,
1071 2331 1159 2389 quem
1179 2312 1247 2388 dixi,

81 2405 192 2465 scopus
204 2395 258 2456 est,
278 2405 316 2442 ne
337 2331 441 2444 fervidi
461 2386 517 2446 zeli
538 2399 688 2464 praetextu
706 2386 834 2446 violetur
853 2386 966 2445 caritas.
996 2385 1092 2446 Porro
1106 2388 1246 2466 quiama-

82 2461 181 2520 iorem
208 2458 358 2518 hominurn
376 2473 497 2539 partein
517 2461 641 2540 impellit
659 2463 799 2537 ambitio,
822 2472 856 2521 ut
880 2463 966 2522 nimis
992 2461 1098 2540 cupide
1121 2461 1247 2522 lratruni

83 2537 194 2597 delicta
214 2534 246 2592 in
266 2535 415 2614 publicum
436 2540 578 2612 traducat,
597 2539 771 2618 tempestive
790 2539 921 2598 oceur'rit
931 2537 1064 2598 Christus
1078 2538 1145 2598 huic
1161 2538 1247 2614 vitio,

83 2611 275 2747 praecipiens
291 2623 323 2670 ut
338 2613 459 2674 fratrum
476 2613 596 2700 prohra,
616 2628 755 2706 quantum
774 2615 806 2673 in
825 2612 913 2675 nohis
934 2625 987 2688 est,
999 2623 1153 2695 tegamus:
1172 2635 1247 2694 quos

85 2689 169 2750 enirn
203 2699 313 2747 ratruin
333 2689 459 2751 dedecus
480 2702 511 2750 et
529 2691 648 2750 infamia
668 2691 809 2765 oblectat,
828 2690 898 2750 odio
916 2701 947 2750 et
961 2689 1168 2750 malevolentia
1182 2692 1248 2771 rapi

83 2778 200 2827 certum
222 2776 275 2839 cst,
296 2766 374 2856 quia,
393 2768 417 2827 si
437 2767 467 2826 in
487 2766 543 2828 illis
563 2769 678 2849 vigeret
698 2769 818 2840 caritas,
838 2766 960 2827 lratruin
980 2766 1088 2846 pudori
1106 2767 1245 2828 consule-

83 2855 165 2904 rent
206 2843 367 2917 Quaeritur
385 2855 499 2919 tamen,
523 2865 560 2904 aii
580 2845 745 2924 promiscue
764 2843 867 2926 regula
888 2845 960 2904 hacc
980 2844 1016 2903 ad
1036 2843 1154 2921 quaevis
1173 2865 1246 2924 pec·
1264 2903 1269 2932 ,

84 2931 151 2980 cata
173 2919 289 2978 extendi
310 2919 425 2982 debeat.
464 2921 541 2980 Sunt
560 2922 637 2982 enini
657 2921 810 3002 permulti,
830 2920 880 2999 qui
900 2921 994 2980 nullas
1014 2919 1170 2980 admittunt
1190 2942 1246 3000 pu-

83 2995 179 3055 hlicas
200 3015 350 3068 censuras,
380 2999 476 3058 donec
500 2997 636 3077 privatim
663 2999 828 3060 admonitus
851 2997 943 3057 fuerit
966 3008 1115 3076 peccator.
1153 2998 1246 3078 Atqui

81 3070 240 3131 inanilesta
266 3083 310 3131 est
334 3073 364 3132 iu
386 3073 497 3143 Christi
523 3075 620 3135 verbis
643 3077 806 3136 restrictio:
838 3095 935 3154 neque
962 3074 1041 3133 enim
1066 3073 1247 3154 simpliciter,

83 3159 117 3208 et
147 3148 210 3206 sine
235 3149 409 3228 exceptione
434 3151 556 3224 moneri,
575 3153 620 3212 vel
637 3154 730 3233 -argui
753 3173 884 3214 seorsum
910 3162 940 3210 et
962 3151 1025 3210 sine
1050 3161 1127 3210 teste
1153 3150 1247 3222 iubet,

84 3224 257 3312 quicunque
282 3229 492 3360 peccaverint,
521 3229 573 3288 sed
598 3227 674 3288 hauc
699 3228 774 3288 viam
800 3250 815 3288 a
842 3227 929 3288 nohis
952 3225 1061 3288 tentari
1084 3227 1163 3304 vult,
1194 3228 1246 3288 uhi

84 3300 224 3380 privatim
260 3301 369 3361 ol'ensi
404 3325 516 3376 sumus,
552 3325 614 3366 non
648 3304 766 3395 quidem
797 3305 828 3365 in
859 3304 982 3384 proprio
1013 3323 1052 3362 ne
1074 3304 1156 3381 otio,
1193 3306 1246 3366 sed

87 3376 159 3455 quia
180 3376 285 3437 dolore
305 3399 360 3438 nos
379 3378 526 3440 vulnerari
546 3393 700 3454 convenit,
726 3383 841 3462 quoties
861 3380 1025 3440 ollenditur
1075 3399 1134 3440 eus.
1181 3381 1246 3440 Nec

86 3472 160 3514 vero
183 3451 316 3516 Christus
337 3455 383 3514 hie
404 3457 440 3515 de
461 3457 590 3516 serendis
610 3458 721 3517 iniuriis
742 3459 871 3534 disserit,
895 3457 946 3518 sed
970 3456 1001 3514 in
1026 3475 1137 3538 genere
1161 3476 1245 3514 man-

86 3529 279 3590 suetudinem
298 3531 338 3590 ita
363 3531 440 3592 inter
465 3553 520 3592 nos
545 3533 698 3594 colendam
728 3535 833 3608 docet,
863 3554 901 3592 ne
932 3531 1060 3611 asperius
1090 3531 1245 3591 tractando

86 3605 221 3666 infirmos
247 3607 413 3696 perdamus,
442 3609 493 3688 qui
517 3610 651 3670 servandi
676 3623 769 3670 eraut.
806 3613 890 3694 Ergo
914 3608 1111 3690 particularis
1133 3621 1160 3665 ta
1183 3627 1245 3666 nou

86 3682 198 3742 illatam
218 3682 304 3742 alicui
324 3682 459 3744 iniuriam
478 3686 622 3766 designat,
640 3689 691 3746 sed
705 3687 785 3747 inter
795 3687 910 3748 occulta
922 3697 952 3746 et
961 3683 1114 3744 manifesta
1124 3693 1246 3761 peccata

86 3759 251 3841 distinguit.
288 3760 363 3818 Nam
383 3759 408 3819 si
428 3761 492 3840 quis
510 3762 541 3822 in
561 3774 653 3822 totam
672 3763 833 3824 Ecclesiam
853 3759 1033 3844 peccaverit,
1052 3779 1119 3818 eum
1138 3757 1245 3819 Paulus

87 3833 172 3896 iuhet
185 3835 304 3915 puhlice
316 3858 348 3896 ar
390 3836 410 3911 i,
431 3849 518 3898 utne
538 3839 548 3898 i
570 3839 607 3898 sis
628 3840 744 3918 quidem
763 3839 928 3900 senioribus
945 3847 1089 3917 parcatur.
1119 3835 1195 3896 Nam
1208 3835 1245 3896 de

87 3913 132 3974 his
153 3913 326 3972 nominatim
346 3856 506 3974 iimoiheo
530 3860 569 3994 (i.
588 3915 698 3980 Tim.5
727 3921 790 3994 ⁶20.)
809 3917 937 3988 mandat,
956 3925 989 3972 ut
1008 3909 1126 3991 publice
1145 3931 1246 3973 coram

89 3987 227 4048 omnihus
253 4010 304 4052 eos
329 3991 482 4072 arguendo
507 4011 662 4052 commune
689 3959 751 4051 aliis
771 4013 850 4052 eiiein
873 3991 932 4050 lum
951 3999 1067 4048 statuat
1105 3990 1146 4048 Et
1165 4001 1245 4051 certe

87 4064 244 4126 ridiculum
265 4078 349 4140 esset,
370 4067 420 4146 qui
439 4067 655 4145 peccavituum
673 4068 793 4148 puhlico
814 4089 832 4128 o
859 4065 1007 4138 codiculo,
1027 4075 1060 4122 ut
1077 4064 1168 4158 vulgo
1188 4085 1245 4126 no·

87 4153 150 4202 tuin
170 4143 208 4201 sit
226 4141 381 4223 flagitium,
401 4165 417 4204 a
436 4143 558 4224 singulis
577 4145 705 4204 moneri:
731 4144 797 4224 quia
817 4143 843 4204 si
861 4142 940 4202 mille
960 4140 1020 4202 sint
1038 4162 1158 4215 conscii,
1177 4141 1246 4225 roil-

89 4217 145 4280 lies
165 4220 331 4280 monendus
351 4219 416 4280 erit.
448 4220 550 4294 Quare
570 4219 729 4294 distinctio,
769 4241 823 4280 uae
838 4217 1104 4280 diserteaChristo
1117 4230 1246 4294 notatur,

89 4295 220 4356 tenenda
230 4305 284 4368 est,
303 4315 341 4356 ne
361 4297 424 4388 quis
445 4295 559 4358 occulta
579 4308 699 4375 peccata
717 4241 866 4378 vuigando
886 4294 1007 4355 lratreni
1016 4305 1128 4355 temere
1138 4308 1169 4355 et
1178 4295 1246 4356 ahs-

89 4392 148 4453 que
173 4367 348 4436 necessitate
372 4373 503 4436 infamet.
545 4371 581 4434 Si·
603 4387 630 4434 aa
647 4373 793 4456 ,mesum
816 4371 945 4436 ium
967 4394 1005 4434 es.
1048 4371 1096 4434 ab
1121 4371 1246 4434 utilitate
