2766 4834
423 261 486 341 (ῚῚ.
505 257 634 320 hmnes
653 213 831 341 baptisans)
973 275 979 298 ·
1149 269 1189 332 01
1291 349 1294 360 Ι

54 417 109 478 eius
125 414 320 476 secundum.-
356 387 510 474 Valerlaim
529 411 657 474 Iudaeae
676 411 839 494 praefuisse
857 431 914 506 per
930 393 1025 476 'annos
1043 415 1190 496 uhdeclrn,

52 493 133 552 tradit
151 492 242 553 idem
260 489 420 570 Iosephus.
463 489 651 550 Provinciam
677 509 751 572 ergo
771 488 895 550 bienmo
915 489 1030 562 Pilatus
1045 504 1191 571 tenuerat,

151 567 363 650 Evangelium
383 566 555 648 praedicare
575 567 677 646 coepit
696 568 833 626 Ioannes.
872 567 1009 628 Herodes
1025 569 1084 643 hic,
1104 589 1190 648 quem

50 589 177 706 lidameae
198 643 389 704 tetrarcham
409 643 481 704 lacit
498 643 603 717 Lucas,
621 643 765 704 secundus
787 643 842 702 luit
852 643 981 704 Herodis
1000 665 1047 704 ma
1092 646 1100 660 ‘
1122 649 1191 706 hue-

50 718 1193 870 mmmmmfflm

50 897 106 1012 ppo
126 867 183 936 illa
207 875 245 934 in
264 873 406 954 praedam
418 815 558 932 llorirhnis
578 883 713 962 cesserat.
753 817 856 948 ngare
876 873 949 934 duos
965 820 1192 938 Herodisghliul

68 953 90 1012 'c
107 962 260 1012 recenset
279 949 386 1025 Lucas,
405 949 559 1008 Herodem
578 949 854 1030 seilicethntipam,
873 951 923 1031 qui
943 951 1091 1014 tetrarcha
1103 951 1190 1014 Gali-

51 1029 123 1088 laeae
143 1025 438 1116 factrrsussamariam
458 1037 489 1085 et
507 1025 647 1086 Peraeam
667 1026 852 1106 possidebat,
876 1036 907 1087 et
925 1027 1125 1164 Philippum,
1140 1030 1191 1110 qui

50 1103 281 1166 Trachonitidrs
302 1115 333 1162 et
351 1102 488 1162 Ituracae
506 1103 653 1162 tetrarcha
672 1122 689 1162 a
707 1103 781 1162 mari
793 1103 969 1166 Tiberiadis
976 1125 1015 1166 -ve
1039 1106 1192 1168 Generum

50 1183 81 1240 ad
98 1183 243 1242 radicem
262 1178 382 1254 Libani,
404 1177 481 1238 uude
502 1178 598 1238 oritur
616 1177 754 1238 Iordanis
770 1179 885 1255 fluvius,
908 1182 1060 1264 regnabat.
1098 1183 1124 1242 L
1144 1205 1191 1244 sa-

50 1260 120 1317 riam
147 1258 236 1318 falsu
263 1265 408 1338 putarunt
431 1253 596 1316 Ptolemaei
615 1255 773 1330 Meunaei,
799 1255 848 1335 qui
873 1275 924 1317 rea
950 1257 1099 1320 Chalcidis
1124 1203 1143 1319 l

50 1355 105 1394 esse
124 1333 246 1393 hlium:
268 1332 318 1413 qui
338 1331 455 1412 pridem
474 1329 668 1411 aCleopatra
688 1331 800 1392 occisus
813 1331 919 1405 luerat,
938 1334 985 1394 tri'
1000 1335 1059 1396 'uta
1078 1335 1194 1397 sollicet

51 1411 127 1470 annis
154 1421 234 1470 ante
262 1419 363 1468 uatmn
393 1407 560 1496 Christum,
590 1408 836 1490 quemadmodum
857 1410 948 1468 tradit
971 1353 1114 1492 Fusephus
1139 1411 1191 1472 lih.
1221 1432 1225 1438 ·

51 1487 274 1566 Antiquitatum
292 1493 340 1552 15.
386 1485 444 1542 Vn
464 1485 551 1544 etium
577 1483 678 1565 potuit
706 1503 769 1544 esse
790 1483 852 1546 eius
870 1503 966 1565 nepos
1006 1503 1094 1566 quem
1119 1486 1193 1548 belli

52 1563 183 1624 Parthici
211 1582 317 1644 pacem
338 1560 429 1622 luisse
454 1561 533 1621 idern
553 1560 698 1641 Iosephus
720 1571 947 1636 commemorat,
984 1561 1121 1644 intelli
1141 1566 1193 1626 Iu-

53 1641 175 1715 daicij.
219 1637 337 1698 e'uisser
356 1637 439 1698 euim
458 1651 528 1701 tune
546 1637 852 1720 semgeuariomaior.
889 1638 1011 1700 Deinde
1031 1655 1120 1732 quum
1137 1641 1192 1702 suh

52 1718 212 1808 Antigono
234 1715 362 1776 Parthos
383 1714 421 1774 ad
441 1713 552 1774 bellum
573 1714 777 1788 concitaverit,
796 1733 917 1776 necesse
938 1727 1016 1792 erat,
1044 1739 1102 1778 ram
1120 1729 1193 1778 tune

54 1795 199 1854 invirum
220 1792 398 1853 adolevisse.
438 1791 625 1850 Ptolemaeus
645 1803 742 1851 autem
752 1793 915 1852 Menuaeus
935 1813 997 1854 uon
1016 1793 1110 1877 lunge
1146 1805 1194 1854 ost

55 1871 191 1931 Caesaris
200 1866 271 1929 tulii
292 1870 427 1943 eaedem,
446 1863 522 1928 inito
542 1868 622 1928 iuter
631 1867 788 1948 Lepidum,
807 1869 971 1930 Antonium
990 1881 1022 1932 et
1035 1871 1199 1934 Octavium·

55 1947 244 2025 triumviratu
282 1955 419 2005 mortuus
445 1955 502 2020 cst,
527 1956 560 2004 nt
584 1955 708 2004 testatm
734 1946 878 2026 Iosephus
902 1945 954 2008 lib.
978 1955 1032 2026 14,
1056 1969 1120 2029 cap.
1144 1955 1192 2014 bd·

56 2023 111 2083 Sed
135 2041 233 2104 quum
249 1987 301 2082 hie
322 2019 489 2082 Ptolemaei
516 2041 610 2102 nepos
636 2041 791 2082 oommmre
816 2022 953 2084 hahuerit
970 2025 1116 2105 Lysaniae
1135 2045 1193 2085 no-

55 2119 117 2158 nen
138 2116 210 2161 cum
232 2111 334 2179 patre,
359 2095 452 2157 lilium
472 2098 559 2158 etiam
582 2095 871 2181 sibicuguomiuem
896 2099 1065 2180 relinquere
1085 2102 1193 2184 potuit.

55 2177 174 2237 Interea
194 2176 263 2234 siue
283 2174 488 2236 controversie
508 2175 706 2256 repudiandus
726 2181 771 2236 elt
792 2195 894 2236 eorum
915 2195 1011 2252 error,
1030 2179 1081 2257 qui
1101 2179 1194 2262 Ly'sa-

56 2253 131 2313 niam
156 2251 363 2332 a‘CIeopatra
391 2251 519 2312 occisum
540 2253 721 2334 sexagesimo
746 2264 815 2332 pust
839 2265 966 2312 mortem
991 2273 1071 2314 nunu
1090 2255 1194 2318 vixisse

56 2329 179 2413 lugunt.
221 2329 342 2389 Nomen
356 2323 522 2388 tetrarchae
542 2328 589 2388 hic
601 2327 765 2408 improprie
785 2329 919 2404 sumitur,
938 2331 1020 2408 quasi
1032 2343 1095 2390 tota
1107 2331 1193 2414 regio

59 2405 86 2466 in
107 2418 211 2497 partes
232 2417 363 2484 quatuor
381 2403 569 2470 divisaloret
608 2404 671 2466 Sed
691 2421 781 2483 quum
791 2405 879 2465 iuitio
900 2405 1195 2486 quadrupleisuisset

58 2481 501 2650 {idemd'l'gldffldihuhidl
511 2479 1195 2638 tlutttttttltttddttttltttd

59 2637 140 2696 unius
160 2633 298 2717 regionis
317 2634 490 2694 tetrarchias
510 2645 654 2693 numerat.
984 2667 988 2678 ·

93 2779 103 2790 ι
132 2715 208 2774 Luc.
225 2719 256 2776 2.
294 2709 359 2770 Sub
377 2710 575 2790 Ponuyr'cr‘hus.
599 2709 740 2772 ’Cermm
760 2717 819 2784 est,
845 2709 919 2769 duos
942 2724 1091 2790 nunquam
1112 2709 1195 2770 Pon.

60 2791 152 2851 tihces
182 2775 302 2849 eodem¹
322 2787 410 2847 simul
440 2800 576 2868 tempore
606 2786 804 2847 sacerdotium
835 2807 907 2866 pecu
930 2796 1001 2846 asse.
1052 2785 1196 2866 Iosephus

59 2868 140 2928 testis
159 2877 216 2941 est,
238 2863 385 2944 Caipham
404 2865 551 2924 aValerio
573 2863 669 2924 Grato
691 2864 881 2924 coustitutum
902 2803 989 2924 titisse
1009 2863 1197 2940 Pontificem,

61 2945 148 3024 paulo
178 2954 251 3002 ante
276 2961 365 3020 quam
396 2941 549 3020 provincia
582 2942 749 3002 decederet
806 2939 884 3016 Quo
906 2945 1043 3021 tempore
1067 2941 1197 3002 Iudaeae

24 3043 29 3052 ’
62 3015 824 3156 ttzffihPttullll0d;‘tdt¹t‘”tltt⁵tt
843 3016 1197 3156 {tldut'lttltti

62 3195 105 3234 sus
126 3175 162 3234 ad
180 3116 301 3234 asurim
321 3170 491 3244 dicendam,
508 3183 580 3230 tune
601 3116 716 3232 densim
739 3172 875 3232 Vitellius
893 3171 916 3229 S
937 3171 999 3232 riae
1018 3173 1197 3252 praelectus,

64 3251 173 3331 Caipha
193 3251 227 3310 in
249 3247 388 3308 ordinem
408 3259 529 3324 coacto,
548 3249 746 3308 sacerdotium
765 3249 801 3308 ad
822 3193 1085 3310 lonatian‘duaui
1105 3248 1196 3328 hlium

64 3327 211 3386 transtulit
234 3323 305 3400 (lib.
324 3323 501 3416 Antiquitat.
522 3327 594 3402 tu).
624 3325 733 3398 .Qnod
758 3325 972 3385 autem'Lueas
997 3326 1071 3388 duos
1090 3326 1197 3385 Ponti-

67 3403 129 3464 hees
148 3401 300 3474 nominat,
320 3419 383 3460 uon
403 3411 443 3460 rta
458 3401 594 3492 accipere
607 3402 758 3476 convenit,
778 3401 860 3481 quasi
880 3401 959 3462 idem
970 3401 1113 3464 ambobus
1124 3403 1198 3462 titu-

66 3479 106 3540 lus
119 3491 207 3554 esset,
227 3477 282 3536 sed
302 3477 371 3556 quia
390 3479 548 3537 sacerdotri
569 3479 668 3537 honor
687 3477 806 3538 dimidia
821 3497 854 3538 ea
867 3479 1197 3560 parteaapodttannan

1136 1255 1233 1335 uit,”
1313 1273 1321 1282 ·

66 3556 212 3638 pontilicis
231 3573 370 3614 socerum
382 3553 538 3614 residebat
578 3554 681 3630 Quare
693 3555 786 3616 Lucas
806 3573 853 3616 res
873 3555 1098 3634 adeonntnrbataa
1108 3556 1199 3616 luisse
1312 3528 1343 3627 ,¹

66 3645 95 3694 et
116 3635 257 3694 confusas
282 3630 445 3712 signifieat,
470 3643 503 3690 ut
527 3645 615 3694 nemu
640 3643 711 3691 mne
738 3651 813 3692 unus
839 3629 1023 3710 esset-‘verus
1048 3631 1199 3707 Pontifex,

66 3713 114 3772 sed
126 3708 294 3770 ambitione
315 3715 347 3766 ct
364 3707 517 3788 tyrannica
529 3708 663 3790 potentin
684 3708 842 3769 laceratum
855 3708 942 3769 luisse
961 3729 1074 3786 sucrum
1083 3729 1199 3772 munus.

68 3789 136 3848 huc.
161 3793 190 3850 2.
241 3783 369 3844 Fcctrms
391 3797 432 3843 est
454 3783 569 3846 meum
593 3785 725 3846 Doudsa'.
775 3785 947 3867 Priusquam
971 3783 1082 3844 reserat
1104 3783 1199 3846 Lucas

67 3877 99 3924 ut
116 3863 183 3938 ald,
210 3863 357 3921 Ioannem
378 3881 545 3954 aggressum
572 3882 634 3922 esse
658 3861 786 3922 docendi
805 3881 924 3937 munus,
948 3861 1087 3924 divinitus
1113 3860 1199 3922 adid

69 3953 204 4002 vocatum
226 3939 315 3999 luisse
336 3949 453 4012 assent,
476 3951 510 3999 ut
529 3951 606 4002 certa
629 3940 691 4000 eius
710 3939 874 3999 ministerio
896 3939 1054 4000 auctoritas
1074 3949 1200 4005 constet.

70 4019 128 4080 Cur
147 4020 330 4098 interpretes
349 4016 510 4075 transferre
527 4015 687 4076 maluerint
704 4032 792 4091 nepot·
810 4015 969 4090 loannem,
995 4015 1199 4095 potiusquam
1235 4047 1239 4055 =

70 4095 108 4156 ud
123 4097 281 4166 Ioannem,
302 4112 364 4151 non
384 4094 485 4153 video:
507 4095 575 4184 quia
595 4103 695 4153 tamen
712 4113 813 4154 seusus
832 4093 953 4152 minime
973 4093 1051 4152 ambi
1093 4115 1126 4154 us
1147 4105 1201 4169 est,

70 4193 173 4264 nempe
195 4173 278 4252 quod
298 4171 432 4250 deposita
453 4170 542 4230 luent
563 4173 639 4252 apud
650 4171 745 4250 ipsum
765 4167 838 4230 haec
848 4170 970 4252 legatio,
989 4181 1020 4229 et
1038 4170 1049 4229 i
1072 4171 1081 4232 i
1101 4171 1200 4232 datum

72 4249 156 4310 luent
181 4249 375 4330 praedicandi
396 4250 581 4322 mandatum,
609 4247 777 4308 versionem
802 4258 950 4326 receptam
969 4260 1108 4340 sequutus
1127 4269 1200 4312 sum.

72 4325 144 4389 lliuc
157 4326 283 4408 collige,
303 4325 400 4385 uullol
421 4345 483 4386 esse
502 4345 591 4385 veros
611 4326 759 4398 ductores,
779 4324 834 4384 uisi
856 4325 961 4404 quibus
974 4323 1136 4386 iniunctum
1157 4336 1202 4384 est
1274 4371 1281 4384 ,

73 4405 177 4470 aDeo
201 4424 326 4466 munus:
356 4421 453 4486 oeque
479 4401 587 4466 sufficit
617 4399 738 4466 verbum
762 4400 822 4464 Ilei
847 4399 972 4476 habere,
1001 4399 1057 4462 uisi
1081 4402 1202 4464 accedat
1253 4407 1261 4444 ‘-
