2764 4854
157 183 216 252 aaa
335 171 344 180 '
377 175 494 241 sect.
513 175 594 238 xlii.
633 190 764 275 cnmsrr
785 191 901 237 rasaro
923 191 964 238 er
984 191 1084 250 usone.

180 357 212 398 ss
236 341 456 406 commorant,
480 329 616 411 publicae
640 349 755 411 poenae
774 349 837 392 nou
857 330 914 392 erit
932 329 1087 392 obnoxius.
1126 330 1172 394 ita
1199 335 1317 414 quotie

158 415 282 474 innatae
299 408 459 471 violentiae
477 406 640 488 opponitur
657 407 802 482 defensio,
821 418 913 468 cessat
924 427 1032 488 poena,
1052 428 1140 488 quam
1153 431 1316 490 exsequen-

158 489 224 551 dam
244 485 369 548 terrenis
388 483 531 560 iudicibus
550 483 697 544 mandavit
713 485 821 544 Deus(
843 484 1001 545 Caeterum
1020 505 1082 544 non
1102 487 1228 566 simplex
1248 509 1316 548 cau-

158 585 208 628 sae
228 563 345 625 bonitas
364 581 382 624 a
400 573 484 622 reatu
503 561 713 620 conscientiam
732 560 875 634 absoluit,
895 560 951 620 uisi
970 562 1091 622 accedat
1110 583 1204 642 ponsa
1223 564 1315 624 al'iec-

159 655 215 706 tns.
239 643 323 724 Ergo
342 649 375 699 ut
394 637 457 718 quis
476 637 532 698 rite
551 657 586 697 ac
605 636 685 698 licite
704 657 735 697 ae
755 635 904 710 defendat,
923 656 1042 698 necesse
1058 651 1103 699 est
1121 640 1205 730 prius
1222 641 1314 721 ipsum

159 739 264 780 cauere
280 729 311 778 et
323 714 491 776 iracundiae
502 713 660 786 fervorem,
679 725 709 774 et
728 712 840 774 odium:
861 725 892 772 et
904 713 1093 794 cupiditatem
1106 717 1267 792 vindictae,
1284 730 1315 777 et

110 865 120 873 ἱ
158 813 262 932 ummppp
286 791 498 928 limmifflss'
517 788 838 927 ffiissifimpffi⁸lnli
859 789 993 926 deleppio
1013 790 1085 850 nihil
1106 792 1220 930 hpibeap
1236 794 1267 854 iu
1285 816 1316 854 sc

259 889 369 934 enum.
650 889 678 926 m
716 889 786 938 s‚s
857 889 902 924 vra
1003 888 1172 928 amconn
1255 893 1316 929 m-

29 985 37 1003 r
160 948 219 1009 rito
232 945 365 1008 Christus
384 946 421 1006 ad
440 889 608 1024 geniralem
629 943 761 1026 regulam
770 963 839 1004 suos
854 879 1001 1018 reuocali,u
1003 955 1062 1004 uta
1099 889 1317 1037 tadiogpiorsis

95 1031 102 1043 “
159 1021 334 1085 abstineant
373 1021 470 1082 Porro
494 1019 582 1081 stulte
607 1018 664 1079 hoc
687 1018 858 1080 testimonio
886 1018 967 1079 abusi
991 1033 1058 1080 sunt
1077 963 1200 1082 lunatica
1221 1023 1316 1082 homi-

158 1119 224 1173 ues,
241 1109 276 1158 'ut
294 1095 420 1180 gladium
441 1095 584 1156 iudicibus
603 1105 782 1156 excuterent.
819 1094 910 1156 Nefas
930 1115 992 1156 ease
1011 1098 1199 1158 contendunt
1214 1097 1316 1180 gladio

99 1205 101 1221 ·
158 1187 324 1258 percutere.
362 1175 399 1236 ld
416 1193 518 1252 perum
538 1171 655 1255 quidem
675 1190 738 1233 esse
757 1169 864 1247 fateor,
884 1170 950 1250 quia
971 1172 1081 1232 nemini
1101 1173 1171 1236 licet
1184 1175 1316 1256 gladium

158 1273 213 1315 suo
233 1249 356 1310 arbitrio
375 1269 501 1323 suusere,
519 1261 552 1308 ut
571 1247 610 1309 sit
627 1259 732 1314 auctor
750 1247 860 1310 caedis:
879 1248 931 1308 sed
944 1268 1033 1331 nego,
1052 1250 1236 1333 magistratus
1248 1255 1316 1333 (qui

158 1327 284 1390 ministri
302 1327 361 1390 Dei
380 1337 458 1400 sunt,
477 1336 507 1386 et
524 1345 581 1405 per
598 1346 672 1405 quos
691 1323 795 1385 iudicia
815 1343 866 1384 sua
887 1329 1017 1402 exercet)
1040 1326 1073 1384 in
1094 1328 1250 1387 communi
1265 1349 1317 1388 or-

159 1406 230 1466 dine
254 1404 377 1464 censeri.
414 1402 499 1464 Adde
523 1402 604 1483 quod
628 1401 672 1462 lais
693 1400 803 1461 Christi
826 1401 922 1463 uerbis
947 1401 1053 1462 diserte
1079 1401 1136 1462 illis
1162 1404 1266 1464 laaeci

159 1482 296 1544 asseritur
315 1490 457 1562 potestaaz
477 1499 545 1540 nam
564 1499 652 1558 quum
672 1476 855 1559 pronuntiet,
874 1476 1024 1539 tollendos
1037 1499 1053 1538 e
1068 1479 1168 1540 medio
1186 1500 1250 1540 esse
1282 1503 1317 1542 o-

159 1557 289 1630 micida,
307 1556 439 1636 sequitur
457 1553 586 1638 gladium
605 1555 635 1614 in
655 1573 755 1616 manus
775 1554 851 1614 tradi
871 1553 1024 1626 iudicibus,
1044 1568 1078 1615 ut
1097 1555 1316 1618 iniustasueces

159 1633 319 1696 vindicent.
358 1631 524 1715 Continget
542 1631 660 1711 quidem
679 1629 839 1705 interdum,
862 1631 1065 1714 sanguinarios
1091 1632 1228 1694 homines
1252 1635 1315 1696 aliis

158 1711 254 1772 modis
274 1709 387 1790 puniri,
405 1710 476 1770 haec
495 1720 593 1768 tamen
613 1707 761 1768 ordinaria
781 1719 825 1767 est
844 1707 936 1781 ratio,
960 1729 1016 1785 qna
1036 1707 1187 1770 Dominus
1211 1711 1315 1770 crude-

104 1849 108 1854 ,
160 1787 218 1847 lem
242 1785 445 1870 improborum
471 1783 611 1845 ferociam
637 1782 785 1864 compesci
808 1783 918 1856 voluit,
945 1803 984 1842 ne
1008 1783 1047 1844 im
1071 1805 1130 1846 une
1159 1798 1315 1878 grassetur.

158 1863 223 1924 lam
247 1862 327 1942 quod
353 1861 409 1920 huc
435 1859 633 1941 impudentiae
657 1880 850 1940 prommpere
873 1859 935 1920 ausi
960 1873 1029 1920 sunt
1048 1805 1231 1924 llauourstae
1252 1865 1314 1942 qui-

152 1939 237 2013 dam,
256 1949 290 1998 ut
308 1937 461 2012 docerent,
480 1957 549 1997 uon
560 1935 690 1996 ablatum
710 1937 798 1998 luisse
814 1937 904 1997 Petro
917 1936 1062 2074 spladiani,
1082 1937 1136 1998 sed
1149 1940 1314 2000 mandatum

159 2033 237 2106 epse,
260 2026 294 2074 ut
318 2013 502 2106 rpcpnditnm
522 2023 652 2088 teneret,
679 2014 775 2074 donec
795 2033 913 2074 exscren
937 2014 1079 2105 tyeniret
1097 2015 1313 2151 opportunitas,

104 2145 113 2158 ,
144 2089 454 2228 ›laruepersprcrmum
478 2109 565 2170 quam
588 2109 684 2151 masse
704 2101 734 2190 et
754 2100 891 2171 proterve
910 2090 968 2151 Der
988 2089 1080 2151 verlao
1100 2092 1111 2150 i
1136 2092 1243 2152 ruerint
1261 2113 1311 2152 ca-

158 2170 285 2312 aad&
321 2247 376 2306 Aa
393 2257 482 2322 pam
498 2241 585 2330 paud
604 2265 663 2336 nugs
683 2245 800 2322 possim.
840 2244 979 2335 Sequitur
1002 2263 1082 2334 nunc
1105 2245 1242 2324 specialis
1265 2245 1313 2304 illa

158 2321 247 2396 ratio,
265 2319 347 2383 cuius
368 2319 456 2404 paulo
476 2334 545 2383 autc
563 2323 692 2392 memmi.
731 2321 882 2382 Admonet
893 2342 970 2382 cmm
985 2319 1131 2396 Christus,
1151 2323 1242 2404 longe
1254 2342 1314 2381 me·

159 2400 214 2462 lius
234 2397 414 2460 defensionis
433 2419 526 2480 genus
546 2411 577 2460 et
594 2417 639 2460 ma
664 2398 687 2460 is
707 2398 867 2480 legitimum
887 2397 945 2459 sibi
964 2398 999 2459 ad
1019 2417 1139 2458 manum
1159 2399 1244 2472 iore,
1263 2399 1315 2458 nisi

159 2477 227 2558 qnia
252 2477 413 2556 parendum
438 2487 483 2536 est
507 2475 626 2537 decreto
676 2474 753 2552 anic,
793 2477 874 2536 llaec
900 2474 978 2535 enim
1001 2495 1113 2536 summa
1142 2487 1204 2548 cst,
1230 2495 1315 2554 quum

159 2566 283 2644 aeternp
303 2552 361 2612 Dei
387 2550 513 2644 consilio
538 2551 696 2613 destinatus
715 2550 754 2612 sit
772 2551 803 2612 iu
819 2551 1012 2626 sacrificium,
1034 2550 1125 2630 idque
1147 2551 1316 2643 Scriptum

158 2627 1316 2790 ttttt‘tt‘tl'ttultitini-3¹“qltttttttlttn{tzitttttt

159 2779 513 2874 deeretpmulnbeiactare
531 2782 584 2872 sed
603 2781 677 2874 riam
698 2800 817 2870 quoque
837 2781 991 2871 obstruere
1010 2779 1316 2918 hnmanippenerispe-

94 2895 96 2905 ·
159 2859 334 2938 demptrom.
371 2857 441 2918 Non
461 2856 555 2917 solum
575 2857 675 2918 slltcrte
717 2857 822 2916 ladrum
843 2856 946 2918 eatulrt
964 2857 1084 2932 Petrus,
1107 2878 1141 2918 se
1187 2858 1270 2918 stulta
1289 2871 1316 2917 et

159 2946 290 2997 amentes
316 2931 435 2993 luerunt
460 2931 609 3023 discipuli,
635 2878 716 3014 quod
739 2933 826 3024 pauci
851 2945 882 2993 et
905 2931 1038 2994 imbelles
1065 2945 1173 2996 contra
1194 2935 1315 2994 militum

111 3135 117 3142 .
158 3009 821 3158 nitet‘ttt'tttttflttlttl
838 3020 1106 3167 ttttttj‘tttt
1117 3011 1316 3148 offleii

159 3161 341 3296 uemsponit.
380 3161 413 3222 Si
433 3162 632 3300 pcaerendnm
652 3163 689 3222 sit
707 3163 835 3224 tuendae
854 3162 931 3224 vitae
951 3162 1140 3244 praesidium,
1159 3109 1218 3224 sili
1233 3185 1316 3256 prae·

159 3249 495 3407 illudrirginaigetos
515 3315 551 3376 ad
571 3335 660 3397 opem
679 3314 735 3374 sibi
755 3315 905 3376 serendam
922 3335 983 3375 non
999 3329 1139 3388 arcessat,
1157 3317 1254 3408 multo
1266 3317 1319 3406 mi·

159 3413 214 3527 ¹¹¹¹?
231 3391 1224 3530 'ttttltttttt¹²t0ttl⁶tttntlt⁰rttltttt‘tt'rt
1239 3393 1319 3528 “tt

151 3479 210 3637 ienae
229 3563 318 3605 ranae
336 3537 491 3627 strepitum
510 3489 673 3606 circuirent.
699 3543 835 3636 ‚Fruatm
856 3556 952 3635 autem
973 3490 1019 3605 lic
1039 3489 1180 3605 ldbdrant
1198 3489 1318 3634 quidam

157 3619 1320 3778 ttttffittttmtlt'tt‘¹3tt¹tti²‘tt⁰¹t¹it‘tittt‘tt‘tt

156 3785 260 3868 fluant,
279 3775 360 3856 quod
371 3773 478 3839 titium
497 3795 579 3835 anum
598 3773 688 3835 morti
708 3774 874 3853 exposuerit
892 3775 1009 3842 nudum¹
1022 3785 1059 3863 et·
1072 3773 1228 3866 inermem²
1248 3774 1319 3854 quia

152 3873 199 3914 arc
218 3869 338 3913 neeesse
358 3861 436 3925 erat,
461 3861 492 3910 et
508 3849 599 3911 semel
617 3861 772 3922 statutum,
799 3861 943 3910 ettamen
964 3850 1000 3909 ad
1019 3852 1178 3910 mittendas
1200 3872 1229 3910 er
1248 3871 1318 3929 sup-

455 3237 528 3298 ecim
548 3237 681 3322 angelos,
700 3239 752 3302 sed
772 3238 924 3319 copiosum
944 3251 975 3300 et
994 3239 1135 3299 invictum
1149 3253 1318 3300 exercitum.

29 3991 31 3995 .
156 3929 251 4010 petias
276 3927 413 4008 precibus
436 3926 516 3986 flecti
541 3926 679 4007 potnerit.
719 3925 779 3986 Sed
804 3925 881 3986 enim
906 3924 1114 3986 conditionalis
1138 3939 1186 3986 est
1206 3926 1319 3986 Christi

21 4038 34 4054 =
156 4025 265 4079 sermo,
282 4003 339 4066 sibi
358 4004 449 4086 longe
511 4003 616 4067 tionem
635 4021 698 4064 ease
717 4003 836 4062 modum
856 4003 982 4064 tuendae
1002 4001 1087 4072 ritae,
1109 4001 1165 4062 uisi
1183 4003 1319 4064 obstaret

157 4080 251 4141 Patris
270 4080 416 4141 voluntas.
479 4080 505 4140 ic
523 4072 639 4140 tollitur
659 4079 752 4140 omnis
771 4097 804 4139 re
826 4079 976 4162 uguautia‚
995 4079 1135 4157 quoniam
1149 4076 1222 4140 ideo
1237 4099 1318 4139 aro·

156 4156 256 4240 gando
271 4155 359 4218 Patre
378 4155 518 4216 abstinuit
531 4155 675 4230 Christus,
695 4156 776 4234 quod
816 4176 831 4215 e
852 4154 1000 4224 contrario
1021 4153 1083 4214 eius
1103 4155 1229 4216 decreto
1250 4176 1315 4214 cer-

155 4243 203 4292 tus
221 4231 309 4292 soret.
347 4231 427 4294 llinc
444 4244 544 4293 tamen
563 4232 679 4292 elicitur
698 4232 776 4292 utilis
795 4230 941 4304 doctriua,
960 4229 1094 4292 iniuriam
1114 4229 1215 4292 iacere
1236 4231 1315 4300 Deo,

157 4309 208 4394 qui
227 4305 264 4369 ad
282 4309 383 4370 illicita
401 4309 496 4370 suedia
516 4308 693 4390 confugiunt
710 4307 889 4370 necessitatis
909 4317 1067 4388 praetextu.
1100 4306 1133 4366 Si
1151 4309 1220 4387 quis
1238 4307 1311 4387 tagi-
1375 4377 1377 4394 Ι
