2790 4838
364 279 457 360 1(81.
477 281 567 342 Marii
585 287 741 364 tempestas
759 285 884 367 iedata.)
954 235 960 250 ι
1145 299 1204 364 Μ

146 427 256 498 LUC.
278 434 365 501 VIII.
405 437 455 502 22.
478 438 611 506 Factum
633 451 681 506 est
702 453 808 510 autem
829 443 966 532 quadam
984 445 1114 526 dle,'ut
1131 451 1204 537 ipse

71 533 266 599 ascenderet
292 539 327 602 in
357 541 462 604 navim
491 563 528 604 ac
557 539 716 629 discipuli*
735 548 813 611 eius.
876 547 924 614 Et·
944 531 1022 614 dicit
1040 531 1093 614 ''ad
1120 549 1204 631 illos,

70 633 286 700 Traiiciamus
317 639 352 704 in
386 637 572 708 ulteriorem
606 635 861 733 τίρῑιιιιζεῐειςιιῖ.ἱ
906 649 1001 714 Tune
1027 649 1204 718 solverunt.

13 802 18 815 ,
69 738 115 800 23.
142 737 385 822 Navigantibns
413 755 518 808 autem
540 743 605 810 illis
627 744 837 830 ohdormivit,
869 762 901 816 et
922 753 1040 838 ingruit
1061 752 1206 839 procella

68 841 155 902 venti
177 841 214 902 iu
236 847 391 925 stagnum,
414 855 446 907 ot
467 845 711 932 cotuplehantur
733 873 769 913 ac
781 851 1055 937 periclitabantur.
1084 853 1207 920 atae·
1239 852 1245 858 ’

70 942 225 1007 cedentes
244 953 351 1006 autem
368 935 695 1034 suscitaverunteuim
715 947 870 1032 dicentes,
889 953 1095 1041 Praeceptor,
1116 979 1209 1042 pram

71 1055 198 1129 ceptor,
232 1037 386 1130 perimus.
434 1055 478 1111 at
501 1048 560 1112 ille
588 1063 792 1136 experrectus
819 1057 996 1141 increpavit
1022 1067 1153 1123 ventum
1175 1067 1208 1124 et

69 1157 295 1234 tempestatem
317 1168 434 1232 aquae:
457 1159 489 1212 et
504 1161 729 1232 cessaverunt,
750 1153 900 1242 iactaque·
919 1167 967 1222 est
986 1149 1208 1246 tranquillilas

13 1276 23 1286 ·
69 1250 115 1314 25.
135 1250 233 1314 Iiixit
255 1247 460 1327 autemillis,
486 1249 554 1315 Ubi
577 1261 625 1332 est
644 1251 728 1332 tides
749 1259 873 1333 uestra?
902 1239 1080 1332 ¹'limentes
1102 1255 1222 1340 autem,

69 1355 172 1418 mirati
192 1361 288 1427 sunt,
315 1349 460 1416 dicentes
479 1353 631 1426 interce,
661 1351 816 1439 Quisnam
839 1357 892 1420 hio
913 1366 976 1436 est,
1007 1361 1084 1445 quia
1103 1365 1210 1427 ventis
1285 1415 1287 1422 χ

70 1475 201 1544 qnoque
225 1461 259 1517 et
280 1473 385 1538 aquae
406 1455 550 1538 imperat,
571 1465 603 1518 et
625 1453 782 1520 obediunt
805 1459 855 1522 ci?

146 1586 232 1666 Quia
252 1583 353 1665 paulo,
365 1575 550 1662 phet-rursus
570 1587 622 1645 liet
641 1587 719 1646 lacus
738 1589 868 1661 mentio,
895 1607 983 1668 quum
1004 1588 1132 1668 dicetur,
1154 1590 1210 1651 int-

73 1677 139 1754 petn
159 1664 307 1742 abreptos
327 1659 397 1720 illuc
418 1661 505 1722 luisse
525 1683 648 1744 porcos,
674 1685 711 1722 an
731 1685 806 1723 unus
826 1678 856 1724 et
875 1665 952 1725 idem
972 1667 1010 1726 sit
1028 1666 1121 1742 lacus,
1147 1688 1210 1740 non

73 1753 147 1800 mter
168 1760 276 1800 omnes
297 1737 447 1798 convenit.
485 1739 654 1800 Genesarce
675 1763 761 1820 aquas
783 1741 870 1801 luisse
890 1755 976 1825 gustu
991 1765 1096 1804 suaves
1116 1755 1147 1803 et
1163 1765 1212 1805 sa-

72 1817 169 1877 lubres
195 1837 271 1890 usu,
303 1834 405 1874 ornnes
430 1817 573 1876 latentur:
601 1818 698 1876 lacum
719 1830 789 1878 tero
812 1819 1000 1880 Gadarenum
1020 1820 1130 1880 Strabo
1151 1833 1211 1882 tam

72 1895 190 1953 noxium
213 1905 245 1952 et
265 1891 454 1972 pestilentem
473 1893 562 1953 fuisse
583 1895 663 1966 dicit,
684 1908 716 1958 ut
735 1907 808 1975 potu
828 1917 942 1977 ungues
955 1909 985 1956 et
996 1897 1073 1978 pilos
1083 1899 1212 1989 pecudes

73 1973 252 2031 amitterent.
285 1968 370 2026 Duos
392 1989 465 2050 ergo
486 1971 616 2030 diversos
638 1972 724 2032 luisse
744 1979 833 2046 lacus,
855 1985 903 2032 et.
926 1975 1022 2033 uidem
1042 1976 1213 2057 satrslongo

72 2049 210 2108 distantia
232 2045 370 2106 locorum
389 2058 552 2138 separatos,
583 2049 702 2108 ‹luhium
723 2061 857 2120 nonest.
927 2071 984 2128 une
1003 2071 1096 2130 porro
1117 2052 1213 2112 lacum

74 2125 107 2184 de
119 2125 278 2184 Genesara
297 2121 427 2204 intelligi
447 2122 566 2193 dehere,
585 2139 665 2183 extra
686 2126 918 2186 controversiam
938 2139 994 2186 est:
1016 2149 1075 2206 quo
1086 2130 1212 2188 traiecto

73 2203 227 2284 prolectas
255 2211 300 2258 est
326 2197 459 2260 Christus
484 2201 520 2260 ad
546 2202 736 2275 GffllttiffissS,
768 2203 817 2282 qui
839 2203 1005 2285 Gergeseni
1025 2225 1041 2263 a
1061 2205 1213 2264 Matthaeo

4 2293 10 2367 Ι
73 2291 227 2339 vocantur.
260 2273 323 2350 Qui
344 2291 441 2337 autem
461 2298 495 2336 es
514 2280 641 2336 nominis
661 2279 829 2338 diversitate
850 2279 976 2339 diuersas
996 2281 1130 2340 historias
1142 2301 1213 2340 nar-

74 2357 130 2414 rari
156 2353 322 2435 coliigunt,
353 2354 420 2412 dum
446 2355 542 2454 arguti
567 2355 660 2415 videri
685 2366 844 2434 appetunt,
873 2356 958 2414 nimis
985 2377 1078 2416 crassa
1099 2356 1214 2418 inscitia
1244 2405 1248 2414 .

72 2431 224 2494 lahnntur.
257 2429 356 2567 heppo
377 2431 454 2490 enim
469 2433 533 2506 (sex
555 2451 710 2490 esenorum
724 2431 880 2491 Gadarene
901 2453 1022 2510 qnoque
1041 2445 1145 2493 vocata
1158 2429 1214 2492 luit

75 2531 91 2570 a
117 2509 248 2570 Gadaris
274 2529 308 2565 ur
331 2527 347 2566 e
373 2507 494 2569 celebri.
564 2507 709 2588 ieronymi
729 2517 825 2567 aetate
845 2519 987 2567 mutatum
1007 2519 1069 2566 erat
1089 2529 1213 2568 nomen:

76 2587 175 2666 itaque
203 2585 375 2646 Gerasenos
401 2606 435 2645 ex
458 2603 543 2644 more
566 2595 637 2643 tunc
660 2595 784 2663 recepto
811 2583 948 2674 appellat
996 2584 1095 2658 Quum
1115 2593 1215 2644 tamen
1282 2640 1289 2652 ,

76 2665 161 2746 porei
187 2661 220 2722 in
248 2661 344 2721 lacurn
369 2661 558 2722 Gadarenum
606 2659 760 2741 raecipites
784 2672 842 2720 acta
859 2661 925 2720 'sint
944 2681 960 2720 a
980 2659 1121 2733 diabolis,
1151 2681 1215 2720 non

76 2759 225 2822 repugno.
284 2737 346 2802 Sed
371 2759 459 2818 quum
487 2739 559 2798 dicit
584 2681 734 2812 Christus,
765 2737 960 2798 Transeamus
985 2737 1016 2795 in
1041 2736 1216 2796 ulteriorem

77 2819 181 2898 ripam,
201 2815 233 2874 id
253 2835 316 2876 non
336 2835 454 2895 possum
473 2815 529 2874 nisi
550 2814 587 2874 de
607 2815 758 2875 Genesara
780 2835 937 2894 exponere.
975 2815 1062 2874 Nunc
1081 2813 1118 2874 de
1138 2825 1216 2873 tem-

77 2915 150 2974 pore
170 2903 265 2952 restat
283 2892 457 2964 videndum,
487 2893 567 2971 quod
587 2911 685 2972 neque
706 2914 740 2953 ex
760 2891 928 2967 Matthaeo,
959 2909 1057 2969 neque
1079 2909 1113 2950 ex
1127 2890 1214 2951 ¹Luca

99 2981 177 3032 otest
196 2967 316 3050 colligi:
336 2969 415 3036 solus
427 2969 541 3028 Marcus
560 2989 711 3049 vesperam
732 2979 818 3028 notat
838 2969 900 3028 eius
919 2967 987 3043 diei,
1008 2987 1067 3046 quo
1080 2967 1217 3030 disseruit

78 2991 213 3109 Christus
239 3046 276 3104 de
300 3045 457 3126 Evangelii
503 3045 702 3106 raedicatIone
727 3045 781 3106 suh
801 3045 942 3125 parabola
961 3044 1087 3106 seminis.
1126 3043 1217 3104 Unde

80 3135 214 3261 apparet,
234 3142 297 3180 non
317 3131 462 3182 servatum
482 3067 570 3182 luisse
588 3121 627 3181 ab
648 3122 705 3185 illis
716 3123 857 3202 temporis
869 3123 1014 3197 ordinem,
1035 3121 1221 3212 quodetiam
1269 3131 1281 3140 “
1312 3187 1323 3208 x

3 3261 4 3270 ,
81 3223 155 3262 care
178 3199 316 3279 exprimit
335 3199 438 3276 Lucas,
459 3219 547 3278 quum
567 3199 649 3273 dicit,
669 3200 778 3259 factum
800 3220 862 3263 esse
884 3200 1007 3280 quadarn
1027 3199 1088 3258 dre:
1110 3197 1217 3278 quibus

3 3281 4 3298 ¹
79 3279 177 3414 perh-is
203 3275 350 3354 ostendit,
380 3295 412 3336 se
437 3275 520 3337 anxie
544 3297 607 3337 non
627 3276 781 3353 laborare,
812 3275 883 3356 quid
903 3276 984 3357 prius
1003 3275 1050 3336 vel
1070 3275 1217 3358 posterius

95 3366 179 3416 uerit.
856 3385 858 3390 .

3 3431 4 3442 ¹
155 3431 262 3491 Illatth.
282 3435 330 3494 23.
371 3429 467 3514 (luem
492 3434 639 3508 ingressio
661 3443 731 3490 esset
753 3432 860 3490 nomm.
899 3430 1015 3491 Marcus
1035 3431 1123 3506 dicit,
1136 3429 1218 3490 valias

83 3528 203 3644 quoqdne
224 3505 371 3594 naviculas
391 3506 553 3568 traiecisse:
585 3505 735 3566 Christum
754 3527 827 3568 vero
847 3507 998 3588 propriam
1018 3527 1123 3568 navem
1144 3527 1219 3567 con·
1277 3535 1280 3538 ·
1309 3503 1319 3514 “

82 3605 150 3644 scen
173 3584 230 3644 isse
261 3603 341 3644 cum'
357 3583 415 3643 suis
446 3583 605 3664 discipulis.
662 3583 757 3644 Lucas
783 3582 869 3644 etiam
893 3585 999 3644 recitat
1025 3585 1087 3644 cius
1112 3581 1219 3644 verhae

3 3717 5 3732 ,
82 3661 248 3721 Matthaeus
281 3659 401 3720 brevior
429 3672 481 3720 est
539 3661 575 3720 In
606 3679 717 3720 samma
741 3671 841 3722 umen
869 3661 1072 3734 consentiunt,
1110 3677 1219 3735 nempe

3 3767 4 3782 ,
84 3739 162 3816 quod
187 3757 220 3798 se
247 3735 380 3798 Christus
405 3737 442 3796 ad
468 3737 597 3817 quietem
621 3757 688 3797 com
711 3738 838 3812 oeuerit,
877 3751 965 3818 atque
990 3757 1027 3797 eo
1054 3734 1220 3796 dormiente

83 3826 208 3894 repente
234 3825 335 3873 exorta
361 3813 450 3872 luerit
473 3826 531 3873 tem
556 3825 638 3874 estas.
722 3815 797 3874 elme
824 3825 934 3874 certum
957 3825 1016 3886 est,
1045 3833 1107 3871 non
1128 3809 1218 3868 luisse

82 3891 236 3950 fortuitam
256 3889 428 3970 procellam,
449 3835 637 3969 qaaeiacum
657 3888 794 3950 turbavit.
827 3891 990 3966 Quomodo
1012 3889 1090 3948 enim
1109 3885 1220 3946 Filium

83 3988 165 4028 suram
187 3987 282 4028 coeco
302 3977 457 4027 santorum
477 3967 589 4046 impetu
608 3967 710 4026 iactari
729 3987 828 4046 passus
848 3968 949 4026 fuisset
964 3965 1066 4026 Densi
1085 3963 1146 4024 Sed
1160 3963 1221 4023 ,hac

3 4051 4 4118 i
84 4043 243 4105 occasione
263 4044 431 4123 patefacere
450 4042 603 4124 Apostolis
621 4043 747 4117 voluit,
764 4063 851 4122 qnam
870 4043 972 4124 exigua
993 4054 1024 4102 et
1043 4039 1147 4100 debilis
1168 4040 1222 4100 ad-

3 4179 4 4194 ,
84 4121 140 4180 huc
173 4132 252 4182 esset
277 4141 381 4181 eorum
407 4119 488 4183 fides.
548 4120 689 4194 Quamvis
716 4119 804 4180 etiam
829 4119 967 4180 naturalis
992 4117 1083 4179 fuerit
1110 4115 1223 4177 Christi

3 4201 4 4210 ’
84 4217 220 4272 somnne,
239 4196 332 4258 valuit
350 4208 448 4256 umen
469 4197 505 4256 ad
525 4196 650 4256 eundem
670 4217 769 4271 usum,
788 4209 821 4256 nt
840 4217 920 4256 suam
939 4195 1139 4255 infirmitatem
1158 4213 1223 4260 me,-

84 4273 138 4334 lius
169 4284 370 4356 agnoscerent
398 4274 469 4336 disci
492 4272 541 4332 uli.
598 4273 669 4340 Non
701 4274 795 4335 dicam
827 4272 908 4354 quod
932 4272 1032 4349 multi,
1071 4272 1222 4333 Christum

86 4349 201 4412 fluxuse
227 4369 380 4426 somnum,
408 4295 527 4411 ut'illos
546 4348 700 4430 probaret:
731 4350 830 4442 potius
850 4349 992 4410 dormisse
1011 4349 1161 4422 existimo,
1189 4358 1222 4408 ut

86 4425 205 4489 ferebat
230 4427 375 4488 humanae
398 4428 459 4490 cius
485 4437 607 4489 naturae
627 4427 761 4490 conditio
780 4437 812 4488 et
829 4425 994 4489 necessitas.
1033 4425 1157 4487 Interim
1174 4433 1221 4484 ta·
1251 4467 1255 4474 ·

836 4501 1184 4586 '1⁵*·.*
