2768 4834
349 257 353 264 Ι
418 335 421 348 «
452 295 586 358 Ounno
607 313 643 360 nr
663 311 789 360 nourr.
1129 303 1188 366 tta

56 447 160 509 luceant.
188 445 309 510 Postea
335 449 421 510 addit
440 449 510 510 duas
531 449 744 524 similitudines,
764 447 861 530 neque
879 445 1019 526 oppidum
1038 448 1069 508 in
1086 465 1188 515 monte
1273 515 1279 527 ,

53 525 121 586 situm
136 523 229 584 lam
252 548 361 601 posse,
382 547 437 587 nec
452 527 609 604 lumnam
626 549 714 619 quum
731 547 853 588 accensa
865 537 919 600 est,
937 527 1030 588 solere
1041 527 1189 605 neudum-r,

55 603 140 690 quibus
159 601 264 662 verbis
290 603 462 684 significat,
482 605 522 664 sic
539 604 596 665 illis
615 605 770 665 vivendum
791 625 870 676 esse,
890 604 948 662 acsi
968 603 1100 662 omnium
1117 625 1189 664 ocu-

54 677 188 738 lsessent
209 681 359 759 expositi.
394 681 433 739 Et
452 693 531 740 certe
551 703 609 762 quo
627 681 718 760 magis
739 682 861 760 quisque
878 679 997 754 eminet,
1018 700 1054 738 eo
1110 682 1189 740 uvius

53 766 126 814 nocet
151 755 233 814 malo
264 755 427 835 exemplo,
458 756 481 816 si
505 777 537 816 se
563 779 698 836 perverse
729 759 815 840 gerit.
859 757 932 816 Vult
956 777 1028 838 ergo
1056 701 1190 818 Librris'tus

53 830 198 912 Apostolos
221 853 263 892 eo
287 833 407 892 maiore
426 833 523 894 studio
543 833 674 893 intentos
695 854 757 894 esse
777 834 814 894 ad
835 835 882 915 pie
908 847 1066 912 sancteque
1087 835 1189 895 viven-

51 909 119 980 dum,
151 929 245 988 quam
283 907 441 988 quoslibet
464 909 590 992 evulgo
621 909 762 971 obscuros
785 911 934 982 homiues,
965 911 1030 990 quia
1058 911 1189 972 omniurn

52 985 115 1044 oculi
133 985 164 1044 in
187 1006 244 1045 eos
269 985 361 1065 quasi
379 986 409 1044 iu
427 985 561 1046 lucernas
578 986 705 1046 coniecti
722 988 794 1048 siut:
816 1009 871 1047 nec
890 987 951 1047 ullo
975 989 1066 1047 ruodo
1089 987 1189 1048 leren-

51 1061 91 1120 dos
108 1082 180 1134 esse,
202 1062 266 1122 uisi
290 1061 390 1142 pietas
409 1073 439 1122 et
457 1063 535 1122 vitae
557 1062 719 1144 integritas,
738 1064 899 1138 doctrinae,
919 1064 1000 1124 euius
1018 1075 1086 1124 suut
1101 1065 1189 1124 mini-

50 1139 104 1210 stri,
122 1141 328 1229 respondeat.
369 1139 456 1218 aput
475 1138 617 1198 Murcum
636 1151 666 1198 et
687 1139 800 1199 Mum
820 1137 964 1200 dissimilis
989 1159 1052 1202 esse
1073 1140 1189 1202 videtur

50 1213 117 1274 buius
146 1215 365 1275 similitudinis
391 1215 639 1276 accommodatio:
671 1237 737 1275 nam
762 1215 822 1276 illic
848 1215 1027 1296 generaliter
1050 1218 1191 1280 admonet

50 1289 185 1367 Christus,
212 1291 331 1353 sedulo
353 1293 513 1352 cavendum
534 1312 612 1366 esse,
642 1312 680 1351 ne
705 1291 762 1352 sibi
781 1293 922 1372 peccandi
943 1291 1090 1353 licentiam
1111 1295 1190 1374 quis-

50 1388 121 1446 quam
140 1368 290 1428 tenebris
311 1369 404 1428 fretus
418 1367 581 1450 indulgeat,
602 1368 669 1448 quia
681 1369 762 1446 quod
782 1369 819 1428 ad
836 1381 952 1448 tempus
976 1367 1123 1429 occultum
1136 1383 1191 1447 est,

50 1445 152 1504 taudem
180 1445 332 1536 patefiet:
364 1443 420 1505 uisi
444 1444 523 1507 iorte
549 1444 692 1526 abruptos
717 1465 869 1506 sermones
889 1457 1013 1524 uterque
1033 1444 1095 1506 siue
1115 1467 1190 1507 cou-

49 1531 116 1580 tertu
134 1533 261 1584 recrtat.

114 1607 160 1665 lb
201 1601 265 1660 Sic
285 1597 381 1659 baccar
398 1597 455 1658 lac
476 1613 571 1660 msera
595 1621 695 1660 corum
716 1595 885 1660 bominibus.
924 1597 1085 1678 Postquam
1105 1597 1191 1679 Apo·

54 1675 131 1736 stolus
151 1675 183 1737 iu
215 1698 259 1736 eo
283 1677 379 1758 gradu
398 1676 509 1756 positos
530 1697 592 1741 esse
612 1677 714 1736 docuit
733 1675 882 1750 Christus,
912 1686 946 1734 ut
967 1674 1116 1736 tam-vitia
1137 1695 1190 1735 eo-

54 1773 106 1810 nrm
125 1774 215 1832 quam
239 1753 370 1812 virtutes
385 1752 493 1842 procul
520 1764 682 1834 appareant
704 1753 736 1813 in
761 1751 873 1812 bouum
898 1751 944 1812 vel
965 1750 1072 1812 malum
1093 1773 1190 1812 exem-

55 1827 132 1962 plum,
152 1851 237 1892 nune
250 1829 349 1888 ¹iubet
367 1841 452 1888 vitam
473 1829 513 1889 ita
530 1850 728 1909 componere,
748 1840 781 1888 ut
803 1849 905 1890 omnes
925 1830 960 1888 ad
976 1827 1074 1888 Deum
1095 1829 1189 1910 glori-

71 1907 190 1968 caudum
212 1906 359 1967 excitent
399 1906 541 1980 Videant,
566 1905 675 1985 iuquit,
702 1905 836 1966 homines
861 1906 939 1966 bona
966 1917 1063 1966 vestra
1088 1926 1190 1985 opera,

58 1983 127 2058 quia,
146 1995 224 2044 teste
249 1979 348 2042 Paulo
369 1981 423 2060 (ΙΙ.
448 1983 519 2044 Cor.
539 1987 574 2055 8,
594 1985 673 2057 ta),
698 2005 759 2042 nou
779 1995 893 2043 tautum
914 2002 1012 2042 coram
1032 1983 1117 2055 Deo,
1138 1985 1191 2044 sed

58 2059 133 2118 etiam
153 2082 259 2121 coram
282 2057 451 2118 bominibus
475 2059 575 2118 fideles
597 2057 675 2118 bona
716 2071 865 2120 rocurant.
903 2060 978 2120 Nam
1000 2061 1079 2138 quod
1100 2059 1190 2140 paulo

59 2149 117 2213 post
134 2136 279 2198 latebras·
293 2146 325 2196 et
345 2155 487 2194 secessum
509 2155 650 2215 quaerere
670 2082 787 2196 iubebit
805 2135 835 2194 in
856 2136 942 2196 bouis
969 2156 987 2195 o
1012 2135 1126 2207 eribus,
1160 2135 1189 2195 id

61 2223 161 2272 tautum
182 2211 385 2296 corrigendae
405 2211 678 2272 ambitiouidictum
699 2224 751 2272 est.
790 2211 876 2273 Nunc
896 2233 968 2272 vero
989 2157 1080 2294 longe
1100 2212 1190 2270 alium

62 2287 138 2348 inem
157 2290 368 2360 commendat,
391 2289 474 2348 unios
493 2287 605 2348 scilicet
623 2289 683 2348 Dei
702 2289 836 2370 gloriam.
875 2287 972 2349 Porro
993 2287 1016 2348 si
1038 2291 1187 2348 bonorum

64 2385 174 2444 operum
195 2367 295 2448 gloria
316 2363 372 2424 rite
393 2364 481 2425 tribui
500 2365 568 2424 lleo
593 2365 712 2444 nequit,
744 2365 814 2443 quiu
842 2365 885 2423 illi
911 2365 1044 2424 serantur
1070 2377 1190 2443 accepta

65 2453 90 2500 et
105 2455 260 2504 censeatur
280 2439 384 2500 unicus
404 2463 506 2501 eorum
528 2453 644 2514 auctor,
669 2441 737 2500 bine
758 2453 895 2520 apparet,
920 2461 981 2499 nou
1007 2439 1069 2498 siue
1089 2453 1191 2519 aperta

67 2540 206 2600 crassaque
227 2518 288 2580 Ilei
309 2518 486 2578 contumelia
507 2517 632 2578 liberum
653 2517 806 2576 arbitrium
827 2514 942 2590 extolli,
973 2516 1053 2594 quasi
1075 2509 1108 2573 e'x
1128 2514 1190 2592 elus

66 2595 159 2658 n'rtute
180 2597 262 2656 bona
285 2615 377 2674 opera
397 2595 442 2654 vel
464 2595 493 2654 in
516 2605 610 2654 totum
635 2592 680 2652 vel
707 2603 843 2672 exparte
864 2601 1025 2672 emergant.
1063 2591 1191 2650 Rursum

67 2675 218 2734 nouudum
240 2684 294 2746 est,
315 2690 401 2749 quam
422 2671 551 2752 benigue
572 2667 725 2730 uobiscum
747 2680 815 2760 agat
833 2669 926 2741 Deus,
946 2667 995 2745 qui
1016 2679 1116 2726 nostra
1136 2687 1189 2725 vo-

68 2763 107 2808 cat
123 2750 201 2810 bona
221 2769 327 2830 opera,
347 2769 472 2827 quorum
491 2747 615 2820 solidam
635 2745 750 2806 laudem
771 2765 833 2806 ture
854 2743 910 2806 sibi
929 2741 1097 2804 ascriberet

101 2949 176 3028 (lt.)
219 2946 399 3013 maten:
417 2947 454 3011 V.
496 2947 547 3012 17.
573 2945 625 3010 Ne
648 2947 845 3021 existimetis,
871 2941 961 3030 quod
983 2943 1127 3006 venerim
1149 2939 1191 3006 ad

70 3047 285 3116 destruendam
309 3047 427 3134 Legem
456 3057 511 3112 aut
532 3045 727 3133 Prophetas:
761 3067 828 3112 non
855 3047 993 3109 vcni'ut
1021 3043 1195 3120 destruam,

70 3151 117 3217 sed
138 3165 171 3218 ut
192 3149 354 3236 impleam.
398 3147 581 3225 litldmen,
603 3150 723 3234 quippe
744 3145 820 3213 dico
841 3147 945 3224 vobis,
968 3147 1077 3212 donec
1098 3169 1191 3232 prae·

71 3263 160 3319 terent
180 3251 311 3319 coelom
335 3261 366 3314 ct
387 3256 485 3327 terra,
519 3252 585 3314 iota
608 3269 705 3312 tinum
728 3259 782 3314 aut
804 3266 886 3316 unus
908 3269 988 3333 apex
1010 3267 1076 3313 non
1098 3269 1192 3333 pruc-

71 3359 180 3420 tcrierit
200 3376 239 3418 ex
261 3351 364 3436 Lege,
391 3350 480 3437 quod
501 3353 609 3416 omnia
630 3347 719 3414 liunt.
761 3351 811 3416 19.
835 3349 991 3436 Quisquis
1012 3351 1108 3434 igitur
1127 3347 1192 3414 sol-

72 3459 259 3522 scriturum
281 3475 319 3516 ex
340 3452 499 3516 mandatis
518 3449 604 3514 hisce
627 3451 777 3526 minimis,
800 3461 831 3515 et
853 3453 900 3516 sic
921 3449 1070 3518 docuerit
1092 3449 1193 3516 bomi-

73 3575 132 3634 nes,
160 3558 309 3622 minimus
335 3551 505 3618 vocabitur
525 3543 559 3616 iu
580 3571 682 3636 regno
704 3549 887 3617 coelorumt
918 3552 1064 3636 quisquis
1085 3558 1191 3614 autem

73 3653 171 3722 lecerit
191 3669 224 3722 et
247 3655 403 3733 docuerit,
424 3652 477 3718 bic
500 3673 633 3738 magnus
653 3650 824 3718 vocabitur
844 3651 877 3717 in
890 3671 999 3736 ¹reguo
1015 3648 1191 3716 coelorum.

144 3791 246 3860 LUC.
274 3791 360 3855 xvt
401 3790 451 3856 17.
482 3787 623 3854 Facilius
651 3798 699 3852 est
724 3797 829 3854 autem
854 3726 982 3851 cubum
1016 3794 1048 3849 ct
1074 3793 1192 3848 terram

75 3897 254 3974 praeterire,
276 3913 371 3980 qoam
392 3883 488 3977 Legis
510 3891 634 3974 apicem
657 3906 755 3952 unum
777 3886 904 3951 cadere.

136 4049 241 4112 blattb.
261 4055 309 4114 17.
347 4047 395 4107 Na
413 4047 595 4120 existimetis,
620 4058 671 4105 etc.
709 4043 773 4102 Etsi
795 4041 943 4113 Christus,
964 4059 1019 4118 qua
1041 4037 1096 4097 luit
1115 4037 1192 4099 sitae

77 4127 264 4202 perfectione,
283 4125 391 4184 iactare
410 4123 517 4184 merito
538 4133 671 4202 poterat,
696 4141 727 4181 se
747 4120 860 4180 venisse
880 4119 917 4176 ad
936 4115 974 4174 im
999 4115 1114 4180 leudam
1133 4115 1191 4175 Le-

77 4221 145 4280 gem,
173 4203 222 4264 hic
246 4215 345 4262 tamen
367 4202 403 4261 de
423 4199 557 4260 doctriua
579 4195 689 4279 agitur,
722 4217 783 4256 nou
805 4192 928 4253 devita.
968 4135 1047 4265 guia
1067 4191 1192 4254 subinde

77 4277 220 4355 clamabat,
251 4277 365 4338 venisse
385 4297 510 4360 regnum
530 4269 603 4347 Dei,
635 4286 667 4333 et
692 4273 844 4332 bominum
870 4267 982 4328 animos
1002 4267 1120 4328 insolita
1139 4289 1192 4351 spe

78 4356 206 4439 erigebat,
226 4353 298 4418 disci
320 4355 384 4416 ulos
403 4355 492 4415 etiam
504 4351 640 4411 initiabat
651 4350 808 4431 baptismo,
827 4342 984 4434 probabile
996 4356 1049 4419 est,
1068 4359 1191 4424 suspeu-

78 4450 116 4494 sos
133 4455 164 4495 ac
184 4431 291 4496 dubios
299 4377 388 4494 luisse
400 4429 559 4496 multorum
571 4427 694 4504 animos,
713 4426 857 4502 anxieque
877 4439 1033 4501 quaesisse,
1053 4441 1191 4500 quorsum

522 4533 530 4559 Ι

848 4635 862 4662 Ι
