2766 4840
171 238 230 301 274
264 173 268 182 .
567 271 570 281 .
628 223 745 287 secu.
766 223 879 285 xvrrt.

9 363 10 370 ἵ
106 435 108 452 ,
175 379 304 468 postoris
321 401 426 474 carere
439 379 549 462 placet,
567 377 605 440 sit
623 380 700 460 apud
720 395 775 438 nos
796 376 945 440 individua
964 375 1117 460 signorum
1137 388 1168 438 et
1188 376 1340 439 doctrinae
1372 411 1373 448 ι

320 481 360 519 ιο.

176 473 319 604 conlidit
337 535 459 615 Sisreri
471 546 584 610 posset,
610 532 696 592 etium
714 531 804 592 electi.
843 531 911 591 Hoc
942 531 1071 592 additum
1097 532 1154 592 suit
1182 531 1339 591 incutiendi

175 613 299 676 terroris
327 633 429 685 carna,
455 631 514 690 quo
541 610 632 692 magis
657 606 785 668 sollicite
809 607 916 688 intenti
936 620 1034 668 essent
1054 609 1158 669 fideles
1178 609 1216 669 ad
1238 629 1340 668 caren-

83 713 86 730 ⁴
165 685 259 752 dum:
279 711 346 748 nam
367 688 418 748 ubi
437 700 497 747 tam
517 685 626 746 ellreni
646 685 765 744 licentia
783 696 952 765 grassantur
963 685 1260 766 pseudoprophetae,
1278 698 1339 744 tau-

175 780 264 850 taque
285 765 406 825 fallendi
427 763 556 829 efficacia
576 761 632 822 illis
652 761 835 830 conceditur,
856 760 941 821 sacile
962 774 1038 824 esset
1057 781 1180 823 securos
1200 777 1231 822 et
1244 761 1337 821 incau-

125 847 135 870 ⁸
175 859 223 906 tos
244 864 346 903 eorum
366 839 517 902 fraudibus
535 838 697 917 illaqueari.
738 837 871 898 Christus
892 858 963 918 ergo
985 840 1146 918 discipulos
1159 860 1231 900 suos
1242 840 1278 898 ad
1293 861 1336 897 et-

167 921 276 982 ,cubias
296 916 423 999 agendas
442 917 578 976 hortatur
597 927 628 975 et
647 913 768 974 excitat:
790 911 896 974 deiude
917 914 1002 974 etiam
1024 917 1166 982 admouet
1186 937 1250 975 non
1272 936 1338 980 esse,

128 1001 131 1017 ⁸
177 1020 228 1058 cur
239 995 395 1056 turbentur
406 992 538 1053 novitate
549 990 718 1072 spectaculi,
739 989 762 1049 si
783 989 890 1050 nrultos
912 993 1017 1070 passim
1038 993 1068 1050 in
1089 1013 1225 1052 errorem
1246 991 1336 1070 abripi

176 1075 304 1134 videant
344 1070 503 1141 Caeterum
522 1080 555 1128 ut
574 1090 672 1129 curam
693 1067 751 1127 suis
772 1063 876 1140 iniicit,
895 1089 934 1127 ne
953 1080 1109 1148 torpentes
1130 1069 1338 1130 circumveniat

152 1146 350 1224 ,saum-ita
374 1167 487 1206 rursum
514 1143 640 1225 amplam
665 1141 788 1204 fiduciae
813 1145 962 1204 ruateriam
987 1145 1172 1224 suppeditat,
1195 1147 1224 1204 iu
1250 1167 1337 1225 quam

179 1225 271 1307 quieti
291 1221 474 1296 recumbant,
494 1221 561 1281 duni
582 1223 661 1302 ipsos
680 1219 827 1301 promittit
846 1222 981 1280 adversus
1002 1243 1191 1301 quascunque
1209 1222 1338 1280 Satanae
1372 1279 1373 1286 ,

175 1297 293 1363 insidias
312 1301 371 1361 Dei
390 1297 537 1379 praesidio
558 1291 589 1358 e't
608 1297 739 1357 custodia
758 1306 838 1356 tutos
858 1297 933 1357 lore.
972 1298 1055 1378 Ergo
1075 1297 1261 1378 quantumuis
1278 1300 1337 1357 lra-

199 1380 244 1438 ilis
263 1379 354 1438 sitae
373 1375 485 1436 lubrica
505 1375 623 1456 piorum
643 1370 793 1445 conditio,
822 1372 904 1434 lirina
924 1386 1021 1433 tamen
1041 1373 1089 1434 hic
1110 1375 1219 1436 fultura
1240 1387 1338 1434 osten-

175 1399 266 1530 ditur,
286 1455 314 1513 in
357 1475 392 1512 ua
413 1451 587 1512 consistant:
607 1451 674 1542 quia
716 1447 835 1508 ossibile
855 1450 981 1520 nonsit,
1002 1451 1187 1512 eosasalute
1197 1451 1338 1522 excidere,

177 1533 259 1596 cuius
284 1476 377 1591 fidelis
403 1541 447 1588 est
471 1540 569 1588 custos
588 1527 689 1586 Filius.
731 1523 766 1586 ei.
805 1525 910 1606 Neque
936 1525 1013 1586 enim
1034 1526 1090 1586 illis
1110 1527 1190 1607 apud
1210 1549 1242 1587 sc
1261 1541 1337 1587 muta

176 1608 308 1690 suppetit
333 1605 474 1679 munitio,
501 1624 575 1683 quae
597 1604 723 1664 Satanae
750 1602 891 1662 machinis
915 1603 1046 1677 resistat,
1066 1605 1119 1663 sed
1139 1603 1209 1682 quia
1231 1603 1337 1664 Christi

177 1697 246 1746 sunt
270 1679 359 1757 oues,
385 1701 455 1761 quas
484 1701 572 1740 nemo
599 1681 711 1760 poterit
734 1697 839 1757 rapere
865 1702 898 1739 ex
925 1681 990 1740 eius
1006 1700 1093 1738 manu
1118 1683 1181 1754 (lo.
1202 1688 1250 1746 10,
1267 1683 1337 1754 28).

175 1761 347 1822 Notandum
367 1770 464 1818 autem
484 1769 537 1832 est,
555 1757 638 1836 quod
657 1755 756 1816 salutis
777 1768 897 1816 nostrae
913 1756 1031 1816 firmitas
1046 1777 1109 1814 uon
1127 1757 1159 1816 in
1173 1757 1271 1832 nobis,
1290 1759 1336 1817 sed

177 1837 207 1896 in
236 1855 341 1895 arcana
360 1833 420 1892 Dei
447 1832 592 1893 electione
613 1831 735 1892 locatur.
809 1853 862 1892 nan
887 1853 952 1892 uam
972 1833 1051 1892 enirn
1072 1834 1244 1894 c'ustoditur
1268 1835 1335 1894 salos

177 1925 277 1972 nostra
298 1931 353 1990 per
372 1909 457 1968 fidem
483 1911 536 1988 (ut
555 1908 661 1967 Petrus
687 1909 775 1970 docet
800 1913 856 1991 ep.'
884 1930 974 1989 ‚cap
994 1917 1023 1983 1,
1042 1909 1108 1986 5.),
1136 1910 1225 1970 altius
1244 1923 1335 1970 tanim

177 1988 376 2050 conscendere
390 1995 520 2066 oportet,
539 1983 607 2044 ideo
629 2004 683 2044 nos
703 1983 734 2044 in
756 1997 819 2048 tuto
841 2007 913 2061 esse,
933 1985 1000 2066 quia
1019 2007 1073 2045 nos
1084 1987 1178 2045 Pater
1189 1987 1266 2048 Filio
1283 2009 1336 2047 suo

175 2064 259 2125 dedit
279 2075 310 2124 et
327 2061 419 2122 Filius
438 2063 500 2144 ipse
521 2060 595 2120 nihil
615 2059 696 2140 quod
715 2060 771 2122 sibi
792 2065 890 2124 datum
911 2073 954 2122 est
970 2062 1135 2152 periturum
1156 2063 1287 2123 affirmat.

252 2147 300 2206 25.
343 2135 420 2198 Eece
437 2137 583 2216 praedixi
609 2135 696 2198 vobis.
743 2139 863 2200 Plenius
887 2139 1010 2200 Domini
1041 2151 1176 2199 mentem
1208 2141 1336 2221 exprimit

176 2217 309 2291 Marcus,
333 2238 382 2277 vos
405 2230 499 2276 mrtem
523 2227 634 2276 comte:
662 2235 724 2275 ecoe
738 2215 890 2292 praedixi.
932 2214 1048 2291 Quibus
1068 2215 1170 2276 verbis
1191 2220 1336 2288 docemur,

111 2333 115 2344 ·
176 2293 258 2354 nulla
278 2293 463 2354 excusatione
485 2293 591 2374 dignos
612 2313 694 2366 esse,
736 2313 787 2355 uos
809 2292 990 2354 offendicula
1010 2313 1026 2350 a
1047 2291 1170 2352 Christo
1191 2295 1335 2374 praedicta

176 2382 382 2433 consternant:
402 2379 469 2430 nam
490 2391 578 2450 quum
598 2367 684 2429 nobis
704 2313 763 2430 liei
783 2371 919 2431 voluntas
937 2389 994 2461 pro
1014 2368 1116 2452 regula
1140 2391 1205 2431 esse
1226 2369 1335 2444 debeat,

175 2448 284 2508 suflicit
303 2469 357 2508 nos
378 2447 408 2506 in
427 2457 563 2526 tempore
584 2466 645 2506 esse
665 2445 844 2523 admonitos,
863 2448 904 2506 ita
918 2467 944 2506 er
959 2446 1085 2526 placere.
1116 2446 1239 2508 Deinde
1253 2469 1335 2538 quum

176 2522 294 2584 fidelem
314 2545 345 2584 se
365 2523 552 2603 pronuntiet,
583 2543 638 2582 nec
658 2543 808 2602 passurum
828 2535 861 2583 ut
880 2535 1028 2583 tententur
1047 2522 1124 2582 ultra
1145 2544 1236 2603 quam
1255 2546 1336 2584 simus

176 2599 312 2676 serendo,
332 2619 480 2679 nunquam
501 2599 537 2658 ad
555 2598 747 2659 resistendum
768 2600 855 2660 nobis
872 2600 962 2660 virtus
977 2600 1083 2675 deerit,
1101 2601 1196 2661 niodo
1211 2603 1336 2662 ueiulir-
1372 2627 1373 2630 ¹

137 2691 143 2712 ⁸
175 2676 306 2740 mitatem
325 2689 454 2736 nostram
476 2675 534 2738 alat
551 2686 658 2756 torpor
678 2675 717 2753 (l.
739 2675 811 2736 Cor.
831 2684 879 2752 ¹10,
897 2677 970 2754 13.)t
1372 2676 1373 2692 ¹

251 2761 299 2818 26.
338 2753 415 2813 Ecce
432 2757 464 2810 in
483 2751 592 2811 dumo
610 2766 659 2812 est.
702 2751 795 2814 Lucas
821 2753 900 2813 liuoc
924 2773 1091 2814 sermonem
1118 2753 1209 2814 alteri
1234 2753 1337 2814 Christi

175 2847 319 2922 responso
342 2830 509 2908 permiscet:
530 2849 596 2887 nam
617 2849 705 2908 quum
719 2849 736 2888 a
748 2827 911 2891 Pharisaeis
925 2841 1045 2912 rogatus
1057 2831 1096 2890 de
1107 2831 1241 2891 adventu
1257 2831 1337 2912 regui

175 2903 236 2964 Der
261 2916 397 2986 negasset
421 2925 486 2964 cum
513 2903 720 2964 observatione
740 2917 914 2981 venturum,
942 2908 1075 2986 sequitur
1095 2908 1124 2965 in
1145 2907 1248 2968 Lucae
1269 2928 1336 2967 eon-

175 2991 273 3054 textu,
297 2981 376 3058 quod
404 2999 560 3040 conversus
580 2979 616 3040 ad
636 2979 794 3071 discipulos
815 2983 1001 3042 admonuerit
1018 2995 1163 3043 venturos
1183 3003 1249 3044 esse
1270 2985 1337 3055 dies,

175 3075 265 3134 quum
282 3056 404 3136 amplius
424 3055 513 3116 visuri
532 3076 594 3116 non
613 3056 671 3117 sint
692 3056 769 3117 dreni
787 3081 877 3118 uuum
890 3059 958 3119 Filii
972 3060 1107 3120 hominis.
1141 3061 1264 3134 Quibus
1275 3081 1336 3119 rer·

175 3129 220 3189 bis
231 3153 352 3214 monere
364 3131 466 3206 voluit,
479 3145 513 3193 ut
523 3133 554 3192 in
565 3133 630 3194 luce
640 3133 834 3206 ambularent,
847 3146 1002 3214 antequam
1015 3149 1237 3215 occuparentur
1245 3137 1335 3196 noctis

172 3208 319 3267 tenebris:
348 3209 453 3270 debuit
472 3210 550 3270 enim
570 3209 619 3271 hic
638 3208 795 3272 acerrimus
815 3211 871 3270 illis
892 3231 954 3272 esse
973 3211 1115 3286 stimulus,
1137 3223 1168 3271 ut
1183 3213 1335 3304 proficere

172 3283 336 3359 studerent,
356 3305 442 3365 quam
463 3287 513 3348 diu
532 3285 707 3347 fruebantur
719 3285 830 3348 Christi
846 3287 1021 3368 praesentia,
1041 3288 1336 3370 dumaudrrentgra-
1372 3343 1373 3356 ,

171 3359 301 3422 vissimas
327 3363 565 3443 perturbationes
588 3367 707 3424 instare.
754 3363 893 3424 Nescitur
915 3375 1030 3439 autern,
1053 3385 1092 3423 an
1116 3365 1224 3426 eadem
1250 3367 1337 3425 dere
1372 3369 1373 3436 i

153 3436 218 3510 ,bis
239 3438 425 3500 admonuerit
445 3437 579 3500 Christus
603 3437 772 3519 discipulos.
812 3439 874 3500 Sed
892 3441 963 3500 mihi
982 3439 1141 3522 probabile
1161 3455 1223 3514 est,
1247 3463 1336 3520 quum

173 3515 211 3573 de
231 3516 317 3596 regni
329 3515 388 3578 Dei
408 3516 534 3577 adventu
553 3515 638 3575 fieret
657 3515 781 3590 mentio,
801 3537 871 3596 quas
891 3517 939 3578 liic
959 3517 1084 3577 inseruit
1101 3517 1262 3578 sententias
1272 3519 1336 3576 Ln-

83 3641 94 3662 ,
173 3611 237 3650 cam
259 3613 292 3651 ex
310 3591 370 3652 alio
390 3605 449 3652 tem
473 3613 524 3652 ore
545 3593 708 3670 desumptas
727 3593 895 3654 attexuisse:
917 3595 997 3674 qaod
1015 3593 1137 3654 illinon
1149 3615 1244 3654 rarum
1256 3613 1338 3666 esse,

172 3667 242 3727 alibi
262 3668 394 3728 vidimus.
451 3681 593 3728 ,aeterum
614 3667 682 3748 quia
700 3667 784 3728 locus
804 3667 851 3728 hic
870 3690 924 3750 per
943 3670 1085 3730 inscitiam
1100 3671 1184 3731 varie
1198 3671 1337 3729 detortus
1372 3665 1373 3676 ¹

172 3755 227 3820 est,
246 3758 280 3804 ut
299 3746 459 3828 genuinum
479 3767 595 3806 sensum
616 3744 744 3804 babeant
763 3743 901 3819 lectores,
920 3747 1048 3806 notanda
1068 3747 1124 3806 illis
1143 3760 1188 3807 est
1204 3746 1336 3806 antithe-

170 3820 208 3880 sis
228 3821 307 3880 inter
325 3820 450 3881 latebras
471 3834 500 3880 et
523 3822 612 3902 longe
632 3819 750 3899 lateque
772 3833 921 3900 patentem
940 3823 1026 3904 regni
1046 3821 1158 3883 Christi
1185 3843 1336 3904 propaga·
1372 3827 1373 3904 ζ

169 3897 300 3972 tionem,
319 3917 441 3978 eamque
461 3897 586 3957 subitam
607 3909 637 3956 et
655 3897 855 3977 inopinatam,
880 3899 973 3977 qualis
992 3911 1036 3958 est
1056 3899 1096 3958 tut
1141 3900 1182 3959 ris
1202 3900 1334 3959 extensio

170 3971 296 4032 abortu
316 3972 386 4034 solis
405 3995 496 4053 usquc
518 3975 554 4034 ad
574 3995 717 4034 occasum.
757 3972 871 4034 Scimus
883 3975 960 4034 enim
973 3975 1102 4054 pseudoc
1125 3977 1216 4038 ristos
1235 3977 1334 4054 (quod

171 4069 281 4110 crassae
293 4061 323 4110 et
332 4049 437 4112 stultae
448 4051 510 4129 spei
520 4051 616 4130 gentis
627 4049 703 4109 illius
714 4062 943 4110 consentaneum
956 4057 1032 4126 erat)
1043 4072 1235 4131 quascunque
1246 4065 1333 4132 pote·
1372 4045 1373 4070 ¹

170 4134 238 4181 rant
256 4126 358 4204 copias
377 4125 408 4185 in
429 4127 614 4206 receptacula
633 4125 751 4199 deserti,
765 4125 816 4209 ,vel
839 4126 869 4184 iu
889 4125 1051 4218 speluncas,
1073 4129 1119 4188 vel
1140 4129 1171 4188 iu
1193 4129 1272 4188 alios
1288 4148 1334 4187 re·

170 4216 266 4257 cessus
286 4202 473 4276 contraxisse,
492 4215 525 4262 ut
543 4203 643 4286 iugum
653 4201 781 4262 Romani
800 4202 918 4284 imperu
937 4203 965 4263 vi
985 4215 1016 4262 et
1034 4225 1123 4264 manu
1143 4217 1258 4270 armata
1273 4226 1289 4264 a
1302 4225 1332 4264 se

169 4284 346 4359 excuterent.
386 4277 495 4338 Sensus
506 4299 577 4361 ergo
589 4291 642 4353 est,
662 4279 829 4358 quicunque
849 4300 921 4360 opes
941 4301 1005 4340 suas
1026 4281 1056 4338 in
1077 4279 1177 4340 locum
1198 4282 1333 4341 abditum

169 4333 300 4425 tolltffil,
318 4363 351 4410 ut
368 4353 465 4432 gentis
486 4355 651 4415 libertatem
671 4355 757 4417 armis
776 4367 950 4435 recuperet,
972 4377 1004 4420 se
1023 4377 1080 4436 pro
1101 4357 1226 4418 Christo
1245 4379 1332 4416 meu-
1372 4395 1373 4440 3

1193 4521 1203 4584 l
