2766 4834
205 287 246 350 24
375 241 528 346 secem
548 277 589 342 11.
610 279 769 388 ‚flloaurns
789 277 981 342 Baermras
1001 290 1165 372 sansures.

206 434 344 498 omnibns
369 435 509 498 conciliet
533 433 630 498 divina
649 431 820 516 generatio,
869 434 929 494 uod
948 433 1060 496 scilicet
1077 443 1195 514 praeter
1215 431 1349 493 ordina-

205 511 281 574 rium
306 523 429 582 natrtrce
452 512 571 571 modum
597 521 759 591 conceptus
786 530 819 570 es
846 453 959 590 apiritu
983 522 1086 570 sancto
1111 508 1209 570 fuerit·
1258 509 1349 568 Hinc

204 589 313 650 merito
333 588 436 650 crescit
454 588 541 647 nobis
561 585 684 662 fiducia,
713 598 747 647 ut
764 586 885 648 liberius
904 586 1062 647 audeamus
1080 585 1177 646 Deum
1197 585 1350 644 iuvocare
1370 651 1371 654 Ἴ

230 677 332 740 atrem,
353 665 431 744 quia,
450 673 483 723 ut
504 685 570 723 eum
590 661 677 724 nobis
698 683 883 724 communem
903 685 1001 724 secum
1021 661 1133 723 saccret
1151 663 1255 721 unicus
1278 661 1349 721 eius

204 687 308 815 bilius,
327 739 418 800 frater
437 751 539 800 noster
559 759 620 800 esse
639 738 741 802 voluit
779 741 951 800 Notandum
972 739 1063 802 etiam
1079 749 1133 812 est,
1153 739 1233 830 quod
1247 736 1348 798 Chri-

204 829 282 892 stus,
321 827 464 894 quatenus
497 815 641 876 sirituali
660 816 782 878 'virtute
818 829 980 896 conceptus
1011 827 1070 890 est,
1109 814 1214 875 dicutur
1242 835 1349 874 semen

204 896 342 954 sanctum.
388 838 644 967 Quemaehhaodum
669 893 747 952 enim
771 892 853 953 illum
879 892 1013 972 oportuit
1036 911 1099 952 esse
1117 912 1219 952 verum
1239 891 1348 950 homi-

205 989 289 1043 nem,
319 979 352 1027 ut
376 980 496 1049 peccata
516 977 617 1028 nostra
638 968 768 1049 expiaret
786 981 912 1030 mortem
935 990 972 1029 ne
992 989 1025 1029 ac
1046 967 1184 1028 Satansm
1204 967 1348 1028 vinceret

204 1045 237 1104 in
257 1064 346 1104 carne
365 1055 482 1118 nostra,
498 1045 624 1124 denique
644 1057 678 1104 ut
697 1058 772 1106 esset
791 1066 876 1106 verus
931 1043 1113 1121 ediator,1'ta
1133 1063 1252 1104 necesse
1274 1043 1347 1118 luit,

204 1131 239 1180 ut
261 1120 334 1180 alios
354 1131 511 1202 purgaret,
541 1122 700 1180 immunem
721 1143 782 1182 esse
802 1122 838 1182 ab
861 1122 941 1182 omui
961 1120 1144 1181 immunditie
1166 1131 1196 1180 et
1214 1120 1345 1179 macula.

207 1195 349 1272 Quavas
369 1216 443 1280 ergo
464 1193 644 1257 exrhbrabae
663 1199 774 1258 semine
794 1198 911 1280 genitus
930 1199 968 1258 sit
980 1195 1125 1272 Christus,
1144 1196 1217 1256 nihil
1237 1207 1345 1255 tamen

205 1272 336 1365 contagii
356 1293 390 1341 es
408 1272 513 1333 vitiosa
532 1285 637 1334 natura
656 1275 810 1347 contraxit,
831 1275 969 1367 quoniam
981 1273 1017 1333 ab
1028 1273 1090 1364 ipsa
1101 1273 1216 1354 origine
1228 1293 1346 1352 purum

204 1361 331 1413 servavit
348 1348 408 1409 Dei
419 1347 560 1439 Spiritus:
580 1370 636 1409 neo
655 1361 768 1410 tantum
789 1363 822 1410 ut
840 1373 871 1412 ιιι
891 1371 922 1410 se
942 1351 1076 1431 privatim
1095 1349 1248 1408 sanctitate
1270 1348 1346 1428 pol-

201 1425 280 1502 leat,
308 1426 360 1487 sed
380 1447 427 1485 ma
450 1433 495 1503 rs,
509 1437 542 1485 ut
561 1444 629 1485 suos
649 1427 821 1487 sanctificet.
859 1428 942 1508 Ergo
964 1427 1026 1507 ipse
1047 1425 1251 1506 conceptionis
1272 1445 1345 1485 mo-

205 1501 259 1564 dus
277 1513 412 1574 testatur,
428 1446 625 1562 blediatorem
645 1501 736 1570 nobis,
753 1525 815 1564 esse
835 1524 851 1564 a
895 1502 1077 1564 eccatoribus
1097 1513 1296 1583 segregatum.

201 1579 206 1594 “
281 1584 329 1644 36.
367 1577 409 1636 m
433 1588 496 1638 ecce
517 1575 665 1637 Elisabeth
683 1584 819 1656 concepit.
859 1525 1031 1640 lbhmestico
1052 1576 1185 1657 exemplo
1204 1576 1344 1659 Angelus

204 1653 293 1716 fidem
318 1654 429 1716 Mariae
455 1654 486 1713 iu
510 1675 593 1734 spem
613 1654 744 1714 miraculi
765 1655 860 1738 erigit.
899 1657 974 1716 Nam
994 1654 1018 1714 si
1037 1675 1100 1714 nou
1120 1653 1218 1744 potuit
1237 1674 1343 1733 neque

204 1731 353 1806 sterilitas,
372 1749 469 1809 neque
488 1740 621 1790 senectus
631 1730 783 1792 Elisabeth
805 1731 921 1791 obstare
935 1731 1014 1804 Deo,
1034 1731 1106 1812 quin
1124 1749 1215 1810 ipsam
1228 1728 1344 1789 laceret

180 1815 346 1880 matrem,
375 1826 438 1865 nou
468 1817 512 1866 est
537 1805 617 1886 quod
641 1828 672 1867 se
699 1807 822 1897 amplius
849 1807 941 1866 lllaria
967 1807 1042 1866 intra
1067 1807 1189 1872 usitatos
1216 1818 1344 1866 naturae

205 1882 280 1948 fines
300 1882 462 1954 contineat,
482 1883 601 1962 quando
622 1883 680 1944 tale
702 1884 815 1946 divinae
835 1884 987 1962 potentiae
1007 1883 1155 1962 specimen
1170 1881 1199 1940 iu
1210 1893 1344 1962 cognata

204 1981 257 2022 sna
285 1956 391 2020 cernit.
442 1959 562 2019 Senum
588 1979 718 2020 mensem
744 1959 851 2021 diserte
877 1971 975 2020 notat:
1008 1960 1091 2040 quia,
1122 1981 1210 2039 quum
1237 1978 1345 2017 meuse

205 2035 311 2127 quinto
336 2034 446 2095 sentire
471 2035 565 2096 soleat
584 2035 690 2096 mulier
708 2033 825 2097 vitalem
845 2035 953 2109 letum,
980 2047 1075 2096 sextus
1094 2035 1200 2094 mensis
1221 2033 1344 2094 dubita-

204 2123 320 2173 tionem
347 2110 453 2172 eximit.
503 2111 657 2172 Debuerat
682 2113 799 2193 quidem
826 2110 919 2170 Maria
944 2112 1068 2192 simplici
1093 2111 1151 2172 Dei
1178 2110 1271 2171 verbo
1299 2111 1344 2170 sie

205 2189 403 2268 acquiescere,
422 2199 455 2246 ut
474 2187 548 2246 nihil
569 2209 644 2268 opus
664 2200 749 2263 esset,
769 2187 887 2248 aliunde
907 2186 995 2248 fidem
1015 2188 1117 2261 astrui,
1135 2187 1196 2260 sed,
1217 2207 1256 2246 ue
1277 2207 1345 2245 aru-

228 2265 282 2325 lius
306 2263 440 2339 vacillet,
469 2283 549 2324 novo
570 2264 628 2326 hoc
648 2263 825 2324 adminiculo
845 2265 1071 2342 promissionem
1091 2284 1170 2324 suam
1191 2261 1345 2341 meiuus

204 2286 309 2401 fulsire
329 2339 475 2422 dignatur.
504 2341 616 2402 Eadem
637 2339 769 2421 quotidie
788 2339 971 2420 indulgentia
991 2360 1046 2401 uos
1066 2340 1142 2400 levat
1161 2337 1345 2414 acfsu‘stiuct,

204 2417 265 2478 imo
291 2416 379 2478 etiam
403 2417 532 2494 naaiorc,
562 2437 623 2497 quo
646 2417 758 2477 scilicet
783 2415 911 2477 debilior
931 2429 976 2477 est
994 2417 1066 2477 fides
1085 2415 1194 2480 nostrai
1233 2417 1279 2478 Ita
1304 2435 1344 2475 ue

204 2513 244 2554 ne
264 2494 352 2554 dubia
371 2493 409 2552 sit
427 2493 514 2554 nobis
533 2514 584 2554 sua
604 2493 729 2567 veritas,
752 2493 920 2554 testimonia
941 2514 1015 2573 quae
1035 2491 1206 2561 eamnobis
1228 2437 1344 2552 conhu-

204 2581 287 2630 mant
311 2569 474 2630 hincinde
500 2569 628 2631 arcessit.
684 2567 847 2647 Quomodo
873 2569 1071 2630 intercesserit
1096 2568 1235 2650 cognatio
1262 2569 1343 2632 iuter

204 2645 372 2721 Elisabeth,
392 2667 466 2726 quae
487 2658 550 2707 erat
571 2667 605 2712 ex
625 2645 739 2708 filiabus
751 2648 872 2728 pharon,
892 2659 922 2706 et
942 2648 991 2706 Ma
1009 2646 1076 2738 iam²
1095 2665 1171 2725 quae
1192 2665 1226 2707 ex
1246 2645 1342 2725 stirpe

204 2721 301 2787 David
321 2735 387 2788 otta
408 2733 486 2798 erat,
507 2723 667 2813 quaeritur.
706 2724 804 2802 Atque
826 2723 913 2785 etiam
932 2669 1047 2813 videhr
1067 2723 1097 2782 rd
1117 2741 1251 2856 pugnare
1273 2741 1343 2780 curn

204 2798 305 2881 Lege,
336 2819 426 2885 quum
453 2799 591 2859 muheres
614 2797 733 2864 uetabat
758 2797 912 2858 abnubere
935 2799 968 2858 in
989 2799 1097 2858 alienas
1117 2799 1156 2857 tri
1178 2819 1211 2857 us
1232 2797 1343 2876 (Num.

204 2875 349 2952 36,16.).
390 2875 542 2950 Quantum
563 2877 602 2936 ad
618 2875 730 2956 Legem
750 2884 879 2956 spectat,
902 2874 926 2934 si
946 2874 1011 2936 finis
1030 2863 1202 2955 respicitur,
1225 2886 1345 2932 tautum

206 2969 240 3015 ea
262 2950 414 3012 connubia
432 2949 566 3027 vetabat,
599 2971 673 3042 quae
694 2950 887 3010 haereditates
908 2951 1029 3012 miscere
1049 2963 1180 3036 possent
1218 2949 1345 3010 Nullum

204 3047 276 3088 vero
301 3025 361 3091 tale
408 3027 550 3088 ericolum
575 3028 647 3102 lust,
678 3027 703 3086 si
728 3046 784 3106 qua
811 3047 845 3085 ex
869 3027 951 3088 tribu
977 3027 1049 3089 luda
1068 3025 1174 3088 mulier
1193 3027 1346 3096 sacerdoti

182 3147 184 3153 ,
205 3102 345 3180 nuberet,
364 3049 405 3172 aab)
422 3125 509 3197 quem
528 3103 683 3164 transferri
705 3102 866 3163 haereditas
888 3125 950 3168 nou
970 3116 1098 3190 poterat.
1127 3102 1241 3164 Eadem
1253 3103 1346 3166 etiam

205 3180 282 3245 ratio
306 3179 378 3255 fuit,
408 3203 433 3241 sr
454 3201 510 3260 qua
531 3199 565 3239 ex
584 3180 664 3240 tribu
684 3179 756 3241 Levi
775 3179 881 3240 mulier
901 3191 979 3241 extra
1000 3192 1120 3263 gentem
1139 3199 1220 3239 suam
1240 3178 1346 3238 elaea-

205 3267 296 3316 retur.
338 3257 420 3324 Fieri
446 3267 544 3316 autem
569 3267 684 3336 potest,
715 3267 749 3321 ut
774 3255 920 3343 originem
941 3258 1061 3317 duceret
1080 3267 1198 3318 sauctae
1218 3255 1264 3316 vir
1287 3255 1346 3315 his

205 3343 360 3468 ιιιιιειΕΙᾳ
374 3333 464 3469 Ιξιίἰιιιιι
490 3336 610 3408 Aaron,
638 3344 727 3420 atque
753 3332 794 3394 ita
819 3334 1060 3415 consanguinitas
1086 3344 1162 3394 esset
1182 3331 1243 3394 eius
1286 3331 1346 3392 liae

199 3429 274 3478 ,cunt
331 3431 372 3469 rsa
396 3420 454 3469 et.
689 3441 692 3448 2
1053 3455 1058 3466 ι

125 3483 131 3494 ’
281 3490 329 3552 37.
354 3485 439 3548 ,Non
463 3489 518 3545 erit
535 3483 709 3562 impossibile
726 3500 776 3547 etc.
817 3485 849 3552 si
868 3483 983 3546 wrbuet
1001 3485 1032 3546 in
1052 3485 1174 3570 propria
1193 3496 1224 3545 et
1243 3484 1345 3544 nativa

206 3559 424 3643 significatione
451 3562 584 3642 accipere
610 3561 716 3639 hbeat,
754 3582 853 3624 seusus
880 3561 1128 3638 erit,·lacturum
1155 3582 1217 3628 esse
1242 3561 1345 3621 Deum

208 3638 350 3717 quicquid
369 3637 515 3719 promisit,
536 3638 604 3718 quia
624 3639 738 3701 nullum
759 3639 943 3702 obstaculum
985 3639 1073 3700 arsit
1093 3639 1154 3699 eius
1172 3638 1288 3699 virtuti:
1308 3659 1346 3698 ac

207 3714 266 3780 tale
292 3713 349 3774 erit
374 3727 594 3796 argumentum,
623 3715 691 3776 Hoc
717 3715 865 3798 pollicitus
886 3727 932 3776 est
998 3735 1047 3790 ns,
1078 3735 1151 3797 ergo
1192 3713 1348 3787 raestabit,

208 3790 276 3872 quia
300 3789 381 3850 nulla
406 3802 510 3851 contra
536 3791 597 3852 eius
622 3792 745 3853 verbum
769 3792 989 3872 impossibilitas
1014 3791 1105 3852 obiici
1131 3735 1229 3851 dehet.
1282 3788 1345 3849 Sed

208 3867 276 3948 quia
296 3865 409 3926 verbnm
427 3868 587 3934 secuudum
607 3868 725 3954 linguae
746 3869 900 3929 hebraicae
921 3867 1044 3958 phrasim
1060 3888 1114 3949 pro
1126 3891 1161 3927 ee
1170 3867 1346 3956 plerumque

208 3943 338 4021 capitur,
367 3942 526 4023 simplicius
551 3965 699 4026 exponere
725 3945 842 4020 licebit,
874 3945 948 4004 nihrl
971 3945 1043 4006 Deo¹
1065 3965 1127 4004 esse
1152 3941 1346 4023 impossibile.

209 4019 389 4098 Quanquam
408 4040 524 4099 semper
543 4023 703 4082 tenendum
724 4034 768 4082 est
789 4022 912 4094 axioma,
932 4041 1069 4113 peruerse
1090 4040 1141 4080 eos
1161 4018 1271 4102 vagari,
1293 4018 1346 4108 qqi

104 4140 106 4149 ι
135 4101 139 4109 ’
208 4095 246 4160 de
265 4097 399 4176 potentia
410 4095 468 4156 Dei
487 4097 685 4188 imaginantur
705 4098 937 4171 extraserbum,
957 4119 981 4156 ιι
1001 4095 1071 4176 quid
1090 4097 1183 4157 visum
1197 4108 1254 4156 est:
1271 4115 1348 4174 quta

207 4171 248 4232 sic
269 4171 481 4236 consideranda
501 4187 545 4234 est
565 4196 628 4234 erus
648 4173 845 4248 immensitas,
869 4183 902 4236 ut
922 4174 988 4254 spei·
1006 4181 1035 4233 et
1056 4173 1179 4234 fiduciae
1200 4171 1286 4232 uobis
1307 4171 1348 4230 sit

138 4313 140 4320 ,
207 4249 337 4316 materia.
377 4249 438 4310 Iam
460 4271 531 4312 vero
552 4272 612 4310 non
633 4262 743 4310 temere
764 4249 859 4314 sulum
880 4263 909 4310 et
928 4249 1087 4325 inutiliter,
1106 4251 1159 4310 sed
1178 4249 1265 4307 etiarn
1292 4269 1348 4328 pe-

207 4324 334 4386 riculose
359 4325 537 4408 disputatur,
567 4327 640 4406 quid
664 4326 702 4386 sit
730 4327 798 4384 Deo
823 4325 980 4406 plossibile,
1008 4327 1064 4388 nisi
1089 4325 1175 4390 simul
1195 4336 1351 4400 occurrat,

210 4401 281 4489 quid
299 4402 362 4492 ipse
381 4403 460 4470 velit.
499 4403 597 4466 Porro
617 4400 687 4466 facit
705 4401 754 4465 hic
771 4402 919 4486 Angelus,
938 4403 1018 4490 quod
1038 4403 1143 4487 passim
1162 4401 1239 4464 solet
1257 4401 1348 4464 Deus
