2778 4838
203 299 222 334 ,Γ
269 343 276 367 ⁸
422 251 503 330 (tto.
541 232 649 312 biblici
669 247 851 327 Cenanaea.)
1184 259 1222 321 91
1315 242 1317 252 ’

52 410 97 474 ait
117 405 178 485 illi,
199 368 339 494 Pmpter
358 407 451 472 istum
474 425 654 476 sermonem
674 407 767 486 vade,
788 409 866 473 exiit
888 406 1098 506 daemonium
1115 431 1134 473 a
1153 371 1223 476 filia

53 523 121 577 tua.
164 511 217 576 30.
243 509 285 574 Et
313 531 411 596 quum
440 505 571 576 abiisset
596 513 631 579 in
657 510 787 580 domum
814 533 918 591 suain,
944 515 1067 602 reperit
1094 510 1225 578 daemo-

53 619 145 682 nium
168 615 296 692 exiisse,
318 624 351 680 et
370 613 471 682 filiam
494 617 651 682 iacentem
672 637 771 702 super
792 613 919 683 lectum.
1178 619 1180 627 '

135 779 173 838 In
192 779 252 840 hoc
271 778 411 842 miraculo
433 780 583 854 docemur,
604 781 755 860 quomodo
775 782 813 842 ad
831 794 936 865 gentes
952 801 1072 843 manare
1090 783 1225 864 coeperit

57 857 171 918 Christi
191 856 299 938 gratia:
326 858 380 916 etsi
406 858 484 918 enim
510 857 642 918 noudum
663 861 821 920 advenerat
840 870 985 920 maturum
1004 864 1064 920 teiu
1087 881 1137 934 us,
1163 871 1224 940 qu'o

56 955 88 994 se
107 933 168 994 toti
189 934 301 994 mundo
323 929 456 994 Christus
479 934 659 1015 publicaret,
684 936 834 1016 praeludia
859 949 958 998 tamen
985 879 1127 1017 quaedam
1153 938 1225 997 dare

58 1011 156 1070 voluit
176 1008 340 1069 communis
359 1011 595 1086 misericordiae,¹
621 1032 697 1091 quac
720 1014 841 1073 tandem
866 1015 1031 1094 promiscue
1052 1013 1167 1074 Iudaeis
1195 1023 1226 1072 et

59 1086 211 1147 Gentibus
231 1082 288 1146 iuit
307 1088 434 1148 exhibita
452 1100 523 1169 post
541 1089 602 1148 eius
622 1089 877 1150 resurrectionem.
917 1091 1045 1174 Insignis
1058 1090 1145 1152 etiam
1157 1090 1226 1150 fidei
1250 1147 1252 1160 ,

59 1164 159 1246 imago
181 1162 354 1246 depingitur
372 1165 404 1225 in
423 1165 547 1228 muliere
568 1163 741 1240 Cananaea,
761 1178 794 1224 ut
814 1168 1035 1247 comparatione
1043 1166 1131 1228 Tacta
1150 1167 1225 1228 scia-

58 1263 138 1314 mus,
160 1240 303 1320 promissa
322 1243 530 1323 redemptione
548 1241 655 1302 merito
676 1243 805 1321 privatos
825 1242 916 1303 fuisse
933 1245 1074 1318 Iudaeos,
1099 1263 1226 1324 quorum

59 1329 119 1377 tarn
137 1317 256 1397 stupida
271 1317 328 1378 suit
338 1319 480 1410 impietas.
519 1318 638 1394 Mulier,
657 1339 744 1398 quam
754 1318 918 1380 Matthaeus
932 1317 1118 1380 Cananaeam
1130 1332 1228 1394 vocat,

60 1396 194 1454 ablarco
217 1394 322 1454 dicitur
342 1396 430 1456 luisse
451 1396 578 1472 Graeca,
598 1405 628 1455 et
647 1415 761 1478 genere
776 1395 854 1476 Syro
877 1396 1026 1456 hoenissa:
1046 1397 1077 1456 in
1099 1415 1159 1475 quo
1179 1395 1227 1456 ni-

65 1471 104 1531 bil
126 1483 172 1531 est
191 1470 312 1532 dissidii.
345 1471 459 1533 Scimus
470 1471 559 1547 enim,
578 1470 668 1554 vulgo
688 1483 842 1552 receptum
855 1417 944 1532 luisse
957 1471 1114 1534 Iudaeislo
1138 1473 1228 1532 uendi

63 1567 188 1622 morem,
208 1559 241 1607 iit
261 1569 363 1610 omues
384 1560 516 1610 externas
536 1561 641 1630 gentes
767 1571 782 1609 s
800 1549 945 1624 vocarint,
965 1550 1093 1630 ideoque
1107 1493 1156 1609 iila
1173 1569 1228 1610 an-

66 1626 179 1685 tithesis
204 1625 284 1686 inter
305 1625 438 1688 Graecos
459 1638 490 1688 et
508 1627 634 1687 Iudaeos
667 1637 829 1706 requenter
848 1626 977 1686 occurrit
997 1627 1074 1706 apud
1094 1626 1228 1686 Paulino.

62 1701 162 1762 Porro
183 1723 272 1782 quum
294 1724 328 1764 ex
369 1703 480 1764 artibus
499 1702 573 1784 Tyri
595 1713 625 1762 et
643 1703 765 1764 Sidonis
785 1703 911 1763 oriunda
931 1714 1022 1776 esset,
1040 1723 1104 1764 non
1122 1702 1229 1762 mirum

63 1791 119 1854 est,
137 1778 240 1840 vocari
254 1725 533 1872 syrophoenissam,
551 1778 669 1858 quando
691 1790 722 1840 et
740 1778 824 1862 regio
845 1799 957 1841 nomeu
977 1777 1106 1840 habebat
1116 1778 1231 1860 Syriae,
1310 1787 1318 1802 '

63 1866 95 1915 et
115 1875 183 1935 pars
205 1855 385 1917 Phoenissae
404 1869 481 1918 erat:
501 1877 604 1917 omnes
623 1877 695 1918 vero
716 1855 793 1917 illius
813 1867 910 1917 terrae
921 1855 1042 1918 incolas
1055 1855 1157 1916 ludaei
1169 1856 1230 1917 Ca-

62 1952 197 1992 nanaeos
218 1931 321 1994 odiose
340 1932 496 1994 vocabant
534 1935 576 1994 Et
595 1933 737 1996 credibile
757 1944 811 2009 est,
829 1934 935 1994 maiori
954 1955 989 1995 es
1008 1945 1091 2014 parte
1111 1933 1230 1994 traxisse

65 2008 216 2104 originem
236 2029 252 2069 a
272 2008 391 2146 populis
412 2008 549 2086 Canaan,
574 2011 624 2091 qui
644 2010 740 2148 patria
760 2011 870 2090 expulsi
888 2022 1029 2090 tanquam
1050 2010 1082 2070 iu
1101 2009 1230 2072 vicinum

64 2085 198 2146 exsilium
217 2107 272 2166 pro
289 2099 421 2167 ugerant.
461 2089 498 2147 lu
518 2087 576 2150 hoc
596 2109 643 2148 am
666 2107 684 2146 ο
705 2089 913 2162 consentiunt,
931 2087 1085 2148 mulierem
1105 2109 1139 2148 ex
1158 2107 1231 2167 pro-

67 2162 135 2223 lana
156 2174 248 2244 geute
268 2175 377 2240 natam,
396 2184 459 2224 non
479 2165 630 2225 educatam
651 2164 681 2222 in
701 2163 790 2246 Legis
810 2164 955 2239 doctrina,
974 2163 1054 2223 ultro
1065 2164 1179 2226 venisse
1194 2164 1231 2223 ad

67 2238 238 2314 Christum,
262 2251 299 2300 ut
313 2241 486 2321 suppliciter
505 2261 595 2320 opem
615 2238 651 2300 ab
672 2240 737 2330 ipso
758 2252 883 2320 peteret.
922 2241 1060 2300 Notanda
1080 2251 1124 2301 e'st
1143 2241 1232 2300 eiiam

65 2316 297 2392 circumstantia,
317 2337 392 2398 quae
411 2336 427 2377 a
445 2315 555 2378 Marco
577 2317 756 2410 exprimitur,
778 2315 927 2376 Christum
946 2316 1015 2377 illoc
1034 2316 1150 2376 venisse
1167 2325 1232 2376 iton
1270 2324 1272 2346 ¹

68 2405 171 2454 erecto
191 2392 314 2467 vexillo,
337 2393 390 2454 sed
409 2405 445 2455 ut
462 2393 552 2454 instar
571 2394 678 2472 privati
697 2392 824 2454 hominis
844 2393 875 2452 in
895 2393 948 2453 illo
968 2391 1079 2483 angulo
1098 2393 1137 2453 ad
1155 2404 1232 2453 tem-

69 2492 124 2550 pus
137 2469 253 2530 lateret
281 2469 430 2551 Loquitur
442 2481 540 2530 autem
560 2471 676 2530 Marcus
696 2491 752 2550 pro
773 2469 922 2530 communi
943 2489 1038 2530 carnis
1057 2489 1157 2529 sensu:
1177 2468 1232 2530 etsi

68 2548 147 2607 enim
169 2547 282 2627 Spiritu
306 2569 360 2608 suo
384 2547 485 2607 divino
510 2547 695 2626 praeviderat
720 2545 869 2620 Christus,
896 2545 967 2625 quid
990 2545 1121 2604 futorum
1145 2556 1232 2621 esset,

69 2637 214 2714 quatenus
232 2635 331 2685 tamen
345 2625 440 2685 Patris
458 2623 593 2684 minister
613 2633 677 2684 erat
696 2643 729 2683 ac
749 2622 873 2704 legatus,
893 2622 1051 2682 sese‘intra
1066 2621 1233 2682 vocationis

68 2701 125 2760 sibi
150 2699 300 2762 iniunctae
325 2701 397 2761 fines
417 2700 583 2760 humanitus
603 2699 764 2760 continuit:
793 2699 864 2759 ideo
883 2717 946 2757 uon
967 2698 1096 2778 potuisse
1116 2697 1233 2774 dicitur,

92 2778 152 2838 uod
171 2778 333 2838 secundum
354 2777 504 2838 bominem
528 2774 657 2837 volebat.
695 2776 819 2836 Interim
844 2774 917 2836 haec
942 2774 1176 2850 circumstantia,
1200 2787 1234 2834 ut

69 2799 142 2928 lixi,
164 2855 201 2916 ad
222 2854 403 2916 damnandos
422 2854 547 2930 ludaeos
567 2874 658 2947 grave
677 2853 793 2934 pondus
813 2851 917 2926 babet,
938 2851 1035 2931 qood,
1055 2873 1144 2931 quum
1164 2850 1233 2988 ipsis

73 2929 209 2992 Christus
234 2930 668 3022 promissamredemptionem
688 2951 797 2992 sonora
816 2949 892 2990 voce
913 2941 944 2990 et
963 2928 1108 2989 miraculis
1128 2929 1163 2988 ad
1187 2928 1233 2988 'tis

71 3007 101 3065 in
120 3006 251 3067 medium
292 3006 436 3085 roserret,
455 3028 541 3070 coeci
559 3021 590 3069 ct
608 3007 688 3070 surdi
708 3007 830 3083 suerint,
855 3027 944 3098 quum
963 3017 1061 3066 tamen
1081 3006 1235 3080 iactarent,

70 3104 102 3143 se
121 3081 252 3144 foederis
271 3029 394 3144 iiomini
415 3105 477 3147 esse
497 3084 655 3160 haeredes,
673 3084 820 3165 peculium
841 3105 913 3158 eius,
931 3103 1116 3164 regnumque
1135 3102 1235 3142 sacer-

73 3159 186 3221 dotale:
206 3160 313 3220 mulier
330 3181 401 3222 vero
421 3162 505 3237 baec,
524 3162 571 3223 eui
590 3160 664 3222 nihil
684 3181 839 3222 commune
852 3171 916 3220 erat
935 3181 1000 3222 cum
1012 3159 1077 3220 filiis
1086 3159 1236 3235 Abrahae,

73 3249 104 3297 et
129 3238 167 3297 ad
193 3247 280 3318 quam
306 3237 410 3298 ioediis
435 3239 555 3299 minime
580 3238 760 3320 inspeciem
779 3237 966 3319 pertinebat,
990 3236 1070 3298 nulla
1089 3257 1164 3300 voce
1185 3248 1236 3298 aut

72 3315 159 3396 signo
180 3314 313 3390 invitata,
332 3314 411 3374 ultro
430 3315 598 3377 accurrerit.
1201 3347 1204 3359 ·

152 3391 258 3450 Matth.
277 3398 324 3456 Ὧι
343 3391 489 3452 Miserere
506 3397 573 3471 mei,
593 3393 728 3454 omae.
768 3391 945 3474 Quanquam
966 3412 981 3452 a
1002 3411 1093 3482 grege
1112 3388 1237 3450 Domini

72 3479 211 3526 extranea
231 3480 296 3528 crat
314 3467 387 3528 baec
405 3469 521 3544 mulier,
541 3482 658 3552 gustum
677 3483 775 3532 tamen
784 3469 919 3550 aliquem
935 3469 1051 3550 pietatis
1065 3467 1237 3527 imbiberat:

72 3565 141 3604 nam
161 3543 227 3604 sine
246 3543 343 3624 aliqua
359 3545 591 3636 promissionum
611 3548 717 3607 notitia
729 3545 879 3606 Christum
899 3567 961 3607 non
980 3557 1112 3606 vocasset
1130 3542 1238 3601 Filium

72 3619 207 3680 Davidis.
238 3621 368 3682 Tametsi
389 3621 467 3682 enim
487 3642 503 3682 a
523 3644 598 3703 pura
618 3635 649 3684 et
667 3623 782 3705 integra
793 3623 883 3706 Legis
903 3623 1038 3683 doctrina
1058 3621 1122 3680 sere
1142 3617 1238 3678 desci-

72 3707 179 3758 verant
198 3696 310 3771 ludaei,
330 3698 376 3758 vel
394 3697 495 3759 saltem
517 3699 621 3779 procul
643 3701 836 3774 deflexerant,
856 3697 980 3761 celebris
999 3709 1098 3756 tamen
1117 3694 1238 3777 vigebat

72 3773 236 3853 promissae
254 3775 356 3834 sedem
378 3773 468 3836 tionis
488 3775 572 3836 sama.
603 3779 644 3838 Et
663 3775 802 3857 quoniam
814 3775 966 3836 Ecclesiae
984 3772 1132 3834 restitutio
1152 3791 1169 3830 a
1189 3790 1238 3831 re·

72 3850 270 3928 gnoDavidis
288 3795 449 3986 pendebat,
469 3873 558 3942 quum
579 3854 615 3914 de
635 3853 740 3914 Messia
760 3865 825 3913 erat
842 3863 948 3913 sermo:
967 3851 1069 3908 tritum
1089 3846 1167 3928 apud
1187 3866 1239 3908 eos

73 3937 139 3985 erat
158 3948 270 3987 nomen

73 4004 244 4063 consessioa
267 4004 327 4065 Sed
348 4025 436 4084 quum
457 4025 472 4064 a
516 4005 536 4064 d
554 4007 634 4086 ipsos
655 4006 848 4068 obsolevisset
866 4025 935 4066 vcra
957 4002 1044 4077 lidos,
1062 4002 1136 4062 mira
1151 4013 1181 4062 et
1192 4001 1240 4060 in-

74 4080 214 4140 credibili
232 4079 292 4140 Dei
311 4081 445 4144 bonitate
479 4094 575 4143 actim
597 4094 656 4158 est,
675 4095 709 4142 ut
727 4082 957 4164 promissionum
977 4079 1055 4140 odor
1074 4079 1111 4138 ad
1129 4077 1240 4142 vicinas

97 4168 183 4218 entes
203 4159 379 4248 pervenerit
419 4157 508 4234 Quen
531 4181 597 4219 uam
622 4179 696 4243 ergo
721 4159 828 4219 mulier
851 4157 924 4218 baec
949 4153 1073 4217 a'nulio
1097 4178 1143 4216 ma
1168 4155 1240 4216 istro

73 4175 262 4296 iamiliariter
277 4235 382 4297 edocta
399 4245 471 4312 crat,
491 4181 579 4298 fidem
599 4249 698 4298 tamen
718 4238 754 4298 de
767 4235 887 4296 Christo
907 4254 970 4293 uon
987 4244 1101 4294 temere
1120 4177 1177 4294 siit
1196 4231 1238 4292 sa-

75 4311 218 4384 hricavit,
241 4312 294 4372 sed
314 4313 454 4393 concepit
474 4333 508 4373 ex
526 4313 609 4394 Lege
629 4324 660 4372 et
678 4312 845 4393 Prophetis.
876 4311 978 4386 Quare
998 4331 1060 4370 uon
1080 4311 1174 4371 miniis
1194 4307 1239 4366 in-

73 4387 156 4450 sulse
177 4407 264 4468 qnam
284 4385 374 4472 impie
394 4390 473 4456 cauis
492 4389 705 4469 itteserveim,
723 4401 758 4454 ut
776 4390 863 4454 sidem
883 4385 1127 4470 promissionibus
1146 4384 1240 4448 nuda·

315 3927 358 3988 ilii
377 3927 519 4004 Davidis,
538 3941 569 3990 et
589 3930 707 4009 quidem
726 3930 758 3988 in
778 3949 831 3990 ore
852 3927 984 3988 omnium
1003 3923 1148 3986 volitabat
1167 3923 1239 3986 baec
1337 3939 1345 3950 '
