2756 4838
1105 111 1112 146 l

150 236 217 303 ‘2⁴⁰
253 191 416 296 ''SEcts
434 231 531 298 xvn.
569 185 831 296 ministrorum
849 245 1140 298 memuimos‘rs.

147 387 254 448 *Lucas
272 385 311 448 de
330 386 414 448 stolis
433 385 544 462 dieunt,
564 385 671 448 eodeni
681 388 825 468 pertinet:
844 375 948 454 seniis
961 387 1121 448 orientales
1131 385 1245 468 passim
1258 407 1327 448 usos

159 464 248 524 luisse
267 463 364 542 longis
375 463 515 538 vestibus,
535 484 623 544 quem
642 485 756 526 morem
777 463 867 526 hodie
885 484 1005 546 quoque
1022 465 1168 524 retinent.
1208 463 1272 525 Sed
1293 486 1325 524 er

110 575 115 587 ·
160 539 301 600 Zacharia
320 543 391 619 (13,
409 542 454 618 Δ.)
473 551 611 620 apparet,
634 537 799 620 Prophetas
824 543 904 602 certa
929 541 1012 620 pallii
1037 541 1134 602 forma
1161 562 1179 600 a
1202 541 1324 620 reliquis
1369 583 1370 586 ,

120 635 122 640 ’
158 617 248 678 luisse
261 617 423 677 distinctos.
460 616 525 676 Nec
544 637 614 677 vero
635 617 750 678 ratione
770 618 874 692 caruit,
894 617 1033 679 doctores
1052 617 1093 678 ita
1113 617 1232 692 vestiri,
1251 619 1324 677 utin

161 713 265 754 eorum
290 691 392 752 habitu
436 692 479 753 lus
495 692 647 775 gravitatis
667 704 698 752 et
716 693 875 754 modestiae
896 715 984 774 quain
1003 694 1034 752 in
1053 692 1171 774 vulgari
1192 705 1325 756 exstaret.

161 768 284 832 scribae
304 789 377 829 vero
397 714 434 830 id
447 789 602 849 perperam
621 768 658 830 ad
677 767 773 830 luxum
786 781 1213 851 etpompamuonverterant‘
1237 769 1324 844 Quod

161 844 325 925 exemplum
336 845 381 904 ad
401 865 432 906 se
452 855 601 906 traxerunt
617 845 742 906 sacrifici
762 846 897 926 papales,
919 847 951 906 in
973 847 1078 938 quibus
1098 859 1221 908 constat
1238 847 1325 908 stolas

63 927 71 938 ”
160 921 235 982 nibil
255 921 335 984 aliud
354 941 417 982 esse
436 943 522 1000 qnam
541 922 685 1001 superbae
705 924 867 1002 tyrannidis
886 923 1022 1004 insigma.

237 1005 265 1064 6.
303 1003 465 1078 Amovitque
477 1002 592 1088 primos
610 996 764 1066 moabitam.
807 998 921 1060 Probat
940 1021 974 1062 es
994 998 1079 1062 claris
1099 999 1192 1081 signis
1213 999 1323 1058 nullum

160 1072 316 1136 inscribis
335 1073 435 1156 vigere
452 1075 571 1166 pietatis
590 1076 727 1150 studium,
746 1075 798 1139 sed
818 1075 971 1136 ambitioni
987 1097 1048 1136 esse
1064 1097 1185 1156 prorsus
1198 1075 1325 1136 deditos.

47 1153 54 1165 “
162 1152 238 1218 Nam
254 1162 395 1232 expetere
415 1169 525 1231 primos
545 1150 694 1212 accubitus
714 1152 881 1232 primasque
900 1153 1056 1226 sessiones,
1075 1173 1137 1212 nou
1152 1152 1207 1212 nisi
1218 1173 1325 1211 eorum

163 1241 218 1304 est,
238 1228 288 1309 qui
306 1227 436 1310 superbe
452 1248 484 1288 se
503 1227 582 1288 inter
600 1227 734 1288 homines
755 1229 863 1290 ellerre
882 1229 997 1293 malunt
1010 1251 1099 1309 quarn
1109 1229 1176 1289 Deo
1191 1228 1324 1308 probari.
1369 1235 1370 1288 l

61 1327 63 1332 ·
163 1305 327 1387 Praecipue
351 1325 426 1370 vero
449 1302 564 1388 hocin
588 1304 644 1366 illis
666 1304 799 1368 Christus
826 1300 965 1380 damnat,
984 1307 1065 1385 quod
1083 1305 1183 1366 vorari
1201 1316 1324 1383 appete·
1369 1304 1370 1338 ¹

162 1395 233 1444 rent
251 1382 391 1466 magistri.
430 1381 609 1475 Quanquam
634 1381 712 1442 enim
736 1403 845 1443 nomen
863 1381 964 1442 Reddi
987 1403 1041 1462 per
1065 1402 1098 1443 se
1123 1380 1324 1442 excellentiam

60 1461 64 1478 '
165 1458 309 1553 designat,
329 1482 396 1520 usus
414 1471 511 1522 tamen
532 1458 695 1520 invaluerat
712 1471 783 1519 tunc
802 1459 880 1540 apud
899 1461 1040 1532 Iudaeos,
1060 1471 1094 1518 ut
1112 1459 1155 1518 sie
1173 1458 1325 1549 magistros

163 1535 313 1617 Legisque
333 1535 471 1598 doctores
490 1549 642 1598 rorarent.
682 1533 815 1597 Christus
834 1556 906 1597 vero
928 1537 1004 1596 hunc
1024 1536 1172 1596 bonorem
1193 1553 1323 1614 cuiquam
1369 1545 1370 1560 ¹

163 1624 264 1692 negat,
284 1625 444 1692 praeterae
456 1632 557 1687 unum,
576 1624 760 1693 competere:
780 1611 859 1674 uude
879 1612 1021 1691 sequitur,
1039 1629 1102 1672 non
1114 1611 1172 1672 nisi
1189 1609 1322 1672 cunieius
1369 1645 1370 1648 =

163 1688 271 1748 iniuria
298 1689 335 1749 ad
362 1688 496 1750 homines
514 1689 676 1750 transferri.
711 1692 841 1762 Videtur
864 1699 963 1749 tamen
988 1689 1046 1754 boe
1071 1687 1161 1747 nimis
1186 1708 1247 1748 esse
1271 1687 1321 1745 du·
1369 1687 1370 1736 ἶ

164 1787 247 1838 rum,
271 1763 332 1854 imp
358 1760 529 1840 absurdum,
574 1787 643 1826 num
668 1765 726 1826 iam
750 1788 804 1847 per
828 1787 860 1827 se
886 1787 941 1827 nos
963 1763 1096 1826 Christus
1123 1785 1187 1824 non
1213 1765 1322 1834 doceat,
1369 1765 1370 1824 l

164 1841 219 1906 sed
237 1851 392 1920 magistros
412 1840 499 1901 nobis
520 1787 639 1902 ordinet
656 1863 690 1904 ac
709 1843 873 1923 praeficiat:
900 1843 988 1904 titulo
1013 1853 1112 1902 autem
1132 1841 1243 1922 privari
1262 1839 1321 1918 ipni-
1369 1843 1370 1860 ¹

165 1915 221 1976 bus
240 1917 344 1976 munus
363 1914 502 1998 iniungit,
521 1916 675 1978 ridiculum
696 1929 749 1980 est.
786 1921 852 1980 Imo
879 1941 967 2000 quum
990 1929 1122 1979 versatus
1149 1929 1194 1978 est
1218 1917 1249 1977 iii
1266 1930 1319 1974 ter-

164 1992 222 2064 ris,
242 1989 402 2082 Apostolos
422 1991 588 2069 constituit,
615 1994 665 2072 qui
678 1989 739 2056 iun
759 1997 879 2056 nomine
900 1996 1026 2057 docendi
1046 1994 1180 2056 officium
1201 1993 1319 2054 obirent.

167 2068 285 2144 Quodsi
305 2068 342 2128 de
361 2068 447 2128 titulo
468 2069 581 2161 agitur,
605 2070 712 2131 Paulus
731 2072 775 2151 (1.
796 2073 873 2132 Tim.
892 2079 922 2146 2,
940 2073 989 2151 7.)
1018 2083 1100 2133 certe
1119 2069 1244 2131 nolebat
1260 2091 1317 2129 eum

165 2144 274 2206 iniuria
295 2143 405 2205 Christi
424 2146 573 2229 sacrilega*
585 2139 775 2228 usurpatio'ue
795 2149 926 2241 gloriari,
947 2169 1034 2240 quum
1054 2169 1086 2209 se
1106 2149 1275 2240 magistrum
1292 2155 1318 2204 et
1369 2139 1370 2186 l

167 2221 324 2285 doctorem
348 2221 481 2303 gentium
504 2223 634 2284 asseruit.
673 2223 733 2284 Sed
755 2247 821 2306 quia
841 2247 903 2287 non
923 2226 1001 2286 aliud
1020 2226 1078 2285 suit
1097 2223 1210 2285 Christi
1229 2223 1318 2284 consi·

166 2297 249 2372 lium,
270 2319 356 2377 quam
377 2315 478 2360 omnes
498 2319 515 2358 a
534 2299 657 2360 minimo
678 2323 769 2382 usque
790 2301 827 2362 ad
845 2303 999 2362 niaximum
1013 2302 1043 2362 in
1060 2302 1197 2362 ordinem
1210 2319 1317 2381 cogere,

166 2385 201 2434 ut
219 2374 264 2434 ius
282 2397 366 2436 suum
385 2374 441 2436 sibi
459 2376 607 2458 integrum
626 2391 772 2452 servaret,
800 2397 863 2440 non
888 2391 933 2440 est
958 2400 1010 2440 eur
1032 2379 1072 2439 ile
1092 2399 1167 2440 vnce
1189 2377 1318 2458 quispiam
1369 2375 1370 2396 ²

166 2449 295 2512 laboret.
333 2453 403 2514 Non
429 2472 502 2534 ergo
512 2464 654 2538 patoretur
675 2452 823 2530 Christus,
836 2455 910 2536 ¹quo
930 2456 1018 2516 titulo
1037 2467 1185 2516 vocentur
1224 2454 1252 2513 iii
1271 2453 1320 2512 do-

169 2527 258 2618 cendi
278 2541 375 2608 partes
395 2528 519 2600 obeunt,
537 2530 588 2590 sed
609 2551 660 2592 eos
680 2531 815 2594 continet
833 2531 909 2592 intra
929 2532 1016 2593 iustas
1035 2543 1138 2608 metas,
1158 2475 1320 2590 nelratrum

168 2603 241 2666 fidei
260 2605 458 2666 dominentur.
497 2605 641 2667 Tenenda'i
662 2607 739 2666 enim
757 2629 874 2688 semper
894 2620 938 2668 est
957 2607 1118 2681 distinctio,
1136 2607 1190 2666 iiai
1211 2605 1320 2667 Christo

169 2679 370 2742 obediendum
396 2701 474 2756 esse,
499 2683 567 2762 quia
592 2684 628 2744 de
652 2683 718 2762 ipso
744 2683 809 2744 solo
833 2705 891 2745 ror
908 2685 1003 2744 Patris
1023 2707 1039 2745 e
1060 2684 1146 2746 coelo
1168 2681 1324 2764 personuit,

169 2757 186 2816 Ι
207 2779 270 2816 sum
289 2758 401 2818 audite:
422 2759 560 2819 doctores
580 2778 651 2820 vero
670 2759 712 2820 sic
732 2779 794 2820 esse
814 2761 874 2821 eius
893 2761 1053 2836 ministros,
1071 2759 1147 2820 utin
1156 2760 1227 2840 ipsis
1238 2757 1322 2820 audiri

192 2831 293 2908 ebeat,
316 2833 434 2912 sintque
454 2833 507 2893 sub
529 2854 565 2895 eo
585 2834 732 2916 magistri,
757 2849 898 2915 quatenus
918 2859 1074 2917 personam
1095 2837 1158 2896 eius
1177 2837 1323 2896 sustinent

172 2906 272 2988 Caput
297 2921 357 2992 eat,
381 2919 413 2968 ut
432 2929 483 2970 sna
503 2908 546 2970 illi
565 2910 743 2978 insolidum
763 2912 919 2973 auctoritas
939 2926 1070 2987 maneat,
1095 2934 1151 2972 nec
1177 2914 1323 2992 qnisquam

170 2983 338 3060 mortalium
357 2983 506 3044 minimam
528 2985 589 3046 eius
608 2998 723 3076 partem
743 2988 862 3050 delibet
901 2989 951 3051 Sic
963 2990 1066 3050 unicus
1082 3001 1125 3050 est
1138 2989 1260 3050 Pastor:
1278 2989 1323 3047 sed

126 3113 127 3122 ,
171 3073 270 3120 tamen
289 3059 397 3120 multos
416 3059 469 3121 sub
491 3081 522 3122 se
542 3061 667 3122 admittit
707 3077 834 3142 astores,
852 3067 943 3127 modo
963 3087 1050 3148 supra
1070 3087 1174 3128 omnes
1195 3066 1327 3136 emineat,

172 3148 205 3196 et
223 3155 277 3214 per
297 3157 348 3197 eos
367 3135 447 3198 solus
466 3137 627 3200 Ecclesiam
646 3085 802 3222 gubernet.
841 3142 945 3222 Itaque
975 3143 1142 3224 oppositum
1168 3137 1324 3218 rn‘emhrinn

172 3213 335 3348 purgandum
356 3225 407 3273 est.
446 3215 521 3274 Nam
541 3215 609 3296 quia
629 3215 734 3278 fratres
752 3239 860 3292 sumus,
878 3219 1025 3280 neminem
1036 3219 1067 3278 in
1077 3219 1151 3278 alios
1161 3217 1327 3301 magisterio

187 3311 205 3347 u

250 3288 443 3368 ''coutenditi
468 3293 546 3353 unde
566 3292 707 3372 sequitur,
725 3293 924 3384 magisterium
944 3317 1007 3356 non
1027 3296 1169 3371 damnari,
1212 3315 1252 3354 uo
1272 3315 1326 3353 non

172 3309 304 3457 violllnr
319 3367 447 3426 fraterna
466 3367 543 3429 inter
562 3369 628 3448 pios
647 3371 883 3454 communicatio.
921 3372 1059 3452 Denique
1085 3371 1160 3432 nibil
1184 3315 1265 3432 alliud
1283 3370 1328 3430 hic

196 3443 362 3523 raecipitur,
383 3443 437 3504 nisi
457 3457 489 3504 nt
507 3465 609 3506 omnes
629 3446 665 3505 ab
686 3468 739 3507 ore
758 3447 849 3519 solius
871 3447 982 3509 Christi
1002 3449 1160 3528 pendeant.
1203 3449 1238 3508 ln
1258 3468 1326 3506 eun-

172 3465 241 3582 dem
262 3521 324 3580 fere
344 3541 460 3582 sensum
480 3522 671 3582 ratiocinatur
689 3522 813 3598 Paulus,
832 3545 922 3603 quum
944 3525 1032 3586 docet
1051 3537 1165 3586 temere
1185 3523 1271 3602 arripi
1290 3523 1327 3580 ab
1369 3531 1370 3598 ἴ

141 3637 147 3648 »
173 3595 237 3658 aliis
257 3597 394 3658 iudicium
413 3597 443 3656 in
465 3598 548 3672 alins,
568 3597 634 3676 quia
654 3619 757 3660 omnes
776 3612 878 3660 mutuo
898 3613 966 3661 sunt
986 3600 1102 3678 iratres,
1121 3613 1155 3662 et
1173 3619 1268 3662 omnes
1285 3619 1327 3656 si-

174 3673 212 3736 sti
233 3685 354 3754 oportet
371 3675 409 3734 ad
430 3673 539 3746 Christi
558 3673 687 3735 tribunal
706 3676 808 3755 (llum.
828 3683 876 3751 14,
895 3679 958 3756 1⁰.)

249 3757 279 3816 9.
315 3751 435 3810 Putrem
457 3751 545 3811 nolite
567 3749 645 3812 vobis
665 3774 777 3814 noema.
821 3754 937 3816 Eodem
961 3754 1025 3814 lere
1049 3774 1137 3814 sensu
1163 3753 1249 3836 patris
1271 3751 1328 3812 ho-

173 3847 279 3892 norem
299 3827 354 3888 soli
373 3829 441 3888 Deo
460 3827 606 3900 vindicat,
625 3849 735 3908 quoae
755 3849 851 3908 nuper
869 3831 992 3892 asseruit
1010 3829 1128 3890 unicum
1149 3831 1329 3922 magistrum:
1369 3825 1370 3864 l

103 3932 112 3940 ·
174 3924 271 3984 neque
292 3904 369 3965 euim
388 3903 445 3964 sibi
464 3905 522 3964 hoc
542 3925 651 3965 nomeu
670 3927 732 3966 sum
754 3917 855 3966 serunt
874 3906 1023 3982 homines,
1046 3906 1099 3966 sed
1118 3907 1259 3968 divinitus
1279 3905 1329 3964 illis

71 4027 76 4038 .
174 4001 345 4042 concessum
366 3981 430 4042 luit.
471 3981 572 4056 Quare
592 4001 653 4042 non
672 3927 764 4044 modo
785 3983 891 4048 sasest
910 3995 1006 4062 patres
1026 3983 1111 4044 nobis
1132 3983 1165 4043 in
1185 3993 1328 4046 terrain-
1369 4005 1370 4020 ¹

175 4077 259 4132 care,
281 4058 333 4118 sed
357 4057 416 4118 hoc
442 4057 555 4119 bonore
582 4077 634 4118 cos
659 4059 775 4139 privare
800 4058 920 4140 impium
948 4073 1000 4122 est
1036 4061 1102 4122 Nec
1122 4061 1204 4120 valet
1224 4079 1329 4140 quara

104 4173 109 4180 .
175 4131 347 4208 quibusdam
371 4133 495 4194 allertur
514 4133 678 4209 distinctio,
703 4135 854 4210 homines,
869 4157 891 4196 ¹a
911 4135 1014 4215 quibus
1036 4135 1190 4218 progeniti
1211 4149 1279 4212 sunt
1295 4135 1326 4194 li·
1369 4143 1370 4232 l

173 4205 251 4295 beri,
271 4229 333 4269 esse
352 4223 449 4290 patres
467 4211 625 4272 secundum
647 4231 779 4272 carnem:
804 4213 898 4272 solnm
918 4233 991 4274 vero
1010 4213 1109 4272 Deum
1131 4235 1196 4274 esse
1216 4214 1327 4273 Patren

173 4283 338 4361 spirituum.
375 4287 485 4347 Fateor
503 4287 631 4366 quidem,
650 4288 691 4348 sic
702 4288 800 4348 Deum
819 4289 856 4348 ab
872 4287 1039 4348 hominihus
1059 4290 1210 4350 interdum
1231 4289 1329 4350 distin·

104 4400 106 4411 ·
174 4358 226 4438 gui
246 4358 337 4438 (sicut
354 4362 392 4422 ad
408 4362 562 4430 Hebraeos
578 4366 768 4445 125⁶.),set
789 4387 877 4446 quum
896 4361 1003 4428 Paulus
1023 4385 1087 4430 non
1105 4367 1200 4430 semel
1223 4377 1328 4460 patrem

1369 4497 1370 4564 l
