2790 4838
156 275 249 364 'mi
367 315 374 338 .
622 271 786 344 ,suerio
806 271 892 334 viii.
1003 247 1009 280 ”

190 431 371 501 ‚verecundis
394 431 542 492 interdum
567 429 660 490 lionae
685 438 797 490 mentes
817 427 999 486 consternet)
1036 424 1120 500 Quid
1139 441 1172 485 er
1195 425 1260 486 osi
1278 426 1328 484 in-

193 511 268 571 festa
291 509 440 570 iracundia
465 505 614 588 principei
639 505 820 584 irrumpant,
851 514 897 564 et.
911 503 1127 582 propemodum
1147 443 1330 566 fulminent?

193 587 330 648 Christus
347 597 445 644 tameo
464 604 533 644 suos
554 601 615 645 csse
633 581 777 644 sollicitos
797 591 890 654 vetat,
914 579 983 656 quia
1003 572 1129 658 Sp‘iritur
1154 577 1247 638 verba
1266 579 1328 639 illis

193 661 324 725 dictabit.
361 663 435 722 Nam
455 677 514 739 quo
536 659 658 738 quisque
678 657 770 740 magis
789 655 997 730 imbecillitatis
1022 675 1090 722 suae
1111 654 1247 716 conscius
1266 655 1327 716 sibi

192 738 309 811 diffidit,
328 757 366 796 eo
385 735 478 817 tnagis
498 735 642 814 trepidat,
661 733 720 794 nisi
739 731 855 792 alidnde
875 743 1024 868 exspectet
1043 731 1188 791 auxilium.
1216 731 1259 791 Et
1278 731 1325 794 vi-

193 815 292 875 demus
316 813 474 891 plerosque
498 811 567 870 ideo
592 811 735 884 deficere,
774 809 841 888 quia
866 808 920 868 viri

193 891 313 970 exiguae
332 898 414 960 snut,
444 898 495 964 apt
518 907 638 967 prorsus
663 887 777 960 nullae,
806 905 908 950 eorsum
933 905 1008 976 puae
1029 905 1044 943 a
1068 886 1143 945 enda
1162 896 1329 966 suscipiunt

190 985 354 1024 successum
385 964 553 1024 metiuntur.
604 963 679 1024 Ideo
710 961 843 1024 Christus
868 981 1015 1042 respicere
1046 904 1204 1040 discipulos
1235 973 1327 1037 vetat,

221 1039 261 1100 iid
287 1037 419 1114 valeant,
447 1051 479 1100 et
502 1041 539 1099 ab
565 1059 623 1100 una
642 1039 782 1114 coelestis
805 1038 917 1120 gratiae
941 1037 1049 1098 fiducie
1072 1037 1204 1118 pendere
1229 1035 1327 1098 iubet.
1386 1055 1387 1062 ¹

220 1135 260 1176 on
273 1116 316 1175 'de
336 1116 490 1190 facultate,
509 1115 623 1196 inquit,
642 1127 735 1178 vestra
755 1114 802 1175 liic
822 1115 934 1196 agitur,
952 1115 1004 1174 sed
1025 1115 1062 1174 de
1083 1114 1211 1203 Spiritus
1229 1115 1328 1174 sancti
1386 1149 1387 1194 l

189 1193 313 1284 virtute,
342 1191 393 1275 qui
404 1185 543 1254 lfidelium
569 1192 682 1284 linguas
708 1193 745 1252 ad
764 1211 867 1272 puram
886 1189 955 1260 lidei
974 1190 1194 1251 consessionem
1215 1189 1326 1251 lormat

189 1291 224 1330 ac
244 1269 354 1352 dirigit
391 1271 437 1330 Ae
461 1287 500 1330 ue
526 1279 673 1348 praesenti
696 1288 750 1330 suo
776 1267 894 1328 delectu
917 1278 1100 1342 terreantur,
1128 1255 1263 1337 auxilium
1289 1268 1323 1328 in
1386 1307 1387 1318 i

189 1346 255 1406 iso
279 1358 434 1413 momentu
464 1366 498 1404 su
521 1357 709 1406 cruentorum
738 1344 900 1405 denuntiat.
943 1344 1041 1423 Saepe
1071 1341 1150 1403 enim
1175 1343 1326 1404 Dominus

202 1423 343 1484 arundiae
371 1425 451 1483 dono
477 1366 577 1482 fideles
604 1422 749 1494 destituit,
781 1420 943 1500 quamdiu
972 1417 1173 1480 testimonium
1195 1420 1231 1481 ab
1252 1420 1327 1500 ipsis

189 1520 252 1560 non
273 1499 417 1580 postulat:
446 1497 497 1558 ubi
517 1507 615 1558 autem
631 1499 672 1558 ad
694 1498 787 1579 ipsam
806 1497 1009 1561 necessitatem
1025 1507 1146 1558 ventum
1166 1507 1227 1572 est,
1255 1496 1324 1576 plus

189 1597 276 1656 quam
296 1575 437 1636 facundos
456 1574 564 1648 reddit,
584 1574 634 1653 qui
653 1575 733 1654 prius
753 1574 885 1664 elingues
905 1574 959 1634 visi
981 1573 1107 1634 luerent
1145 1571 1198 1633 Sic
1218 1584 1325 1634 nostro

943 829 976 868 us
999 806 1058 868 suis
1071 837 1073 847 =
1085 828 1160 888 quae
1178 828 1350 899 perquam-

189 1665 326 1732 tempore
347 1651 487 1732 quosdam
505 1663 648 1732 martyres
667 1650 807 1724 vidimus,
827 1671 877 1728 qm
897 1669 986 1730 quum
1005 1651 1068 1712 fere
1089 1648 1167 1709 bruti
1189 1649 1326 1728 luissent,
1386 1663 1387 1670 ¹

188 1741 346 1864 postquam
363 1725 461 1788 vocati
480 1738 548 1786 sont
567 1725 605 1785 ad
623 1727 768 1789 edendam
782 1726 851 1786 fidei
863 1727 1091 1802 confessionem,
1110 1736 1180 1808 apte
1200 1737 1232 1786 et
1248 1725 1325 1788 scite
1386 1739 1387 1788 ξ

201 1805 331 1884 oquendi
351 1803 430 1862 douo
450 1821 541 1880 usque
561 1799 597 1862 a'd
616 1803 788 1864 miraculum
808 1801 1016 1863 excelluerunt
1040 1803 1138 1864 Porro
1158 1816 1224 1862 non
1240 1803 1324 1864 omni

146 1934 151 1952 ,
189 1901 257 1940 cura
277 1898 381 1940 vacare
450 1877 562 1937 ostolos
583 1875 717 1938 Christus
740 1879 848 1955 voluit,
888 1881 956 1959 quia
980 1880 1052 1940 utile
1075 1891 1138 1939 erat
1156 1879 1238 1960 ipsos
1258 1899 1323 1940 esse
1386 1945 1387 1948 Ἴ

187 1955 345 2029 sollicitos,
364 1963 397 2013 ut
439 1953 558 2033 piritum
577 1954 659 2014 illum
678 1955 735 2016 sibi
755 1955 817 2016 dari
836 1957 974 2036 precibus
992 1957 1176 2049 flagitarent:
1196 1955 1248 2016 sed
1267 1977 1323 2016 au·
1386 1991 1387 2002 κ

186 2031 261 2090 iiiam
278 2031 512 2106 meditationem,
532 2051 589 2110 qua
608 2051 639 2091 se
659 2042 692 2091 ut
704 2031 861 2112 plurimum
880 2032 1014 2094 liomiues
1031 2033 1207 2114 impediunt,
1226 2029 1323 2094 votuit

186 2107 322 2169 eximere.
361 2109 437 2172 Nam
456 2108 525 2168 dum
544 2128 644 2168 seeum
663 2121 823 2188 quaerunt,
844 2109 915 2201 quid
934 2111 1063 2171 loturum
1082 2111 1129 2186 sit,
1149 2110 1174 2170 si
1195 2111 1253 2171 hoc
1273 2109 1323 2170 vel

186 2184 265 2258 illud·
277 2185 449 2264 contingat,
476 2203 532 2244 neo
551 2184 729 2246 recumbunt
753 2185 785 2244 iu
804 2186 863 2246 Dei
882 2187 1116 2266 providentiam,
1146 2187 1253 2248 misere
1273 2187 1322 2244 in-
1386 2177 1387 2230 l

187 2260 359 2340 quietudine
385 2259 549 2320 turbantur.
595 2263 637 2322 Et
667 2271 747 2322 certe
783 2263 865 2348 digni
890 2275 958 2323 sunt
983 2264 1125 2324 eiusmodi
1155 2274 1321 2338 tormento,

185 2337 354 2474 guicunque
374 2336 452 2397 liunc
472 2337 622 2418 honorem
638 2358 700 2398 non
719 2337 854 2405 tribuunt
867 2339 926 2400 Dei
937 2341 1153 2420 providentiae,
1171 2352 1205 2400 ut
1216 2361 1321 2402 eorum

207 2414 316 2484 electus
336 2425 505 2494 opportune
525 2427 683 2477 succurrat

217 2623 309 2744 (86.)
354 2659 528 2734 ΜΑΤΤΗ.
554 2667 591 2732 X.
612 2709 613 2716 κ
633 2666 684 2733 21.
717 2665 841 2732 Tradet
867 2676 973 2734 autem
1000 2611 1106 2734 irater,
1126 2631 1258 2732 fratrem
1285 2667 1321 2732 iu
1386 2701 1387 2704 ¹

182 2773 335 2844 mortem,
356 2776 387 2829 et
409 2775 502 2850 pater
521 2765 640 2846 filium,
661 2777 695 2833 et
714 2770 879 2852 insurgent
899 2769 961 2834 lilii
981 2769 1136 2836 adversus
1155 2777 1322 2854 parentes,
1386 2785 1387 2788 ’

150 2877 155 2886 ’
182 2873 216 2928 et
236 2875 339 2928 morte
362 2863 508 2932 afficient
528 2885 601 2932 eos:
642 2865 692 2930 22.
719 2865 761 2930 Et
787 2871 985 2963 erititlexosi
1012 2869 1162 2936 omnibus
1183 2880 1321 2955 propter

180 2982 301 3027 nomon
322 2957 442 3029 m'euin:
462 2986 573 3032 verum
586 2966 642 3052 qui
662 2969 849 3032 sustinuerit
868 2991 973 3056 usque
992 2974 1026 3036 in
1046 2971 1161 3049 linem,
1183 2969 1237 3035 hio
1256 2969 1319 3036 sal·
1386 2969 1387 2972 ’

180 3047 241 3126 uus¹
261 3062 328 3130 fiet.
371 3066 422 3132 23.
452 3063 562 3149 Quum
591 3062 703 3132 eutem
722 3073 911 3156 persequuti
937 3093 996 3137 vos
1024 3071 1145 3138 luerint
1172 3073 1208 3136 iu
1236 3069 1320 3138 urbe

174 3153 251 3240 liae,
272 3161 372 3250 fugite
394 3165 428 3230 io
451 3163 561 3230 aliam:
583 3188 677 3233 amen
699 3172 783 3236 euim
806 3171 881 3238 dico
896 3171 1002 3251 vobis,
1023 3195 1090 3239 non
1112 3171 1320 3258 perambula·

178 3265 291 3338 veritis
312 3285 424 3330 omnes
447 3269 592 3333 civitates
613 3267 759 3349 Israelis,
788 3276 868 3358 quin
894 3275 956 3338 iam
978 3273 1081 3339 Filius
1102 3273 1244 3339 hominis
1263 3295 1320 3338 re·

178 3365 274 3428 uerit.
314 3365 368 3430 24.
389 3365 467 3432 Non
489 3376 538 3432 est
550 3367 727 3457 discipulus
743 3391 841 3458 supra
862 3376 1054 3458 magistrum,
1071 3395 1183 3462 neque
1204 3395 1318 3440 servus

177 3469 276 3549 supra
295 3463 472 3544 Dominum
499 3490 600 3536 suum.
647 3473 701 3537 25.
737 3472 866 3540 Sufficit
892 3473 1071 3562 discipulo,
1104 3485 1144 3547 ut
1166 3480 1208 3541 sit
1233 3479 1318 3538 siout

177 3567 328 3652 inpagister
359 3567 474 3653 ipsius,
505 3579 539 3635 et
569 3581 605 3636 ut
631 3593 744 3639 servus
770 3577 811 3639 sit
843 3577 926 3642 siout
951 3565 1113 3643 Dominus
1137 3575 1258 3658 ipsius:
1288 3576 1317 3638 si

55 3718 60 3726 ,
176 3665 282 3750 ipsum
310 3667 571 3754 patremfamilias
594 3685 796 3742 vocaverunt
820 3671 1044 3757 Beelzebub,
1062 3685 1185 3763 quanto
1213 3681 1317 3764 magis

178 3761 373 3834 domesticos
393 3767 503 3836 illiu‘si

222 3907 226 3915 '
261 3899 363 3968 LUC.
385 3901 439 3967 Vl.
480 3877 534 3970 40ss
555 3905 633 3974 Non
649 3920 698 3975 ert
715 3908 892 4000 discipulus
906 3933 1004 3999 supra
1016 3915 1200 3999 magistrum
1212 3935 1315 3994 suum,

148 4077 156 4091 ,
177 3997 353 4068 conlormis
374 4012 480 4070 autem
502 4009 564 4110 erit
584 4012 688 4075 omnis
709 4015 861 4098 magistro
881 4033 954 4081 suo.

251 4155 356 4216 Matth.
374 4163 422 4224 21.
463 4157 576 4222 Tondet
598 4180 692 4226 onim
708 4167 816 4249 frenes·
830 4170 974 4250 frist-iem.
1013 4171 1144 4231 Primum
1169 4172 1313 4236 admonet

178 4248 265 4320 qupm
284 4251 388 4313 graves
408 4255 564 4327 aerumpae
585 4263 637 4302 eos
655 4259 806 4306 maneant:
828 4247 934 4308 deinde
954 4247 1053 4308 addita
1071 4247 1182 4332 insigni
1202 4272 1311 4312 conso-

176 4303 288 4367 latione
306 4319 400 4370 totam
419 4311 609 4402 acerbitatem
636 4319 698 4380 miti
721 4334 759 4381 at.
798 4323 928 4386 Primum
949 4326 1117 4400 denuntiat,
1149 4346 1225 4406 quae
1245 4329 1309 4388 aliis

174 4378 273 4442 solent
291 4403 354 4448 csse
372 4390 536 4467 pracsidio,
556 4394 602 4454 vel
622 4395 731 4476 aliquid
752 4399 907 4462 levationis
927 4401 1224 4484 allerr'e„discipulis
1244 4403 1308 4465 ces'-
