2764 4854
125 313 127 320 γ
160 233 219 294 374
386 220 602 306 sucum
643 157 775 280 carlum
794 229 911 278 rassro
933 224 976 273 ετ
995 225 1096 272 mons.

161 388 254 461 tium,
284 401 382 470 quum
414 377 591 456 audissent,
625 373 793 453 dicebant,
826 369 930 437 Ellam
964 377 1060 436 vocat
1092 369 1164 432 iste.
1206 367 1261 431 48
1287 366 1329 432 Et
1372 381 1373 384 ’

163 489 319 556 continuo
348 503 480 550 currens
502 503 584 548 uuus
607 500 644 545 ex
666 481 729 558 eis,
755 498 853 565 quum
882 481 1047 560 acceptam
1074 473 1241 559 spongiam
1270 475 1330 536 im·
1372 454 1373 516 l

145 591 285 680 'plesset
317 600 424 666 aceto,
456 584 607 672 imposuit
640 577 804 662 arundini,
838 576 1002 664 dabatque
1035 579 1067 642 ei
1093 574 1224 642 bibere.
1277 577 1328 644 49.

121 765 127 778 ,
164 695 300 765 Caeteri
324 712 405 757 vero
432 687 598 762 dicebant,
622 685 716 762 Sine,
735 683 918 759 videamus,
938 701 981 746 an
1001 682 1112 746 veniat
1134 679 1227 745 Elias
1248 679 1328 746 libe·
1372 679 1373 701 ¹

164 808 291 864 raturua
318 817 400 860 eum.
441 793 493 858 50.
519 791 609 856 lesus
638 800 758 866 autem,
784 809 881 874 quum
908 775 1023 850 iterum
1049 782 1225 878 clpmassct
1250 805 1330 850 voce

72 885 79 901 Χ
165 921 294 987 magna,
320 899 424 964 emisit
449 896 604 980 spiritum.
646 891 696 956 51.
720 891 763 955 Et
789 911 880 966 ecce,
913 887 1021 966 velum
1056 886 1172 973 templi
1200 890 1330 952 suasam

99 1059 101 1069 .
167 1016 216 1071 est
241 1008 276 1070 i'n
301 1000 383 1069 duas
409 1009 517 1086 partes
539 1018 558 1061 a
579 1015 702 1061 summo
730 997 845 1082 usque‘
863 991 905 1059 ad
927 994 1038 1056 imum:
1065 1003 1099 1056 et
1129 1002 1219 1056 terra
1247 1001 1331 1056 mota
1372 995 1373 1020 ³

168 1118 230 1185 est,
252 1118 284 1172 ct
311 1114 424 1190 petrae
451 1103 570 1167 scissae
599 1107 682 1164 sunt.
723 1099 774 1165 52.
801 1097 842 1164 Et
869 1106 1076 1163 monumenta
1103 1107 1222 1182 aperta
1249 1107 1334 1172 sunt,
1372 1097 1373 1182 l

169 1221 203 1277 et
233 1208 333 1276 multa
371 1223 510 1292 corpora
546 1211 745 1278 sanctorum,
778 1203 835 1286 qui
872 1199 1078 1277 dormierant,
1112 1211 1332 1266 surrexerunt
1372 1195 1373 1276 Ῑ

141 1389 143 1398 ,
165 1314 221 1396 53.
241 1311 285 1378 Et
306 1310 428 1396 egressi
449 1329 468 1372 e
488 1306 703 1384 monumentis
729 1315 805 1390 post
829 1305 1097 1372 resurrectionem
1121 1302 1213 1380 eius,
1240 1323 1335 1366 vene

167 1427 243 1483 runt
264 1419 303 1482 iu⁴
318 1421 468 1483 ,sanctam
496 1412 670 1486 civitatem,
697 1417 730 1473 et
759 1417 977 1496 apparuerunt
1003 1403 1121 1471 multis.
1163 1407 1219 1473 54.
1249 1405 1335 1474 Cen-
1372 1429 1373 1490 1

168 1521 254 1586 turio
280 1536 378 1596 vero,
405 1517 521 1601 etqui
555 1535 627 1580 cum
656 1532 698 1578 eo
727 1511 820 1578 erant
850 1509 1070 1577 custodientes
1103 1511 1233 1586 lesum,
1267 1513 1333 1576 viso
1372 1519 1373 1564 ὲ

168 1633 276 1689 terrae
305 1631 395 1687 motu
417 1629 449 1686 et
475 1621 530 1698 iis,
558 1635 643 1703 quae
670 1615 754 1680 iacta
781 1613 923 1696 inerant,
950 1617 1122 1680 timuerant
1146 1612 1265 1692 valde,
1292 1613 1334 1678 di·

171 1737 297 1804 centes,
324 1725 413 1788 Vere
441 1719 544 1788 Filius
571 1719 637 1784 Dei
662 1729 731 1785 erat
756 1719 827 1784 istc.
869 1719 920 1784 55.
939 1717 1040 1784 Erant
1067 1721 1178 1782 autern
1201 1717 1252 1782 ibi
1270 1741 1336 1782 mu·

56 1835 61 1856 ¹
169 1827 268 1894 lieres
298 1824 419 1892 multae
440 1845 459 1888 e
480 1822 660 1908 longinquo
687 1831 880 1908 spectantes,
913 1803 998 1908 quae
1017 1833 1181 1907 sequutae
1209 1822 1334 1886 lucrant

170 1933 276 1996 lesum
299 1949 318 2003 a
339 1925 506 2005 Galilaea,
532 1928 748 1993 ministrantes
770 1930 810 1992 ei.
851 1925 1014 1992 tutarer
1047 1945 1129 2010 quas
1165 1936 1236 1989 erat
1268 1925 1335 1990 Ma·
1372 1969 1373 2026 p

170 2035 219 2099 rla
239 2029 453 2114 Magdalene,
474 2039 507 2097 et
528 2029 632 2095 Maria
652 2027 764 2096 lacobi
787 2041 820 2096 et
841 2029 913 2095 lose
934 2039 1049 2106 mater,
1072 2037 1105 2092 et
1125 2039 1229 2094 mater
1246 2027 1334 2092 lilio-
1372 2043 1373 2100 ζ

172 2158 244 2202 rum
266 2133 444 2200 Zebedaei.

257 2339 396 2410 Malae.
427 2344 499 2409 XV.
544 2345 596 2408 33.
631 2343 742 2429 Quum
775 2363 856 2410 vero
889 2343 974 2409 lacta
1007 2353 1093 2409 esset
1112 2311 1210 2407 Nhora
1240 2351 1339 2416 serta,

52 2455 55 2468 '
137 2426 145 2444 ’
173 2445 330 2516 tenebrae
358 2454 449 2511 ortae
474 2455 548 2510 sunt
572 2465 671 2532 super
698 2452 796 2510 totam
818 2456 935 2512 terrain
957 2457 1060 2532 usque
1082 2444 1125 2510 ad
1147 2445 1261 2510 horam
1283 2465 1339 2510 no·
1372 2477 1373 2504 r

177 2572 261 2618 nam.
303 2551 354 2614 3l.
379 2549 422 2614 Et
448 2547 529 2615 hora
555 2569 643 2614 nona
671 2545 818 2614 clamavit
845 2550 935 2614 lesus
961 2571 1043 2615 voce
1071 2569 1199 2634 magna,
1219 2543 1342 2624 dicens,

174 2653 266 2733 Eloi,
286 2651 375 2730 Elui,
408 2649 493 2717 lama
524 2649 754 2716 sabachthani?
782 2649 872 2748 quod
900 2662 960 2729 est,
989 2655 1018 2716 ai
1047 2655 1121 2738 quis
1148 2653 1343 2736 interprete

176 2766 244 2836 tur,
274 2749 367 2820 Deus
404 2775 504 2834 meus,
541 2753 633 2818 Deus
664 2773 772 2832 meua,
808 2776 865 2819 cnr
893 2777 944 2820 me
978 2754 1173 2822 deseruisti?
1222 2757 1279 2821 35.
1304 2755 1344 2820 Et

176 2856 307 2948 quidam
340 2859 522 2934 astantium,
555 2877 654 2942 quum
689 2856 869 2937 audissent,
904 2858 1069 2938 dicebant,
1098 2859 1205 2936 Ecce,
1240 2857 1343 2924 Eliam

101 2985 102 2992 ¹
177 2971 282 3029 vocat
323 2963 376 3026 36.
398 2959 546 3026 Accurrit
567 2970 673 3025 autem
696 2960 841 3047 quidam,
863 2973 896 3028 et
914 2961 1047 3048 impleta
1072 2964 1213 3046 spongia
1244 2967 1373 3040 acatal

178 3065 395 3152 impositaque
424 3059 587 3140 arundini,
612 3067 755 3150 porrexit
782 3063 832 3130 illi
860 3076 985 3152 potum,
1008 3063 1136 3143 dicens,
1157 3063 1284 3144 Sinite,
1302 3069 1345 3130 ri-

180 3163 329 3243 deamus,
357 3187 397 3232 an
418 3176 573 3232 venturus
594 3167 635 3230 sit
656 3165 744 3234 Elias
767 3168 809 3236 ad
835 3165 1065 3255 deponendum
1095 3190 1180 3233 eum.
1224 3173 1280 3236 37.
1301 3171 1347 3236 le

177 3289 234 3335 sus
261 3279 367 3333 autem
396 3271 511 3334 emissa
530 3289 613 3334 voce
640 3289 755 3355 magna
776 3273 954 3354 exspiravit
995 3271 1047 3336 38
1068 3269 1110 3335 Et
1130 3269 1245 3336 velum
1268 3283 1349 3338 tem-

179 3370 229 3460 pli
255 3373 388 3438 scissum
417 3381 465 3438 est
485 3373 519 3438 in
542 3371 622 3438 duas
643 3382 751 3460 partes
772 3394 791 3438 a
812 3393 935 3441 summo
953 3393 1056 3459 usque
1078 3371 1121 3438 ad
1142 3375 1255 3440 imum.
1299 3377 1350 3440 39.

180 3476 293 3563 Quum
325 3473 459 3539 vidisset
486 3484 591 3539 autem
619 3476 794 3568 (gontario,
831 3477 887 3564 qui
909 3498 927 3542 e
947 3479 1081 3562 regione
1110 3479 1182 3544 eins
1210 3479 1352 3554 astabat,

169 3577 273 3667 =quod
299 3579 346 3644 sic
373 3579 490 3644 emisso
519 3576 659 3668 clamore
688 3583 894 3668 exspirasset,
921 3580 1014 3658 dixit,
1047 3581 1138 3645 Vere
1165 3581 1271 3648 homo
1301 3585 1355 3647 hic

179 3681 285 3750 Filius
320 3691 389 3748 erat
415 3681 497 3746 ³Dei.
548 3683 600 3748 40.
625 3683 727 3748 Erant
753 3694 859 3750 autem
888 3694 919 3749 et
946 3683 1097 3750 mulieres
1120 3706 1138 3749 e
1160 3682 1353 3773 longinquo

180 3796 380 3875 spectantes,
407 3786 493 3882 inter
529 3806 610 3871 quas
637 3787 840 3852 erat'Maria
867 3787 1077 3874 Magdalene,
1103 3775 1136 3852 et
1154 3787 1271 3854 Maria
1307 3791 1356 3854 la

172 3887 260 3958 oobi
279 3890 372 3975 parvi
393 3889 518 3976 et.lose
541 3901 656 3972 mater,
677 3901 710 3956 ct
728 3889 867 3969 Salomc,
907 3892 958 3956 41.
979 3889 1091 3976 (Quae
1113 3891 1229 3968 ctiam,
1252 3917 1355 3979 quum

182 4000 268 4058 esset
288 3994 323 4057 in
344 3989 510 4070 Galilaea,
542 4003 699 4082 sequutae
731 3993 858 4058 inerant
892 3991 998 4073 illum,
1027 4003 1058 4058 et
1083 3995 1357 4064 ministraverant

133 4155 135 4160 ,
181 4095 228 4169 ei)
260 4091 408 4180 aliaeque
441 4095 636 4182 complures,
675 4118 759 4184 quae
793 4095 888 4164 simul
922 4095 1132 4163 ascenderant
1167 4118 1245 4164 cum
1280 4107 1356 4188 ipso

186 4193 460 4280 Hierosolymam.
496 4234 497 4242 κ
