2766 4840
178 211 237 278 wo
401 203 518 268 sect.
538 203 618 266 xlx.
658 217 791 266 cnmsrt
811 217 927 272 tassio
949 219 991 266 sr
1010 202 1112 270 noas.

178 356 376 422 ratmundum
399 357 607 420 renoncillaret
632 357 711 418 Patri
734 359 825 496 {qula
849 379 948 440 neque
974 360 1061 421 aliter
1085 359 1199 442 explari
1229 375 1345 444 poterat

178 437 321 502 scelerum
345 445 459 510 reatus,
483 434 531 494 rel
555 434 667 514 acquiri
694 454 736 495 no
758 434 781 494 is
802 435 945 515 iustitia):
966 437 1074 498 deiude
1094 459 1157 498 non
1178 441 1260 500 mori
1282 454 1343 502 tan-

178 535 265 596 quam
284 509 427 572 violentia
439 530 620 591 oppressum,
640 531 726 591 quam
746 509 880 594 effugere
900 534 962 574 non
983 527 1094 594 posset,
1112 515 1167 576 sed
1180 517 1252 596 quia
1268 519 1343 579 ultro

177 613 210 654 sc
235 588 326 650 morti
352 586 505 649 obiiceret
553 587 730 648 Pronuntiat
761 588 771 646 i
795 588 852 649 itur
882 610 914 649 se
943 589 1080 653 consulto
1104 591 1344 675 Hierosolymam

177 668 292 740 venire,
311 675 344 726 ut
363 673 489 725 mortem
508 662 569 724 illic
589 659 722 744 oppetat.
760 607 835 729 §aaa
854 687 943 744 quum
964 666 1090 728 liberum
1111 679 1193 730 esset
1212 683 1343 732 nuore-

179 747 265 820 dere,
290 753 321 804 et
344 740 376 798 in
400 751 465 800 tuto
490 759 605 800 recessu
629 740 718 800 transi
742 760 793 802 ere
818 753 932 822 tempus
957 743 1047 820 illud,
1070 744 1102 804 in
1129 745 1200 825 ipso
1220 748 1343 809 mnodo

177 822 271 884 sciens
291 839 325 879 ae
344 816 448 878 voleus
466 816 603 896 procedit
622 816 652 875 in
672 760 810 877 medium.
850 817 1027 899 Quanquam
1052 832 1152 887 autem
1178 823 1255 882 nibil
1274 836 1342 886 tune

177 895 327 978 discipulis
345 891 461 973 profuit
480 891 525 966 de,
536 891 697 972 obsequio,
716 894 798 974 quod
818 893 899 954 Patri
920 895 1103 976 praestabat,
1122 918 1188 958 csse
1208 899 1342 961 admoni-

175 987 236 1048 tos,
256 983 359 1055 postea
377 981 477 1058 tamen
497 969 550 1030 bae
570 969 705 1030 doctrina
725 991 787 1032 non
807 971 967 1062 vulgariter
986 973 1141 1034 aedificata
1161 973 1221 1036 fuit
1239 997 1342 1038 eornm

177 1051 260 1112 fides.
299 1045 394 1110 Sicuti
418 1045 505 1106 etiam
531 1044 620 1106 bodie
645 1066 707 1106 non
727 1046 882 1107 mediocris
902 1048 971 1108 inde
990 1049 1100 1110 utilitas
1120 1049 1158 1110 ad
1175 1073 1235 1114 nos
1254 1055 1343 1128 redit,

199 1128 246 1188 uia
271 1137 409 1204 tanquam
432 1121 464 1182 in
487 1122 556 1184 vivo
580 1117 701 1203 speculo
725 1123 904 1204 proponitur
927 1124 1014 1186 nobis
1033 1137 1228 1216 spontaneum
1247 1131 1343 1190 sacri-

175 1150 292 1278 dcium,
318 1219 378 1281 quo
404 1198 519 1259 deletae
543 1210 612 1260 sunt
637 1220 740 1260 omues
764 1201 866 1262 mundi
890 1212 969 1262 nans
1052 1223 1151 1264 iones:
1179 1215 1211 1264 et
1229 1205 1342 1266 Filium

175 1281 253 1357 Dei,
276 1275 411 1367 alacriter
430 1270 462 1336 et
479 1275 626 1358 intrepide
645 1276 683 1358 ad
701 1289 828 1338 mortem
846 1222 1100 1360 pergenffiasn
1119 1281 1224 1342 mortis
1241 1283 1342 1346 vieto-

66 1397 68 1400 .
382 1374 392 1410 ι
456 1397 464 1412 .

175 1379 239 1420 rem
254 1373 541 1497 dl’dllblcdimff'nno
558 1433 726 1508 congregati
742 1444 818 1491 nem.
855 1431 926 1490 Non
950 1429 1094 1523 intelligit
1116 1433 1290 1496 Matthaeus
1314 1437 1342 1496 in

175 1511 242 1594 ipso
262 1508 354 1570 biduo
375 1505 463 1571 fuisse
483 1527 596 1588 congre
618 1518 692 1582 atos,
709 1507 760 1568 sed
782 1509 855 1569 hanc
875 1503 1026 1568 historiam
1045 1509 1166 1584 inserit,
1193 1509 1342 1572 Christum

174 1609 239 1649 non
258 1587 424 1648 humanitus
442 1584 580 1644 edoctum
591 1527 690 1659 disse,
709 1593 742 1644 ut
761 1583 839 1644 diem
858 1583 948 1643 morti
966 1604 1035 1644 suae
1054 1587 1147 1664 praefi
1172 1598 1255 1647 eret:
1277 1591 1338 1668 qui-

176 1663 232 1726 bus
251 1657 329 1724 enirn
349 1659 525 1725 coniecturis
546 1660 602 1722 huc
621 1659 725 1720 adduci
744 1660 853 1740 potuit,
871 1680 961 1738 quum
980 1659 1050 1740 ipsis
1071 1606 1210 1724 hostibus
1228 1663 1262 1724 in
1279 1667 1340 1725 ani-

174 1761 227 1804 mo
243 1749 325 1801 esset
342 1749 401 1801 tem
423 1759 457 1797 us
476 1736 617 1798 differre?
648 1735 756 1798 Sensus
777 1756 850 1819 ergo
871 1748 930 1812 est,
958 1737 1072 1817 Spiritu
1091 1740 1278 1822 prophetico
1297 1743 1339 1802 lo-

176 1828 299 1898 quutnm
320 1835 382 1876 esse
403 1759 440 1876 de
458 1824 554 1873 morte
574 1832 641 1888 sua,
666 1833 755 1892 quum
775 1835 864 1874 nenio
883 1813 1023 1895 suspicari
1043 1827 1145 1895 posset
1164 1827 1227 1876 tam
1248 1839 1339 1898 prope

173 1893 294 1954 instare.
342 1892 440 1952 Porro
464 1889 592 1950 loannes
622 1889 759 1969 exponit,
811 1911 847 1950 ua
876 1891 912 1950 de
942 1910 1026 1950 cansa
1053 1903 1239 1952 conventum
1266 1895 1339 1954 hune

88 2001 95 2028 t
174 1967 335 2030 habuerint
351 1965 465 2029 scribae
476 1977 507 2026 et
517 1965 655 2026 sacrifici:
697 1965 744 2024 uia
763 1911 876 2028 scilicet
893 1966 988 2028 maior
1006 1967 1038 2026 in
1057 1967 1121 2028 dies
1164 1969 1249 2049 opuli
1268 1993 1337 2031 eon-

175 2065 275 2108 cursus
300 2044 336 2105 ad
363 2042 511 2106 Christum
536 2042 630 2102 fieret.
673 1986 718 2102 de
741 2053 813 2104 tune
838 2043 956 2135 quidem
981 2043 1100 2104 hortatu
1155 2045 1261 2126 aipbae
1283 2049 1334 2106 de-

175 2135 289 2185 cretum
305 2119 372 2199 fuit,
393 2117 518 2180 emedio
529 2117 694 2179 tollendum
713 2137 785 2196 esse,
805 2140 873 2199 quaa
892 2119 948 2180 nisi
967 2131 1064 2180 morte
1083 2123 1241 2182 exstinctus
1259 2123 1335 2183 rinei

173 2219 239 2260 uon
280 2189 370 2258 dsset:
390 2195 443 2257 sed
463 2214 525 2255 non
545 2195 605 2256 visa
626 2206 670 2254 est
688 2207 802 2256 matura
821 2215 840 2256 o
885 2197 1038 2270 ortnnitas,
1058 2195 1158 2258 donee
1179 2201 1336 2290 praeterito

175 2275 224 2339 die
249 2219 326 2336 fiesto
351 2273 461 2354 dilapsa
481 2281 558 2332 esset
575 2271 671 2332 turba.
710 2272 789 2333 Hine
814 2217 993 2355 coiligimus,
1018 2286 1210 2352 quantumvis
1235 2277 1334 2367 cupide

173 2351 303 2415 famelici
322 2350 366 2410 illi
385 2370 471 2414 canes
491 2347 639 2408 inhiarent
660 2349 771 2410 Christi
791 2350 897 2424 morti,
922 2349 981 2410 imo
1008 2351 1199 2440 quantumvis
1224 2353 1334 2414 rabiosa

173 2430 212 2492 ad
239 2449 303 2490 earn
327 2449 359 2489 se
380 2426 584 2509 proriperent,
610 2423 698 2486 fuisse
717 2435 816 2486 nmen
836 2446 945 2486 arcano
964 2426 1023 2486 Dea
1044 2426 1131 2488 freno
1152 2431 1335 2502 constrictos,

173 2518 208 2568 nt
225 2504 302 2566 nihil
320 2525 423 2567 eorum
443 2501 568 2564 consilio
588 2500 636 2564 vel
655 2501 778 2562 arbitrio
798 2514 895 2563 actum
914 2503 960 2562 sit
1000 2502 1155 2576 Quantum
1182 2506 1215 2566 in
1241 2527 1275 2566 se
1299 2519 1336 2566 est

172 2593 344 2664 exspectant
363 2580 441 2642 aliud
461 2591 591 2658 tempus:
610 2576 693 2639 Deus
712 2597 784 2640 vero
799 2579 870 2659 ipsis
887 2579 1058 2640 nolentibus
1069 2580 1337 2644 boramaecelerat.

172 2659 219 2730 nc
238 2683 282 2720 ma
308 2678 419 2738 nopere
438 2667 538 2715 nostra
559 2655 652 2715 refert
672 2656 728 2715 hoc
747 2666 861 2731 tenere,
882 2654 1030 2716 Christum
1046 2675 1110 2716 non
1127 2658 1262 2719 hostium
1273 2681 1335 2720 suo-

173 2759 239 2799 rum
263 2681 387 2800 {titilius
411 2745 524 2793 temere
548 2730 619 2792 abre
642 2741 703 2791 tum
723 2731 811 2792 fuisse
831 2734 867 2794 ad
886 2744 1027 2807 mortem,
1052 2733 1104 2793 sed
1125 2733 1272 2798 divinitus
1291 2737 1335 2796 ad-

174 2815 310 2876 ductum:
335 2811 473 2889 quoniam
500 2808 531 2868 in
557 2827 594 2867 eo
619 2753 740 2868 lundata
767 2820 811 2868 est
829 2809 1047 2946 propitiationis
1067 2809 1156 2884 fides,
1182 2813 1256 2872 Deo
1277 2813 1337 2872 lita-

175 2903 236 2951 tum
257 2907 328 2950 esse·
340 2907 373 2946 ea
393 2885 509 2944 victima
528 2905 615 2964 quam
634 2883 672 2945 ab
692 2884 779 2946 initio
793 2907 828 2948 or

175 2967 223 3028 die
242 2963 372 3024 Paschae
392 2961 499 3022 Filium
518 2982 600 3022 suum
620 2960 780 3036 immolari,
804 2973 838 3021 ut
860 2973 944 3022 vetus
970 2962 1063 3054 figura
1088 2985 1181 3024 unico
1203 2979 1337 3026 aeterme

173 3037 386 3120 redemptionis
406 3037 548 3099 sacrificio
569 3037 697 3098 cederet.
737 3037 856 3116 Quibus
874 3038 948 3098 nibil
968 3039 1046 3098 aliud
1066 3051 1131 3098 erat
1149 3045 1336 3122 propositam

195 3139 261 3178 uam
282 3115 431 3176 Christum
451 3115 590 3186 obruere,
609 3125 723 3194 tempus
743 3115 820 3175 aliud
840 3115 932 3196 magis
952 3115 1093 3175 idoneum
1113 3115 1210 3176 visum
1233 3131 1295 3180 est:
1312 3131 1337 3178 at

171 3139 271 3269 Ceus,
295 3191 346 3272 qui
371 3213 438 3252 eum
465 3189 612 3269 expiandis
637 3192 764 3271 peccatis
788 3191 820 3250 in
844 3192 990 3252 victimam
1015 3191 1235 3270 destinaverat,
1266 3197 1337 3256 diem

194 3292 229 3334 ro
252 3269 326 3330 rium
357 3268 462 3351 elegit,
493 3265 544 3346 qui
574 3287 681 3347 eorpus
710 3267 831 3329 umbrae
856 3288 924 3328 suae
950 3268 1132 3328 coniunctim
1159 3291 1201 3350 op
1228 3285 1338 3332 onmet

171 3291 361 3410 itidemne
381 3365 499 3424 quoque
520 3342 624 3403 elarius
643 3342 730 3404 nobis
749 3343 879 3481 refulpet
898 3344 1038 3423 passionis
1058 3343 1174 3406 Christi
1208 3363 1318 3408 menae

851 2885 988 2945 ’navarat
1019 2885 1154 2976 Ideoque
1167 2888 1268 2948 voluit
1279 2891 1336 2970 ipso

248 3431 277 3490 6.
319 3423 414 3504 (lisam
442 3433 512 3479 esset
537 3416 706 3479 Barbanissa.
757 3421 827 3496 Quo
884 3441 963 3486 nune
998 3421 1193 3503 Evangelista
1229 3439 1340 3498 narrat,

170 3503 261 3584 paulo
281 3512 350 3560 ante
371 3497 518 3558 acciderat
536 3517 623 3576 quam
644 3495 777 3558 Christus
798 3498 1034 3578 Hierosolymam
1054 3499 1190 3560 reniret:
1211 3504 1265 3562 sed
1292 3503 1339 3560 bic

170 3577 345 3659 tempestive
365 3573 517 3647 inseritur,
542 3584 575 3632 ut
592 3573 730 3644 sciamus,
750 3594 892 3653 quaenam
912 3586 1046 3654 repente
1057 3577 1178 3636 occasio
1197 3580 1338 3636 sacerdo-

170 3668 216 3718 tes
236 3654 273 3714 ad
292 3649 488 3712 festinandum
507 3649 665 3730 impulerit
706 3649 854 3711 Christum
880 3671 895 3709 a
919 3663 981 3710 erta
1004 3649 1033 3710 vi
1055 3671 1093 3734 ag
1117 3653 1183 3711 redi
1200 3673 1263 3712 non
1284 3675 1339 3712 au-

171 3731 296 3795 debant:
317 3729 388 3791 dolo
408 3739 504 3788 autem
525 3727 694 3807 opprimere
714 3748 775 3787 non
796 3728 870 3788 adeo
891 3671 976 3787 licite
995 3736 1068 3788 erat
1137 3730 1281 3790 uncdnm
1293 3730 1339 3790 in-

111 3843 117 3856 ·
170 3833 185 3873 s
208 3820 288 3871 erata
308 3805 384 3866 ratio
405 3825 421 3866 a
441 3804 514 3864 luda
533 3816 651 3884 praeter
669 3823 751 3883 spem
772 3803 914 3876 offertur,
938 3803 1000 3884 ipsa
1025 3823 1041 3862 a
1065 3804 1136 3865 endi
1156 3805 1285 3867 facilitas
1305 3809 1340 3866 ad

171 3833 251 3948 aliud
268 3879 423 3946 consilium
439 3900 490 3940 eos
503 3902 533 3939 ra
557 3880 606 3944 it,
628 3879 720 3954 Quod
740 3880 974 3941 autemloahnes
994 3877 1025 3939 in
1043 3823 1100 3939 hae
1119 3881 1249 3942 historia
1291 3907 1339 3942 au-

170 3964 262 4025 lulum
282 3981 299 4022 a
318 3959 470 4020 Matthaeo
491 3968 521 4016 et
569 3977 638 4016 arco
658 3957 788 4030 diversus
815 3969 874 4030 est,
904 3955 990 4017 facile
1014 3956 1138 4016 diluitur
1163 3907 1340 4032 absurditas,

192 4060 247 4100 uae
266 4037 443 4116 interpretes
463 4031 604 4113 quosdam
625 4053 778 4114 perperam
799 4033 920 4106 induxit,
940 4045 972 4094 ut
991 4033 1076 4094 aliam
1098 4034 1260 4098 historiam
1279 4057 1339 4097 esse

170 4059 327 4252 {ngererpt
366 4108 649 4246 Norapetptmplierisl,
670 4129 744 4190 quae
765 4109 915 4245 Christupa
935 4111 1032 4244 mill
1058 4112 1141 4201 ql¹⁰.d
1163 4113 1227 4174 duo
1249 4113 1339 4202 nostri

98 4293 106 4320 ,
171 4201 569 4326 clssilid‘iiniim‘ssbt
587 4206 628 4339 fi,
646 4207 950 4338 ttt‘fitttttt?
982 4207 1338 4328 „uimiiiai‘iitffl

170 4353 291 4405 moreat
313 4339 478 4403 Matthaeus
501 4350 532 4403 et
589 4359 688 4416 arcus,
715 4359 782 4404 euna
806 4352 877 4402 tunc
902 4283 981 4422 apud
1005 4340 1162 4403 Simonem
1188 4343 1339 4427 leprosum

201 4523 204 4533 ·
252 4475 264 4545 l
