2768 4834
154 221 235 314 'uo
335 204 340 219 Χ
380 265 383 278 ¹
632 235 785 307 scomo
805 240 859 302 vr

177 395 235 458 illis
254 405 354 478 parata
375 413 437 456 esse
458 392 627 467 certamina,
647 413 722 476 quae
743 393 891 476 quondam
969 393 1024 453 erti
1044 402 1113 455 sunt
1124 391 1330 530 Prophetae,

178 470 415 554 quandoquidem
434 469 466 530 in
486 491 589 530 eorum
608 469 706 530 locum
727 471 896 532 succedunt.
955 491 1029 550 eque
1051 469 1130 529 enirn
1149 490 1215 531 soo
1232 481 1331 529 tem-

177 549 259 630 poris
278 559 413 628 respectu
423 545 589 627 Prophetas
609 545 680 609 dicit
699 547 786 608 luisse
806 547 863 608 illis
882 547 1008 627 priores,
1028 547 1079 608 sed
1096 545 1165 625 quia
1178 547 1330 608 eiusdem

176 626 236 686 sint
262 624 387 698 ordinis,
416 623 544 702 ideoque
568 644 599 685 se
625 624 662 683 ad
686 623 804 684 illorum
832 623 995 704 exemplum
1023 624 1151 682 formare
1172 623 1329 685 debeant.

179 700 272 778 Quod
303 699 394 782 vulgo
424 719 531 758 norem
561 699 756 761 beatitudines
784 701 943 777 linxerunt,
981 701 1073 782 magis
1099 699 1240 760 frivolum
1267 712 1330 760 est

178 799 265 860 quam
285 788 318 837 ut
336 775 426 858 longa
445 774 623 844 refutatione
642 776 784 915 indiqeat.

252 853 324 912 Luc.
347 859 395 918 24.
437 849 505 912 Vae
527 851 605 912 vobis
628 851 707 913 diviti
726 875 766 912 ras.
807 849 900 914 Sicuti
927 864 1054 934 quatuor
1079 861 1195 912 tanturn
1214 849 1326 912 bene·
1376 903 1377 910 ,

178 929 341 992 dictionum
365 928 461 1007 capita
480 929 629 990 recensuit
645 930 754 1004 Lucas,
784 930 824 990 ita
865 951 923 990 unc
943 941 1070 1010 quatuor
1089 927 1327 988 maledictiones

177 1006 323 1087 opponit,
353 1017 386 1064 ut
408 1005 540 1065 membra
565 1005 643 1066 inter
665 1029 697 1068 se
721 1026 831 1087 respon
854 1017 930 1066 eant
975 1005 1132 1066 Caeterum
1157 1005 1325 1064 antithesis

175 1082 232 1144 ista
257 1091 328 1142 non'
344 1082 434 1141 modo
461 1082 498 1142 ad
521 1081 724 1146 incutiendum
749 1083 846 1163 impiis
868 1093 1015 1142 terrorem
1040 1091 1170 1162 spectat,
1201 1081 1252 1140 sed
1275 1082 1324 1141 ad

178 1156 281 1218 fideles
301 1157 479 1232 excitandos,
498 1179 536 1218 ne
556 1159 637 1220 vania
658 1171 688 1220 et
701 1159 838 1240 captiosis
848 1159 948 1218 nrundi
959 1158 1106 1218 illecebris
1117 1157 1322 1216 indormiant.

178 1235 294 1294 Scimus
314 1233 403 1308 enim,
444 1255 509 1310 uam
529 1235 660 1324 proclive
679 1236 716 1296 sit
734 1237 823 1296 rebus
843 1235 992 1316 prosperis
1005 1233 1155 1308 inebriari,
1174 1233 1322 1293 velirre-

176 1312 228 1371 tiri
252 1309 404 1370 homiuum
423 1253 587 1370 itandiuis:
607 1314 686 1372 unde
706 1311 793 1373 etiarn
814 1313 856 1386 lit,
876 1323 909 1370 ut
926 1333 1014 1392 saepe
1033 1310 1185 1394 invideant
1203 1331 1235 1370 re
1259 1331 1322 1370 ro-

177 1387 223 1448 bis
253 1385 306 1446 filii
337 1386 411 1462 Dei,
449 1385 555 1466 qulbus
581 1389 679 1449 omnia
705 1409 848 1469 prospera
874 1399 904 1447 et
928 1388 1054 1450 secunda
1079 1387 1172 1446 liuere
1199 1331 1321 1446 vident.

177 1463 275 1524 Porro
294 1461 426 1522 divitibraes
444 1462 607 1538 maledicit,
630 1487 693 1525 non
714 1465 908 1546 quibuslibet,
932 1465 984 1524 sed
1004 1464 1053 1543 qui
1073 1463 1320 1523 consolationem

176 1561 258 1600 suam
277 1539 309 1600 in
329 1539 439 1600 mundo
459 1539 621 1619 accipiunt,
640 1542 699 1602 hoc
719 1555 772 1616 est,
791 1541 981 1622 acquiescunt
998 1540 1030 1599 in
1049 1545 1100 1599 sua
1119 1539 1257 1614 fortuna,
1279 1552 1321 1600 ut

177 1617 294 1676 suturae
324 1616 402 1675 vitae
432 1614 648 1677 obliviscantur.
706 1617 862 1700 Significat
888 1639 976 1700 ergo,
1010 1628 1122 1678 tantum
1149 1613 1251 1676 abesse
1281 1628 1322 1675 ut

177 1691 297 1752 beatum
323 1691 472 1752 bominem
496 1691 614 1752 divitiae
639 1693 762 1769 faciant,
793 1704 826 1754 ut
850 1716 939 1774 saepe
963 1695 994 1753 in
1023 1693 1210 1753 occasionem
1231 1693 1320 1752 exitii

116 1795 120 1802 ·
177 1780 338 1830 vertantur.
375 1766 498 1844 Alioqui
518 1767 621 1828 divites
641 1791 657 1830 a
676 1790 772 1852 regno
791 1791 845 1831 suo
865 1771 986 1831 minime
1006 1781 1089 1830 arcet
1105 1769 1199 1842 Deus,
1218 1770 1319 1830 modo

178 1865 217 1904 ne
237 1843 293 1904 sibi
313 1844 434 1922 laqueos
455 1843 644 1923 complicent,
662 1846 710 1906 vel
729 1869 741 1906 s
766 1868 812 1907 em
830 1871 909 1908 suam
930 1847 1056 1928 figentes
1076 1845 1204 1906 interra
1225 1843 1319 1904 ianu-

133 1961 135 1966 .
179 1941 225 1990 am
245 1919 397 1980 coelorum
416 1916 472 1978 sibi
492 1919 693 2000 praecludant.
727 1923 891 2006 laleganter
900 1923 1090 2005 Augustinus,
1111 1922 1161 2000 qui
1182 1933 1215 1980 ut
1233 1922 1319 1983 divi-

177 1997 233 2056 tias
257 1995 323 2054 liliis
348 1994 408 2055 Dei
432 2017 487 2076 per
510 2015 542 2056 se
568 2019 630 2057 non
657 2019 721 2059 esse
744 1999 956 2081 impedimento
985 1999 1134 2072 ostendat,
1164 1995 1317 2058 Lazarum

177 2092 338 2153 pauperem
358 2071 388 2132 in
408 2072 502 2131 sinum
524 2072 618 2134 divitis
627 2075 763 2136 abrahae
783 2089 934 2161 receptum
954 2076 1042 2136 fuisse
1063 2075 1213 2134 admonet
1243 2077 1316 2135 Eo-

179 2151 246 2210 dem
265 2169 352 2208 sensu
370 2149 473 2208 saturis
492 2149 641 2212 maledicit
659 2173 693 2212 ac
713 2153 818 2233 plenis,
839 2155 907 2234 quia
926 2151 1020 2213 inflati
1040 2151 1237 2230 praesentium
1252 2152 1316 2212 bo-

176 2245 284 2286 norum
310 2225 415 2284 liducia
441 2225 581 2305 quicquid
606 2240 651 2290 est
675 2229 848 2292 coelestium
868 2229 1015 2290 bonorum
1035 2239 1185 2307 respuunt
1224 2229 1316 2310 idem

179 2312 209 2363 et
228 2303 265 2362 de
285 2300 344 2360 risu
363 2301 562 2362 sentiendumz
581 2324 660 2366 nunc
679 2306 759 2366 enim
778 2307 873 2367 ridere
893 2305 1048 2386 intelligit,
1074 2304 1123 2384 qui
1143 2302 1315 2396 Epicureae

176 2377 308 2440 laetitiae
327 2377 440 2454 dediti,
462 2379 541 2438 etin
562 2383 656 2441 carnis
674 2383 874 2463 voluptatibus
893 2381 1033 2455 demersi,
1054 2381 1193 2460 quicquid
1213 2381 1315 2441 mole-

176 2455 250 2516 stiae
274 2475 330 2535 pro
356 2457 466 2516 tuenda
490 2455 549 2516 Dei
572 2458 667 2539 gloria
687 2459 870 2520 subeundum
890 2461 970 2519 foret
988 2455 1147 2538 refugiunt.
1186 2455 1314 2517 Postre-
1376 2461 1377 2486 ¹

175 2554 256 2592 mum
280 2553 332 2592 voe
356 2533 392 2592 ad
417 2533 622 2614 corrigendam
646 2535 836 2597 ambitionem
859 2536 1001 2616 pertinet:
1032 2533 1100 2612 quia
1127 2531 1206 2595 enim
1232 2535 1313 2596 nibil

175 2609 269 2692 magis
295 2629 451 2670 commune
477 2623 521 2669 est
545 2633 631 2690 quam
658 2624 775 2691 captare
800 2613 951 2679 borninum
977 2611 1107 2692 plausus,
1137 2609 1184 2668 vel
1204 2609 1314 2672 saltem

176 2685 233 2745 illis
253 2685 393 2759 inescari,
418 2697 451 2745 ut
469 2685 539 2746 inde
560 2686 722 2750 absterreat
742 2685 875 2750 Christus
894 2709 962 2748 suos
983 2686 1157 2765 discipulos,
1178 2689 1314 2748 ostendit

178 2761 323 2822 exitialem
344 2763 408 2821 lore
429 2763 578 2822 bominum
599 2766 731 2844 gratiam.
776 2765 857 2825 Haec
876 2777 972 2833 autem
993 2763 1155 2822 admonitio
1174 2763 1313 2842 peculia·
1376 2831 1377 2836 η

176 2839 251 2898 riter
276 2838 312 2897 ad
333 2838 469 2898 doctores
489 2849 616 2928 spectat,
641 2840 745 2919 quibus
765 2841 844 2902 nulla
859 2841 954 2922 pestis
974 2839 1064 2919 magis
1085 2840 1243 2898 metuenda
1266 2852 1313 2902 est

178 2935 265 2993 quam
286 2912 423 2987 ambitio,
476 2935 523 2973 ura
543 2915 606 2973 lieri
626 2938 686 2975 uon
707 2929 821 2996 potest,
851 2917 922 2998 quin
942 2937 1043 2997 puram
1062 2915 1121 2974 Dei
1143 2914 1311 2976 doctrinam

177 2989 360 3061 adulterent,
389 2989 441 3048 ubi
455 2935 611 3050 bominum
632 2991 762 3055 savorem
783 3015 856 3054 aucu
878 3005 972 3052 antur.
1012 2991 1104 3065 Quod
1126 2991 1197 3051 dicit
1217 2993 1311 3054 Chri-

176 3077 246 3140 stus,
267 3063 379 3124 Omnes
399 3065 547 3139 homines,
566 3067 672 3128 referri
692 3061 781 3130 debet
801 3072 837 3131 ad
857 3015 932 3130 ilios
952 3068 1059 3129 saeculi
1070 3111 1079 3140 ,
1098 3066 1148 3146 qui
1167 3088 1231 3127 non
1252 3071 1312 3130 nisi

175 3141 388 3222 impostoribus
408 3154 439 3201 et
456 3144 723 3231 pseudoprophetis
742 3168 778 3227 ap
802 3147 932 3208 laudunt
963 3147 1037 3206 Nam
1058 3129 1159 3205 fideles
1174 3155 1205 3203 et
1216 3148 1309 3226 probi

175 3239 262 3280 sanae
288 3218 441 3278 doctrinae
464 3219 588 3279 ministri
612 3240 693 3281 suam
712 3169 800 3315 apud
809 3223 905 3284 bonos
926 3220 1041 3282 laudem
1062 3230 1093 3280 et
1111 3220 1236 3302 gratiam
1256 3223 1310 3282 ba-

175 3295 258 3356 bent
297 3295 425 3355 Tantum
445 3316 518 3380 ergo
538 3319 642 3378 pravus
662 3320 756 3360 carurs
776 3301 860 3360 lavor
879 3299 927 3358 lric
947 3299 1109 3370 damnatur,
1130 3297 1197 3374 quia
1217 3319 1309 3359 uerno

178 3370 289 3434 Christi
307 3391 407 3432 servus
427 3393 489 3434 esse
509 3375 631 3454 poterit,
651 3378 701 3454 qui
719 3376 851 3437 studebit
868 3373 1035 3436 hominibus
1054 3372 1183 3454 placere,
1202 3396 1309 3454 quem-

172 3449 332 3509 admodum
352 3448 458 3512 Paulus
478 3451 567 3512 docet
587 3452 700 3532 (Galat
719 3462 748 3528 1,
767 3454 839 3532 10.).

219 3563 304 3642 (42.)
345 3563 514 3629 MATTH.
536 3567 579 3633 V.
621 3567 671 3632 13.
696 3569 766 3638 Vos
789 3569 864 3632 estis
884 3563 1073 3642 salterrae,
1093 3561 1189 3652 lquod
1210 3565 1240 3630 si
1260 3565 1311 3632 sal

175 3663 348 3732 infatuatus
369 3665 480 3744 luerit,
511 3686 576 3753 quo
598 3665 752 3733 salietur?
787 3664 827 3731 ad
850 3664 931 3731 nibil
951 3663 1038 3730 valet
1059 3664 1156 3741 ultra,
1187 3668 1250 3730 nisi
1272 3678 1310 3732 ut

173 3769 362 3854 prolicietur
381 3765 469 3832 foras
491 3763 529 3832 el
544 3765 753 3836 conculcetur
773 3765 815 3831 ab
836 3765 1027 3832 hominibus.
1066 3765 1116 3830 14.
1137 3766 1208 3830 Vos
1231 3769 1309 3833 estis

174 3869 229 3938 lux
255 3851 383 3933 mundi:
411 3888 479 3932 nou
500 3878 608 3954 potest
629 3867 783 3954 oppidum
806 3865 1082 3951 abscondisupra
1102 3876 1244 3931 montem
1264 3872 1308 3934 si·

173 3979 249 4036 tum.
280 3971 331 4035 15.
350 3969 466 4056 Neque
489 3967 670 4032 accendunt
689 3968 863 4050 lucernam,
885 3981 918 4034 et
937 3977 1063 4053 ponunt
1083 3965 1171 4032 illam
1193 3966 1309 4033 subter

172 4069 331 4147 modium,
357 4067 416 4134 sed
430 4063 534 4159 'super
555 4065 796 4150 candelabrum,
824 4081 855 4135 et
875 4069 964 4134 lucet
985 4067 1134 4135 omnibus
1155 4071 1211 4157 qui
1232 4079 1308 4140 suut

173 4173 208 4236 in
231 4169 338 4238 domo.
380 4169 429 4235 16.
455 4169 510 4234 Sic
530 4168 637 4247 luceat
658 4168 712 4233 lux
731 4181 837 4235 vestra
859 4192 967 4236 coram
989 4168 1181 4247 hominibus,
1203 4179 1239 4234 ut
1259 4171 1307 4233 vi-

174 4269 274 4335 deant
293 4277 398 4333 vcstra
416 4269 506 4338 bona
527 4291 644 4356 opera,
663 4279 696 4336 et
715 4269 898 4358 glorificent
918 4272 1043 4342 Patrem
1066 4281 1224 4348 vestrum,
1246 4273 1304 4364 qui

175 4377 224 4434 ost
243 4370 279 4436 iu
299 4365 408 4440 coelis.
