2756 4838
233 265 237 284 ι
344 243 426 321 (1oe
464 241 512 303 De
526 241 765 324 argentosum
784 230 959 318 credito.)¹
1090 203 1092 210 Α
1154 241 1214 308 1&

68 399 232 486 acquisivit.
278 398 331 464 tt.
359 397 403 476 Et
421 399 465 464 ait
485 357 550 480 illi,
573 399 665 486 Euge
685 398 775 464 bone
796 419 903 476 servs,
931 393 1007 484 quia
1026 395 1062 460 in
1080 395 1212 465 minimo

66 501 144 568 luisti
163 499 278 582 tidelis,
300 499 420 568 habeto
441 512 632 590 potestatem
653 524 751 589 super
773 501 885 568 decem
907 501 1059 566 civitates
1100 497 1151 564 18.
1170 497 1214 566 Et
1275 505 1285 535 ²

62 603 139 670 alter
161 607 263 686 venit,
280 591 418 685 dicens,
443 606 602 684 Domine,
629 608 714 671 mina
742 615 798 672 tua
826 603 966 672 confecit
991 601 1136 689 quinque
1157 604 1215 668 mi-

62 729 121 773 nas.
162 709 210 774 19.
236 709 276 774 Et
298 708 374 776 huic
395 713 452 788 alt,
480 710 523 776 Et
550 720 585 776 tu
610 707 795 796 praefectus
823 719 893 775 esto
914 707 1059 793 quinque
1080 706 1216 771 civitati-

61 807 123 876 bus.
162 811 219 880 20.
232 812 274 878 Et
296 795 378 880 alius
398 814 496 892 venii,
515 813 639 888 dicens,
659 809 812 890 Domine,
833 831 911 876 ecce
929 812 1014 876 mina
1035 821 1097 886 tua,
1118 829 1215 895 quani

61 913 149 980 habui
170 919 341 1003 repositam
364 921 398 983 in
419 916 568 983 sudario:
593 915 644 982 21.
674 913 781 979 Timui
811 915 896 980 enim
923 924 972 992 te,
1002 911 1092 999 quod
1114 909 1213 977 bomo

62 1029 197 1084 austerus
216 1023 274 1086 sis:
302 1020 389 1087 tollis
411 1017 500 1107 quod
522 1038 589 1084 non
611 1021 762 1106 posuisti,
787 1019 938 1112 ethmetis
964 1015 1057 1104 qu‘od
1075 1036 1142 1082 non
1163 1036 1215 1090 sc-

61 1124 184 1186 minasti.
229 1123 278 1186 22.
305 1121 396 1187 Dicit
418 1125 464 1200 ei,
490 1121 544 1188 De
572 1144 630 1187 ore
660 1135 716 1188 tuo
744 1134 775 1188 te
802 1120 973 1199 iudicabo,
999 1141 1092 1188 serve
1114 1118 1215 1186 male:

59 1223 175 1292 sciebas
203 1223 292 1312 quod
322 1245 383 1310 ego
410 1224 509 1290 bomo
534 1235 680 1290 austerus
706 1226 781 1301 sim,
805 1224 927 1290 tollens
955 1224 1043 1312 quod
1066 1246 1133 1290 non
1156 1245 1217 1310 po·

59 1330 109 1407 sni,
131 1335 162 1393 ct
182 1339 306 1394 metens
329 1328 418 1424 quod
441 1349 508 1393 non
529 1329 699 1393 seminavi:
741 1329 793 1393 23.
818 1329 861 1394 Et
882 1350 982 1414 quare
1003 1349 1072 1394 non
1094 1327 1215 1395 dedisti

58 1435 220 1516 pecuniam
248 1455 350 1498 meam
381 1432 421 1498 ad
443 1451 601 1508 mensam,
630 1442 661 1496 et
690 1451 750 1516 ego
778 1433 914 1500 veniens
935 1451 1005 1496 cum
1027 1433 1132 1496 usuris
1153 1433 1215 1497 nti-
1323 1425 1327 1430 ’

57 1556 115 1619 que
146 1539 320 1621 exegissem
357 1533 465 1600 illam?
518 1535 569 1600 24.
603 1533 645 1599 Et
667 1532 849 1600 'astantibus
878 1535 968 1612 dixit,
1002 1533 1138 1601 Auferte
1171 1533 1214 1600 ab

56 1638 109 1704 illo
138 1644 271 1717 minam,
303 1649 336 1712 et
368 1636 442 1702 date
470 1616 534 1715 illl,
567 1639 623 1724 qni
652 1637 766 1704 decem
801 1639 901 1704 minas
928 1635 1036 1704 babet
1090 1639 1142 1704 25.
1170 1637 1215 1704 Et

56 1739 197 1809 dixerunt
226 1743 273 1818 ei,
306 1741 465 1816 Domine,
491 1735 590 1804 habet
617 1739 730 1806 decem
758 1741 867 1806 minas.
920 1741 971 1804 26.
994 1739 1099 1828 'Dico
1128 1743 1216 1807 enim

55 1843 151 1924 robis,
172 1843 262 1933 quod
284 1846 371 1910 omni
395 1841 527 1908 habenti
547 1840 691 1920 dabitur:
725 1841 767 1909 ab
789 1863 831 1910 ec
854 1852 973 1920 antem,
994 1846 1050 1930 qui
1071 1865 1139 1910 non
1159 1843 1215 1910 ha-'

55 1944 119 2028 bct,
151 1953 248 2014 ctiam
281 1947 370 2035 quod
405 1946 504 2013 habet
537 1946 707 2014 auferetur.
764 1945 814 2014 27.
858 1945 1033 2014 Caeterum
1065 1947 1214 2014 inimicos

55 2071 139 2118 meos
160 2051 251 2130 illos,
272 2053 328 2138 qui
348 2049 525 2118 noluerunt
545 2073 596 2116 mc
618 2072 753 2136 regnare
776 2071 874 2137 super
895 2071 946 2130 se,
965 2049 1120 2116 adducite
1141 2049 1215 2130 linc,

57 2165 84 2220 ct
108 2157 281 2224 interficite
310 2175 419 2218 coram
444 2175 506 2218 me.
558 2155 610 2219 28.
651 2155 693 2220 Et
721 2153 770 2220 bis
797 2154 891 2219 dictis
917 2151 985 2219 ibat
1005 2151 1215 2240 praecedens,

55 2269 85 2324 ut
105 2257 298 2326 ascenderet
320 2253 589 2340 Hierosolymam.
628 2279 630 2286 ¹

27 2493 34 2512 '
124 2523 199 2583 nuc.
218 2529 265 2586 11.
296 2477 653 2582 ribemontem.
692 2519 909 2662 nocffloiigu
928 2518 1022 2580 simne
1043 2518 1110 2594 iuti
1130 2521 1213 2600 quoa

53 2601 138 2663 toties
169 2595 314 2659 admoniti
341 2595 412 2656 disci
433 2595 475 2655 uli
501 2591 537 2658 de
570 2597 738 2679 propinqua
812 2599 876 2660 risti
901 2608 998 2657 morte
1024 2594 1061 2656 ad
1087 2615 1213 2676 regnum

53 2680 110 2740 eius
129 2674 361 2736 transvolabant
432 2673 523 2752 uplex·
536 2685 633 2734 antem
655 2695 740 2735 error
759 2677 825 2752 luit,
845 2675 926 2756 quod
945 2674 1008 2734 sinc
1028 2691 1117 2732 cruce
1138 2672 1215 2733 ima-

54 2755 229 2838 ginabantur
254 2751 369 2810 beatam
414 2749 537 2811 uictam:
564 2749 671 2812 dein'dc
696 2755 776 2832 quod
801 2773 925 2846 regnum
945 2751 1005 2812 Dei
1029 2769 1083 2809 suo
1104 2747 1215 2809 carnali

53 2855 135 2894 sensu
155 2826 358 2892 aestimabant.
427 2828 485 2887 nde
501 2839 633 2909 apparet,
653 2849 740 2909 quam
758 2841 855 2890 tenuis
876 2841 907 2891 et
925 2828 1050 2890 obscura
1062 2823 1215 2887 fueriteo·

53 2931 114 2969 rum
139 2910 222 2970 lidos.
260 2903 325 2965 Etsi
345 2903 425 2963 enim
443 2906 767 2984 spemxresurrectionis
784 2905 966 2980 liberarant,
988 2903 1089 2965 levior
1113 2915 1215 2962 tamen

55 2999 113 3046 erat
132 2997 252 3068 gustus,
298 2999 364 3040 uam
390 2993 423 3040 ut
449 2981 522 3041 certi
547 2983 702 3062 quicquam
723 2996 754 3044 et
772 2983 848 3045 firmi
867 2993 1006 3044 tenerent
1025 2982 1062 3041 de
1083 2981 1213 3045 Christo.

55 3063 186 3125 Credunt
204 3081 273 3120 euin
321 3058 545 3138 cdemptorein,
565 3061 614 3140 qui
634 3061 705 3120 olim
745 3061 882 3122 comissus
902 3061 1014 3136 luerat,
1032 3057 1111 3120 unde
1130 3077 1215 3138 spem

55 3137 253 3200 renovationis
268 3135 420 3196 Ecclesiae
440 3135 622 3217 concipiunt,
640 3137 692 3196 sed
710 3081 761 3198 ila
780 3137 914 3221 cognitio
934 3158 1002 3197 inox
1020 3136 1052 3196 in
1072 3135 1215 3218 figmenta

54 3218 233 3307 degenerat,
253 3231 327 3294 quae
347 3213 407 3272 vim
426 3211 512 3295 regni
533 3213 594 3273 cius
613 3213 660 3273 rel
681 3225 857 3295 pervertunt
873 3214 922 3274 vel
943 3213 1112 3275 obscurant.
1136 3211 1215 3294 'Sed

55 3293 122 3354 nihil
143 3291 297 3354 absurdius
317 3300 371 3365 cst,
390 3310 476 3368 qnam
498 3290 578 3368 quod
598 3290 654 3351 illis
676 3301 723 3351 tot
732 3291 912 3353 monitiones
924 3292 988 3353 sine
999 3289 1138 3371 profectu
1150 3308 1216 3348 mc-

53 3371 141 3430 moria
162 3367 340 3430 exciderant.
379 3366 486 3426 Brutus
507 3377 588 3426 certe
609 3365 656 3427 bic
674 3379 779 3460 stupor
787 3368 863 3460 fnit,
884 3390 974 3449 quum
991 3387 1089 3448 nuper
1102 3366 1215 3458 diserte
1236 3427 1240 3442 ι

56 3453 169 3507 testatus
196 3455 273 3506 esset
293 3441 442 3518 Christus,
466 3444 601 3504 acerbam
628 3454 657 3504 et
681 3465 908 3526 ignominiosam
933 3455 1060 3507 mortem
1086 3443 1142 3502 sibi
1167 3441 1215 3500 in.

54 3535 136 3600 stare,
155 3544 219 3584 non
239 3518 329 3580 modo
342 3519 431 3598 ‘ipsos
450 3539 570 3580 manere
590 3541 725 3597 securos,
744 3523 796 3582 sed
816 3541 977 3605 properare
995 3520 1077 3584 velut
1095 3521 1133 3580 ad
1153 3517 1216 3578 lae.-
1237 3581 1239 3587 ,

53 3611 110 3660 tum
129 3602 217 3662 trium
243 3599 320 3660 bum.
487 3661 488 3666 ἵ
1007 3648 1010 3656 .

124 3684 171 3743 12
210 3621 308 3736 dicam
326 3669 445 3754 puidam
465 3693 572 3750 gasteis
594 3674 701 3734 clinica.
750 3675 915 3736 Matthaeus
941 3676 1017 3736 lianc
1043 3670 1214 3754 parabolam

54 3751 113 3813 aliis
139 3753 292 3815 interserit
315 3749 456 3832 neglecto
480 3761 648 3829 temporum
674 3751 789 3812 ordine.
834 3752 895 3814 Sed
941 3751 988 3810 nia
1015 3751 1073 3810 hoc
1095 3747 1152 3807 suti
1170 3746 1214 3808 illi

56 3831 206 3892 consilinm
227 3851 242 3890 a
265 3829 360 3908 capite
379 3826 519 3886 vicesimo
539 3829 681 3902 secundo,
701 3828 732 3888 in
744 3850 880 3891 acervum
891 3773 1035 3910 colligere
1048 3835 1214 3905 postremos

57 3903 163 3968 Christi
180 3927 342 3980 sermones,
362 3924 424 3964 non
438 3916 482 3964 est
493 3903 640 3965 curvalde
652 3904 790 3966 laborent
801 3906 939 3980 lectores,
981 3905 1092 3970 nisnaiii
1106 3899 1215 3981 primo,

55 3985 98 4042 rel
123 3987 272 4058 secundo,
296 3983 344 4042 rel
369 3981 460 4040 tertio
480 3980 528 4040 die
548 3981 624 4043 intra
646 3982 735 4044 breve
755 3983 826 4044 illud
845 3997 960 4062 tempus
1001 3979 1094 4040 abitus
1115 3976 1215 4037 luerit.

55 4057 124 4136 lam,
143 4062 214 4142 qnid
234 4061 312 4120 inter
330 4083 361 4122 se
382 4057 523 4120 differant
531 4057 695 4122 Matthaeus
717 4071 747 4123 et
764 4061 870 4135 Lucas,
889 4072 995 4120 notare
1016 4075 1124 4138 operae
1145 4073 1216 4134 pre-

55 4135 121 4196 tium
142 4151 199 4200 est:
220 4157 287 4198 narn
307 4158 396 4216 quum
417 4135 467 4197 ille
486 4135 649 4198 membrum
669 4145 759 4198 unni‘n
779 4138 917 4200 duntaxat
935 4137 1072 4218 attingat,
1092 4133 1139 4192 hic
1156 4153 1216 4213 po-

54 4215 158 4276 sterior
183 4217 244 4276 duo
271 4213 485 4296 complectitur.
529 4214 696 4278 Membrnm
722 4216 780 4274 hoc
808 4212 950 4274 ambobus
978 4230 1133 4273 commune
1160 4221 1216 4286 est,

55 4288 202 4352 Christum
221 4291 344 4354 similem
365 4312 430 4353 esse
448 4291 560 4353 homini
580 4292 722 4373 principi,
747 4291 798 4371 qui
823 4289 909 4377 regni
934 4287 1104 4370 acquirendi
1129 4305 1215 4349 causa

54 4364 171 4451 longam
192 4370 409 4448 expeditionem
428 4369 604 4450 suscipiens,
624 4369 779 4451 pecuniam
798 4387 879 4432 suam
897 4367 988 4431 servis
1007 4364 1214 4429 administran-

1342 3257 1358 3324 xl
