2764 4854
147 233 206 296 tot
285 191 402 338 silei.
420 221 486 284 XX.
527 232 659 281 cumsrr
678 227 907 278 assunaacrro
927 229 970 274 ar
990 225 1166 276 ascrnsru.

151 393 268 454 rerunt
289 403 377 450 eum:
410 389 442 446 et
466 380 538 468 ipse
567 375 698 443 evanuit
724 393 763 440 er
789 370 894 442 oeulis
920 391 1042 438 uorum.
1083 367 1138 436 32
1164 369 1210 436 Et
1232 367 1322 438 dixe-

152 495 229 556 runt
248 489 333 553 inter
353 505 404 564 so,
433 481 555 550 Nonne
578 501 635 547 cor
655 488 799 546 nostrum
821 473 956 544 ardebat
977 477 1010 542 in
1032 470 1147 554 nohis,
1174 472 1254 554 dum
1273 473 1324 539 ln-
1365 502 1366 508 ¹

153 599 308 680 queretur
327 585 424 656 nohis
452 587 486 652 in
512 587 580 662 vis,
616 590 649 650 et
675 583 815 670 aperiret
841 578 938 649 nohis
958 577 1165 664 Scripturas?
1209 580 1261 644 33
1281 577 1324 644 Et

152 701 320 780 surgentes
346 687 461 756 eadem
487 685 568 753 hora
594 685 731 774 regressi
747 695 833 796 sunt
859 682 1141 769 Hierosolymam,
1175 691 1211 748 et
1237 685 1325 747 iore-

153 803 272 862 nerunt
284 801 496 878 congregatos
508 789 669 871 undecim,
690 801 722 872 et
734 811 801 870 eos,
821 792 877 877 qui
899 809 969 854 cum
991 785 1057 852 illis
1079 796 1185 862 erant,
1205 786 1325 852 aaut

155 905 276 974 sentes,
294 895 437 962 Surrexit
457 894 618 960 Dominus
635 914 729 971 rere,
749 881 783 960 et
804 894 953 980 apparuit
974 889 1110 956 Simoni.
1152 890 1209 955 iffi.
1233 889 1326 954 Tuus

154 997 205 1066 illi
224 983 566 1086 narraverunt,¹qnae
587 1009 674 1089 gesta
696 1006 788 1063 erant
809 999 843 1063 in
863 997 930 1072 via,
964 1005 998 1060 et
1018 991 1195 1081 quomodo
1217 991 1327 1060 luimet

157 1093 283 1190 agnitus
309 1103 387 1190 ipsis
413 1104 448 1168 in
474 1099 632 1168 fractione
659 1101 760 1187 panis.
823 1099 875 1166 36.
906 1097 991 1166 Dum
1024 1107 1141 1162 autem·
1169 1095 1257 1162 haec
1282 1093 1328 1162 lo·

156 1215 313 1294 quuntnr,
340 1207 433 1272 ·stetit
453 1205 543 1270 lesus
564 1206 598 1270 in
620 1203 729 1270 medio
750 1205 909 1289 ipsorum,
936 1212 968 1266 et
989 1200 1070 1266 dicit
1091 1202 1156 1278 eis,
1186 1200 1255 1268 Pax
1273 1223 1327 1266 ro-

156 1307 227 1376 his,
257 1307 309 1376 37.
340 1307 550 1394 Expavetani
577 1325 657 1374 vero
686 1317 719 1372 et
744 1307 911 1372 conterriti
933 1301 1175 1382 existimabant,
1209 1325 1246 1369 se
1268 1307 1327 1390 spi

156 1415 252 1480 ritum
272 1410 394 1479 videre.
434 1413 486 1482 38.
501 1413 549 1479 'Et
571 1409 648 1478 dixit
670 1413 731 1490 eis,
764 1408 856 1496 Quid
879 1405 999 1474 turbati
1021 1411 1116 1484 estis,
1149 1417 1186 1474 et
1212 1411 1329 1494 cogita-

157 1517 265 1584 tiones
278 1517 456 1586 ascendunt
476 1519 510 1583 in
531 1513 687 1582 sardibus
707 1517 842 1580 restris?
882 1513 935 1578 39.
955 1511 1079 1576 Videte
1103 1533 1223 1576 manus
1244 1533 1328 1586 meas

159 1630 193 1688 et
216 1619 319 1706 pedes
339 1641 444 1701 meos,
465 1623 539 1710 quia
562 1620 714 1704 ego'ipse
736 1639 821 1682 sum:
858 1623 1058 1681 contrectate
1080 1635 1134 1682 me
1157 1626 1195 1684 et
1214 1613 1328 1692 ridete,

64 1777 67 1791 .
158 1725 234 1810 quia
266 1725 397 1812 spiritus
425 1743 555 1788 carnem
588 1733 621 1788 et
658 1741 732 1787 ossa
764 1739 832 1785 nou
859 1715 971 1797 habat,
1013 1721 1099 1786 sicut
1126 1741 1183 1784 me
1216 1717 1336 1812 Q

159 1822 290 1890 hahere.
352 1825 403 1892 40.
435 1825 477 1890 Et
519 1845 617 1911 quum
657 1805 738 1889 hado
773 1821 917 1900 dixisset,
942 1821 1105 1890 ostentu
1138 1823 1191 1886 eis
1222 1843 1329 1887 manus

20 1943 24 1961 ·
160 1937 192 1994 et
216 1925 328 2012 pedes

236 2133 309 2196 Luc.
334 2137 384 2199 31.
426 2131 470 2194 Bt
492 2135 587 2214 awti
609 2148 676 2196 sam
699 2133 785 2196 ossii
824 2133 879 2194 llis
902 2131 1001 2194 rerhis
1026 2133 1177 2194 doeemur
1216 2129 1325 2190 nnllam

161 2209 251 2272 snhse
269 2209 301 2270 in
321 2207 442 2272 chrtno
462 2209 732 2294 metamorphosin,
770 2221 804 2272 nt
826 2209 989 2271 turmarum
1008 2209 1158 2271 rutente
1243 2207 1325 2298 ’.πω

163 2285 267 2349 oeulos
286 2285 388 2348 luserit
410 2287 512 2368 (sicuti
537 2289 682 2350 Proteum
700 2309 784 2350 suum
803 2287 922 2370 lingunt
938 2289 1075 2380 poetae),
1095 2285 1150 2346 sed
1168 2285 1326 2348 ridentum

163 2362 267 2454 oculos
286 2363 385 2457 potius
405 2383 513 2458 erasse,
532 2365 600 2446 qnia
618 2364 708 2426 relati
726 2363 956 2458 monadicon
975 2362 1072 2455 paulo
1088 2375 1161 2445 post
1180 2383 1243 2424 noa
1263 2381 1328 2422 era-

163 2450 229 2530 nurt
247 2437 284 2500 ah
304 2439 407 2532 nedem
427 2441 536 2520 oculu,
556 2442 624 2522 quia
665 2461 698 2502 er
716 2461 748 2504 se
767 2438 915 2504 rnrutbrle
933 2440 1024 2532 fuerat
1044 2460 1109 2502 erus
1130 2459 1260 2532 comos,
1282 2439 1328 2498 sed

163 2536 233 2596 quta
252 2517 321 2608 Deo
341 2538 474 2602 vigorem
493 2541 576 2580 suum
600 2539 634 2580 su
656 2519 792 2580 trahente
811 2515 916 2578 obtusa
937 2515 994 2577 furt
1013 2535 1122 2578 eorum
1141 2537 1233 2578 ames
1271 2516 1330 2576 her

91 2604 94 2613 '
162 2613 236 2654 veru
255 2615 362 2654 mtrnm
381 2605 441 2670 est,
460 2594 626 2670 Christum,
644 2593 765 2656 simulac
783 2592 841 2656 luit
859 2594 992 2676 agnitus,
1017 2591 1120 2655 subito
1140 2593 1330 2676 disparuisse

164 2673 233 2762 quia
252 2691 438 2751 nequaquam
457 2671 536 2733 utilia
556 2683 620 2732 erat
643 2669 773 2756 longior.
791 2671 852 2732 eins
872 2681 1067 2752 conspectus,
1097 2689 1139 2730 ne
1160 2675 1213 2750 (ut
1231 2683 1331 2750 suopte

164 2746 289 2828 tagenio
309 2747 396 2808 nimis
414 2746 448 2809 iu
467 2758 576 2809 terram
594 2747 741 2830 proclives
761 2749 862 2828 erant)
887 2769 984 2809 rursus
1008 2746 1092 2808 illum
1119 2747 1159 2809 ad
1184 2759 1330 2808 terrenam

163 2821 253 2884 vitam
273 2821 428 2884 detrahere
447 2834 599 2905 cuperent.
637 2825 720 2909 Ergo
781 2835 885 2886 atenm
903 2823 941 2884 ad
958 2824 1126 2884 testandam
1136 2825 1331 2885 resurreetio-

164 2919 235 2960 nam
253 2919 373 2961 neeesse
393 2910 473 2977 erat,
491 2900 649 2963 ridendum
668 2922 700 2962 se
720 2921 754 2962 ex
775 2900 863 2962 ibuit:
888 2899 986 2962 subito
1007 2909 1108 2960 autem
1128 2899 1265 2962 ffioem
1283 2901 1331 2960 do-

166 2975 244 3052 cuit,
273 2995 307 3036 ae
325 2977 397 3037 alihi
417 2997 504 3057 quam
529 2978 560 3038 in
585 2977 698 3038 mundo
718 2977 917 3058 quaerendum
938 2995 1018 3054 esse,
1047 2975 1119 3056 quia
1138 2997 1245 3039 novae
1261 2979 1331 3038 ritae

166 3051 415 3132 complementum
435 3054 548 3116 eratin
568 3054 685 3117 coelum
704 3073 848 3116 ascensus

241 3133 289 3194 32
321 3129 435 3190 tNorrrse
451 3151 504 3192 eor·
520 3145 658 3192 noem
697 3129 809 3194 Ellecit
829 3129 940 3192 Christi
964 3128 1099 3214 agnitio,
1132 3139 1172 3190 nt
1202 3150 1331 3192 armam

167 3214 198 3265 et
216 3202 358 3266 latentem
376 3206 504 3299 Spiritus
523 3208 663 3290 gratiam,
696 3227 753 3288 qua
773 3207 853 3290 priua
874 3207 976 3270 donati
995 3208 1139 3282 fuerant,
1157 3205 1234 3268 viro
1254 3229 1335 3268 sensu

166 3281 619 3439 ll‘lll‘h‘llallllllmffid
636 3285 1113 3441 tffitttttttttttttt‘t
1129 3282 1338 3420 lallQ

166 3435 244 3514 tes),
270 3435 318 3497 vel
336 3435 440 3498 saltem
463 3450 499 3499 ut
524 3382 589 3499 earll
609 3437 745 3500 distincte
764 3459 828 3500 non
847 3447 1024 3520 agnoscant,
1052 3436 1107 3499 red
1129 3383 1337 3498 tautumuleeo·

166 3511 245 3572 tiant
262 3531 371 3574 arcano
389 3513 538 3576 instinctu.
576 3514 628 3576 Sic
648 3513 783 3595 discipuli
795 3513 930 3576 ardorem
943 3513 1062 3606 quidem
1081 3513 1169 3594 prius
1190 3535 1337 3606 eompr-

167 3597 237 3650 rant
254 3589 351 3672 (cuins
370 3611 449 3652 nunc
467 3591 678 3672 recordantur)
695 3593 749 3654 sed
766 3591 831 3653 sine
850 3601 1029 3652 attentione:
1049 3611 1132 3652 nunc
1153 3611 1194 3656 ex
1212 3613 1272 3684 uuo
1290 3613 1339 3650 ur·

168 3665 268 3726 notuit
285 3665 343 3728 illis
363 3665 513 3746 Christus,
551 3669 668 3730 demum
692 3678 831 3749 reputare
856 3667 1017 3748 incipiunt,
1055 3687 1146 3747 quant
1174 3691 1257 3752 pnes
1273 3668 1340 3728 sine

170 3753 258 3823 gustu
278 3744 434 3806 hauserant
453 3743 514 3806 eius
533 3743 668 3828 gratim,
686 3763 778 3824 seque
797 3742 921 3808 hebetes
938 3743 1028 3806 fuisse
1047 3742 1241 3828 intelligunt.
1264 3747 1340 3806 llam

170 3838 204 3880 re
222 3817 303 3900 ipsos
323 3818 492 3883 insimulant
506 3821 673 3898 socordiae,
691 3821 750 3883 acsi
761 3820 909 3883 dicarant:
928 3819 980 3902 qui
997 3820 1111 3882 lactum
1132 3834 1193 3898 est,
1211 3835 1248 3882 ut
1265 3825 1341 3884 inter

171 3893 355 3975 loquendum
380 3917 443 3958 non
468 3899 560 3959 suerit
578 3918 595 3958 a
614 3897 703 3959 nohis
727 3896 884 3981 cognitus?
914 3919 982 3958 nant
1002 3918 1092 3977 quum
1135 3911 1295 3960 enetnrst
1311 3900 1339 3958 ia

172 3973 269 4065 eorda·
282 3985 393 4064 nostra,
413 3972 565 4036 debuimus
584 3974 818 4068 animadvertere
838 3973 972 4056 quisnam
991 3985 1078 4066 esset.
1128 3988 1339 4068 aeterumnor

171 4049 1341 4191 ttltttt‘tittttltttttttllttthtt,illitumtt:

164 4219 277 4268 ¹uorem
296 4201 440 4279 tribuunt,
460 4206 528 4267 dum
548 4227 601 4267 ore
617 4205 759 4286 loquitur,
776 4205 856 4266 intus
872 4224 936 4286 uun
958 4224 995 4265 ue
1038 4203 1147 4284 piritus
1168 4208 1218 4268 sui
1238 4209 1341 4268 ardore

112 4333 115 4346 ,
173 4274 264 4335 eorda
284 4279 455 4341 ascendere.
480 4279 637 4343 Gloriatur
655 4281 773 4362 quidem
786 4282 904 4358 Paulus,
923 4225 979 4342 slhi
999 4281 1101 4342 datum
1121 4303 1189 4345 esse
1209 4285 1339 4345 minim-

172 4350 248 4410 rium
267 4349 396 4431 Spiritru
414 4357 471 4436 (ll.
493 4355 606 4434 Cor..'t,
623 4359 719 4438 8),et
736 4377 825 4454 saepe
844 4359 939 4420 Verhi
958 4357 1108 4422 ministros
1129 4361 1179 4422 his
1200 4359 1338 4424 anemii*
