2790 4838
413 254 665 316 Arosaoaonuu
683 267 890 317 ausmaurro.
1163 265 1222 330 Μ

90 425 170 485 quaem
191 404 315 471 colebat
334 405 435 474 ciuitas
453 407 599 466 Aecarou.
636 405 750 486 Baalim
769 417 866 468 autem
886 407 957 484 dicti
975 422 1043 475 sunt
1062 409 1102 470 dii
1122 411 1218 474 mino-

90 505 146 556 res,
176 481 227 560 qui
248 481 339 542 hodie
359 481 477 561 patroni
497 483 633 542 dicuutur
652 483 682 542 in
703 481 825 562 Papatu.
867 483 966 560 Quum
983 498 1081 546 autem
1100 479 1219 550 Baalse·

88 557 142 618 tut
162 559 341 618 tantundem
359 557 455 618 valeat
474 580 507 618 ac
527 570 683 639 patronum
702 579 817 620 muscae
836 560 883 621 vel
902 583 1082 638 muscarum,
1101 563 1217 640 quidam

87 655 191 712 nomeu
219 634 291 693 hine
317 645 421 716 patant
446 635 618 710 deductum,
650 637 731 714 qnod
755 649 880 717 propter
898 639 1080 699 victimarum
1102 641 1218 730 copiam

85 733 248 774 runsearnrn
273 711 403 782 examine
428 712 569 792 templum
587 719 731 774 scateret:
763 732 821 795 ego
841 727 939 777 autem
959 717 1058 795 potins
1078 717 1218 791 esuritio,

86 811 101 848 ο
122 811 169 847 ern
190 787 333 848 adversus
352 810 473 862 nauseas,
493 809 567 868 quae
588 787 656 848 loco
675 789 798 850 infestae
819 804 926 866 essent,
947 793 1068 874 petitam
1081 793 1216 854 suisseab

85 811 171 924 ululo.
217 863 295 924 Nem
322 865 578 943 qnnm'Oclaozias
597 866 798 944 superstitiose
818 889 991 950 responsum
1011 867 1048 928 de
1067 890 1119 928 sua
1138 866 1216 928 saui-

86 953 139 1002 tnte
159 940 199 1000 ab
222 960 260 1002 eo
282 954 447 1021 querereret,
467 942 507 1000 sic
528 939 660 1016 vocabat,
679 943 758 1003 unde
777 958 972 1024 apparetnon
984 945 1072 1006 luisse
1085 945 1215 1025 probro-

83 1022 140 1089 ιιιῂ
158 1038 285 1078 nomon.
325 1017 421 1078 l‘orro
440 1017 525 1078 sicuti
545 1019 699 1098 gehennae
717 1039 828 1084 nomen
847 1022 939 1082 sancti
959 1022 1092 1085 homines
1113 1020 1149 1081 ad
1169 1022 1216 1080 in-

83 1095 157 1156 teros
178 1094 405 1166 transtulerunt,
424 1107 457 1153 ιιι
475 1094 595 1154 iufamia
615 1107 755 1162 notarent
774 1095 871 1158 locum
890 1097 984 1174 illurn,
1002 1100 1043 1160 sie
1063 1099 1094 1158 in
1116 1099 1216 1164 odium

82 1184 109 1230 ιι
127 1171 359 1232 detestationem
380 1171 468 1246 idoli,
492 1170 662 1230 Beelzebub
682 1184 827 1232 vocarunt
846 1173 1004 1235 diabolum.
1042 1175 1131 1239 Uale
1151 1175 1214 1234 col-

82 1247 207 1329 ligimus,
227 1247 438 1339 reprobos-nt
458 1246 659 1308 detestabilem
679 1247 769 1331 vulgo
790 1248 940 1310 Christum
961 1249 1129 1325 redderent,
1148 1273 1214 1312 eum

80 1423 139 1460 ιιιιιι
174 1411 243 1460 oret
259 1401 413 1484 religionis
434 1401 533 1461 hostis.
567 1397 669 1474 Quare
687 1401 711 1462 si
723 1401 811 1462 nobis
823 1403 978 1494 contingat
990 1405 1112 1462 eandem
1124 1404 1214 1485 iguo-

80 1477 197 1540 niniam
224 1477 319 1552 inuri,
346 1479 442 1542 videri
465 1499 574 1542 nouum
596 1492 671 1540 non·
686 1477 793 1556 debet,
823 1479 904 1560 quod
929 1501 959 1542 ιιι
984 1480 1080 1560 eapite
1105 1480 1214 1560 coepit,

80 1553 195 1634 lmpbtt
215 1553 247 1616 iu
267 1555 415 1618 memhris.
436 1610 442 1619 .
684 1567 687 1572 ’
867 1611 873 1626 ,
1013 1585 1017 1614 ι
1052 1605 1058 1640 1

119 1923 206 2000 (87.)
248 1919 420 1984 Maura.
442 1921 479 1986 X.
521 1925 570 1987 26.
596 1909 649 1989 Ne
676 1925 772 2006 igitur
792 1927 938 1989 metuatis
961 1947 1032 1988 eos:
1062 1920 1144 1988 nihil
1165 1931 1232 1986 est

76 2027 163 2088 eninr
191 2032 324 2096 tectum,
359 2022 447 2106 qnod
474 2043 542 2087 raon
568 2025 608 2086 sit
629 2021 856 2108 retegendum,
887 2035 919 2090 et
939 2023 1020 2088 nibil
1042 2004 1229 2098 occultans

76 2127 157 2210 quin
185 2122 330 2208 futurum
349 2125 403 2198 sit,
435 2131 470 2186 ut
491 2126 617 2188 sciatur.
657 2123 708 2187 27.
736 2121 837 2207 Quod
860 2124 934 2188 dico
956 2122 1050 2189 v'obls
1068 2125 1101 2187 in
1123 2131 1241 2186 tene*
1327 2157 1330 2164 ,

74 2223 160 2302 bris,
181 2223 280 2288 dicite
303 2224 337 2286 iu
358 2220 448 2287 luce:
470 2231 501 2287 et
521 2223 611 2309 quod
633 2223 665 2286 iu
688 2244 797 2289 aurem
820 2225 951 2303 auditis,
972 2223 1156 2309 praedicate
1177 2223 1212 2286 in
1257 2237 1276 2265 ff

76 2328 179 2392 tectis.
220 2324 272 2390 28.
293 2321 336 2386 Et
358 2345 400 2388 ue
422 2327 569 2388 metuatis
591 2321 633 2387 ab
655 2323 718 2400 lais,
735 2289 973 2418 ¹quiloooidunt
987 2344 1124 2407 eorpus,
1145 2325 1212 2386 ani·
1306 2389 1312 2400 ,

73 2447 159 2489 roam
188 2433 294 2490 autem
321 2445 387 2488 nou
408 2435 544 2511 possunt
557 2422 730 2516 occidere:
760 2423 820 2488 sed
840 2411 974 2490 metuite
992 2427 1091 2508 magis
1111 2422 1210 2500 illum,

75 2529 134 2612 qui
161 2535 270 2612 potest
297 2535 330 2588 et
355 2529 491 2592 animam
519 2536 551 2590 et
577 2545 695 2610 corpus
722 2521 922 2608 perderei‘n
950 2524 1106 2614 gehenna.
1160 2523 1210 2587 29.

75 2629 200 2692 Nonne
223 2625 289 2690 duo
310 2626 487 2710 passerculi
508 2629 632 2690 ιιιίιιιιιο
655 2629 724 2690 aste
745 2635 902 2702 veneunt,
930 2634 962 2688 et
982 2645 1065 2687 unus
1087 2645 1126 2688 ex
1147 2621 1212 2691 illis

73 2749 143 2794 non
177 2725 272 2790 cadet
299 2729 332 2790 in
359 2737 474 2792 terram
501 2729 571 2791 sine
594 2725 695 2790 Patre
721 2730 851 2792 vestro?
905 2726 964 2790 30.
996 2717 1110 2788 Vestri
1131 2743 1211 2787 voro

75 2834 173 2896 etiam
198 2827 256 2914 pili
285 2832 398 2912 capitis
426 2849 538 2895 omues
559 2811 717 2891 nurner'ati
735 2838 821 2894 sunt.
860 2828 911 2894 31.
942 2821 1053 2894 Nolite
1075 2829 1153 2909 orgo
1174 2821 1212 2886 ti-

75 2951 180 2999 more:
201 2951 260 2994 vos
281 2929 389 2994 multis
411 2927 604 3015 passerculis
626 2926 728 3013 pluris
750 2933 835 2996 estis.
915 2945 930 2958 ·

159 3043 298 3112 Mauo.
324 3047 380 3112 lv,
443 3049 494 3112 22.
524 3045 602 3112 Nou
637 3055 685 3111 est
717 3049 802 3112 enim
836 3051 1006 3134 quicquam
1041 3040 1212 3118 occultum,

74 3148 168 3234 quod
188 3170 255 3218 non
275 3147 512 3214 manifestetur:
539 3167 647 3233 neque
670 3145 730 3212 luit
751 3161 927 3228 secretum,
949 3147 1007 3212 sed
1030 3156 1064 3210 ut
1084 3146 1118 3208 in
1137 3163 1212 3228 pro-

75 3247 232 3336 patulum*
251 3253 372 3314 veniat.
434 3251 484 3316 23.
524 3249 559 3314 si
590 3251 662 3334 quis
687 3247 785 3313 habet
813 3235 906 3316 altres
936 3249 978 3314 ad
1005 3245 1212 3320 audiendum,

76 3351 194 3416 audiat.
623 3354 629 3381 ⁸
945 3365 964 3384 ··

160 3463 263 3534 LUC.
284 3469 372 3531 Vlll.
415 3468 464 3533 17.
484 3469 561 3533 Non
584 3478 632 3532 ost
655 3469 739 3532 enim
761 3465 932 3544 occultum,
953 3465 1212 3554 quod-nonma-

75 3570 226 3634 niteetnm
249 3571 290 3632 sit
312 3570 469 3636 lutrarum:
489 3589 551 3632 nec
573 3567 812 3643 absconditum,
833 3567 921 3653 quod
943 3569 1071 3630 nonsit
1093 3583 1212 3646 cogno:
1260 3597 1263 3605 ι
1305 3555 1310 3566 “

76 3667 248 3748 scendum,
284 3678 316 3733 ot
334 3671 376 3734 in
403 3667 509 3734 lucem
535 3682 713 3739 venturum.
733 3733 738 3740 ,
755 3669 822 3732 llll.
848 3671 878 3733 2.
898 3664 988 3732 Nihil
1011 3664 1229 3746 enim'oper-.

76 3782 141 3836 ιιιιιι
164 3783 224 3852 εει,
247 3769 338 3855 quod
357 3791 426 3839 nou
446 3771 626 3850 reveletur',
645 3791 754 3857 noque.
775 3767 1012 3847 absconditum,
1034 3761 1123 3851 quod
1143 3779 1213 3826 non

78 3875 205 3936 sciatur.
239 3874 269 3935 3.
294 3871 458 3958 Quoniam
480 3895 562 3960 quae
586 3877 619 3938 in
641 3871 785 3948 tenebris
807 3871 939 3947 dixistis
959 3873 993 3934 iu
1015 3865 1135 3931 lumino
1157 3881 1212 3926 eu·
1299 3952 1307 3970 x

79 3973 223 4038 dientur:
245 3983 278 4039 et
299 3972 389 4058 quod
411 3975 444 4038 in
466 3995 576 4046 aurem
598 3971 726 4062 loquuti
748 3975 823 4038 estis
837 3965 1097 4044 in'couclavibus‚
1118 3985 1213 4050 prae-

79 4073 240 4139 dicabitur
264 4076 298 4138 in
326 4077 427 4139 tectis.
478 4075 508 4142 4.
537 4075 623 4140 Dico
651 4085 756 4140 atatem
782 4073 878 4140 vobis
903 4073 1011 4142 amicis
1031 4069 1125 4147 meis,
1159 4065 1211 4130 No

79 4176 263 4240 terreamini
287 4173 328 4238 ab
354 4177 420 4268 lais,
455 4179 512 4262 qui
539 4175 691 4241 occidunt
718 4197 850 4262 corpus,
885 4185 917 4239 et
942 4181 1015 4260 post
1040 4169 1123 4236 haec
1143 4187 1212 4234 non

79 4275 216 4356 habent,
248 4275 337 4362 quod
366 4270 503 4363 amplius
528 4277 655 4344 iaciant.
706 4279 735 4344 5.
769 4275 948 4340 Ostendant
977 4283 1082 4340 autem
1108 4269 1213 4342 vobis,

79 4399 174 4464 quem
197 4379 348 4446 timeatis:
379 4364 487 4450 timete
509 4401 597 4458 eum,
625 4381 704 4468 qui‚·
724 4388 893 4464 postquam
915 4376 1084 4453 occiderit,
1114 4371 1214 4438 habnt

80 1347 138 1404 qno
160 1336 303 1460 feturam
321 1346 447 1386 mammo
467 1323 580 1406 probro
600 1336 732 1400 notasse,
763 1325 845 1404 quasi
865 1321 1030 1400 dialiolum,
1056 1327 1107 1406 qui
1125 1326 1215 1386 anaxi-
1270 1397 1271 1400 Ἴ
