<?xml version="1.0" encoding="UTF-8"?>
<!DOCTYPE html PUBLIC "-//W3C//DTD XHTML 1.0 Transitional//EN"
    "http://www.w3.org/TR/xhtml1/DTD/xhtml1-transitional.dtd">
<html xmlns="http://www.w3.org/1999/xhtml" xml:lang="en" lang="en">
 <head>
  <title>
</title>
<meta http-equiv="Content-Type" content="text/html;charset=utf-8" />
  <meta name='ocr-system' content='tesseract 3.04.00' />
  <meta name='ocr-capabilities' content='ocr_page ocr_carea ocr_par ocr_line ocrx_word'/>
</head>
<body>
  <div class='ocr_page' id='page_1' title='image "./innovumtestamen00calvgoog_0609.png"; bbox 0 0 2756 4838; ppageno 0'>
   <div class='ocr_carea' id='block_1_1' title="bbox 110 197 1174 330">
    <p class='ocr_par' dir='ltr' id='par_1_1' title="bbox 110 197 1174 330">
     <span class='ocr_line' id='line_1_1' title="bbox 601 197 855 234; baseline 0.012 -19"><span class='ocrx_word' id='word_1_1' title='bbox 601 197 610 234; x_wconf 81' lang='grc'><em>,</em></span> <span class='ocrx_word' id='word_1_2' title='bbox 852 209 855 218; x_wconf 86' lang='grc'><em>,</em></span> 
     </span>
     <span class='ocr_line' id='line_1_2' title="bbox 110 257 1174 330; baseline 0.003 -9"><span class='ocrx_word' id='word_1_3' title='bbox 110 275 115 312; x_wconf 84' lang='grc'><strong>.·</strong></span> <span class='ocrx_word' id='word_1_4' title='bbox 172 266 230 330; x_wconf 74' lang='lat' dir='ltr'><strong>m</strong></span> <span class='ocrx_word' id='word_1_5' title='bbox 332 257 867 324; x_wconf 72' lang='lat' dir='ltr'><strong>sucr.xvt1.·rssusscorurs</strong></span> <span class='ocrx_word' id='word_1_6' title='bbox 884 273 1174 328; x_wconf 74' lang='lat' dir='ltr'><strong>menmsrroues.</strong></span> 
     </span>
    </p>
   </div>
   <div class='ocr_carea' id='block_1_2' title="bbox 34 401 1355 1024">
    <p class='ocr_par' dir='ltr' id='par_1_2' title="bbox 44 401 1342 622">
     <span class='ocr_line' id='line_1_3' title="bbox 174 401 1342 512; baseline 0.002 -23"><span class='ocrx_word' id='word_1_7' title='bbox 174 439 284 506; x_wconf 84' lang='lat' dir='ltr'><strong>neque</strong></span> <span class='ocrx_word' id='word_1_8' title='bbox 314 429 449 508; x_wconf 88' lang='lat' dir='ltr'><strong>nuptum</strong></span> <span class='ocrx_word' id='word_1_9' title='bbox 482 418 614 486; x_wconf 85' lang='lat' dir='ltr'><strong>dentur:</strong></span> <span class='ocrx_word' id='word_1_10' title='bbox 668 413 830 486; x_wconf 79' lang='lat' dir='ltr'><strong>sedeunt</strong></span> <span class='ocrx_word' id='word_1_11' title='bbox 856 417 947 486; x_wconf 84' lang='lat' dir='ltr'><strong>velut</strong></span> <span class='ocrx_word' id='word_1_12' title='bbox 972 401 1189 506; x_wconf 79' lang='lat' dir='ltr'><strong>edgeli&#39;Dei,</strong></span> <span class='ocrx_word' id='word_1_13' title='bbox 1223 425 1342 512; x_wconf 86' lang='lat' dir='ltr'><strong>quiin</strong></span> 
     </span>
     <span class='ocr_line' id='line_1_4' title="bbox 44 519 1342 622; baseline 0.003 -33"><span class='ocrx_word' id='word_1_14' title='bbox 44 591 48 600; x_wconf 76' lang='grc'><em>,</em></span> <span class='ocrx_word' id='word_1_15' title='bbox 176 521 277 591; x_wconf 87' lang='lat' dir='ltr'><strong>coelis</strong></span> <span class='ocrx_word' id='word_1_16' title='bbox 308 534 390 589; x_wconf 84' lang='lat' dir='ltr'><strong>sunt.</strong></span> <span class='ocrx_word' id='word_1_17' title='bbox 442 523 493 588; x_wconf 76' lang='lat'><strong>26.</strong></span> <span class='ocrx_word' id='word_1_18' title='bbox 526 519 700 590; x_wconf 75' lang='lat' dir='ltr'>Caeterum</span> <span class='ocrx_word' id='word_1_19' title='bbox 729 520 771 588; x_wconf 88' lang='lat' dir='ltr'><strong>de</strong></span> <span class='ocrx_word' id='word_1_20' title='bbox 798 525 946 622; x_wconf 64' lang='lat' dir='ltr'><strong>mortuis¹</strong></span> <span class='ocrx_word' id='word_1_21' title='bbox 981 523 1073 610; x_wconf 93' lang='lat' dir='ltr'><strong>quod</strong></span> <span class='ocrx_word' id='word_1_22' title='bbox 1101 529 1342 604; x_wconf 83' lang='lat' dir='ltr'><strong>resuscitentur,</strong></span> 
     </span>
    </p>

    <p class='ocr_par' dir='ltr' id='par_1_3' title="bbox 34 623 1355 922">
     <span class='ocr_line' id='line_1_5' title="bbox 174 623 1342 716; baseline 0.003 -22"><span class='ocrx_word' id='word_1_23' title='bbox 174 623 243 694; x_wconf 87' lang='lat' dir='ltr'><strong>non</strong></span> <span class='ocrx_word' id='word_1_24' title='bbox 264 625 385 716; x_wconf 72' lang='lat' dir='ltr'><strong>legistis</strong></span> <span class='ocrx_word' id='word_1_25' title='bbox 405 630 440 693; x_wconf 94' lang='lat' dir='ltr'><strong>in</strong></span> <span class='ocrx_word' id='word_1_26' title='bbox 462 623 548 690; x_wconf 90' lang='lat' dir='ltr'><strong>libro</strong></span> <span class='ocrx_word' id='word_1_27' title='bbox 570 625 682 704; x_wconf 82' lang='lat' dir='ltr'><strong>Musis,</strong></span> <span class='ocrx_word' id='word_1_28' title='bbox 704 624 869 712; x_wconf 90' lang='lat' dir='ltr'><strong>quomodo</strong></span> <span class='ocrx_word' id='word_1_29' title='bbox 892 627 926 691; x_wconf 93' lang='lat' dir='ltr'><strong>in</strong></span> <span class='ocrx_word' id='word_1_30' title='bbox 946 625 1033 696; x_wconf 87' lang='lat' dir='ltr'><strong>rubo</strong></span> <span class='ocrx_word' id='word_1_31' title='bbox 1054 627 1215 715; x_wconf 79' lang='lat' dir='ltr'><strong>loquutus</strong></span> <span class='ocrx_word' id='word_1_32' title='bbox 1234 633 1279 696; x_wconf 89' lang='lat' dir='ltr'><strong>sit</strong></span> <span class='ocrx_word' id='word_1_33' title='bbox 1299 631 1342 696; x_wconf 92' lang='lat' dir='ltr'><strong>illi</strong></span> 
     </span>
     <span class='ocr_line' id='line_1_6' title="bbox 61 727 1355 814; baseline 0.002 -17"><span class='ocrx_word' id='word_1_34' title='bbox 61 767 64 780; x_wconf 48' lang='grc' dir='ltr'><strong>ι</strong></span> <span class='ocrx_word' id='word_1_35' title='bbox 173 731 274 807; x_wconf 91' lang='lat' dir='ltr'><strong>Deus,</strong></span> <span class='ocrx_word' id='word_1_36' title='bbox 296 730 417 808; x_wconf 88' lang='lat' dir='ltr'><strong>dicens,</strong></span> <span class='ocrx_word' id='word_1_37' title='bbox 436 728 507 814; x_wconf 82' lang='lat' dir='ltr'><strong>Ego</strong></span> <span class='ocrx_word' id='word_1_38' title='bbox 529 749 598 792; x_wconf 90' lang='lat' dir='ltr'><strong>sum</strong></span> <span class='ocrx_word' id='word_1_39' title='bbox 620 728 712 794; x_wconf 91' lang='lat' dir='ltr'><strong>Deus</strong></span> <span class='ocrx_word' id='word_1_40' title='bbox 733 727 904 808; x_wconf 78' lang='lat' dir='ltr'><strong>Abraham,</strong></span> <span class='ocrx_word' id='word_1_41' title='bbox 926 741 958 795; x_wconf 91' lang='lat' dir='ltr'><strong>ct</strong></span> <span class='ocrx_word' id='word_1_42' title='bbox 978 731 1071 796; x_wconf 91' lang='lat' dir='ltr'><strong>Deus</strong></span> <span class='ocrx_word' id='word_1_43' title='bbox 1087 734 1187 812; x_wconf 76' lang='lat' dir='ltr'><strong>lsnec,</strong></span> <span class='ocrx_word' id='word_1_44' title='bbox 1210 733 1355 799; x_wconf 84' lang='lat' dir='ltr'><strong>etDeus·</strong></span> 
     </span>
     <span class='ocr_line' id='line_1_7' title="bbox 34 830 1343 922; baseline 0.007 -27"><span class='ocrx_word' id='word_1_45' title='bbox 34 847 38 866; x_wconf 88' lang='grc'><em>·</em></span> <span class='ocrx_word' id='word_1_46' title='bbox 172 830 292 898; x_wconf 85' lang='lat' dir='ltr'><strong>lscolr?</strong></span> <span class='ocrx_word' id='word_1_47' title='bbox 334 833 386 898; x_wconf 84' lang='lat'><strong>27.</strong></span> <span class='ocrx_word' id='word_1_48' title='bbox 406 831 484 899; x_wconf 87' lang='lat' dir='ltr'><strong>Non</strong></span> <span class='ocrx_word' id='word_1_49' title='bbox 506 842 554 916; x_wconf 80' lang='lat' dir='ltr'><strong>est</strong></span> <span class='ocrx_word' id='word_1_50' title='bbox 573 830 676 922; x_wconf 86' lang='lat' dir='ltr'><strong>Deus,</strong></span> <span class='ocrx_word' id='word_1_51' title='bbox 694 831 786 898; x_wconf 89' lang='lat' dir='ltr'><strong>Deus</strong></span> <span class='ocrx_word' id='word_1_52' title='bbox 799 843 1016 914; x_wconf 82' lang='lat' dir='ltr'><strong>mortuorum,</strong></span> <span class='ocrx_word' id='word_1_53' title='bbox 1035 833 1096 918; x_wconf 82' lang='lat' dir='ltr'><strong>sed</strong></span> <span class='ocrx_word' id='word_1_54' title='bbox 1117 835 1214 908; x_wconf 85' lang='lat' dir='ltr'><strong>Deus</strong></span> <span class='ocrx_word' id='word_1_55' title='bbox 1236 838 1343 904; x_wconf 85' lang='lat' dir='ltr'><strong>viren-</strong></span> 
     </span>
    </p>

    <p class='ocr_par' dir='ltr' id='par_1_4' title="bbox 173 932 1209 1024">
     <span class='ocr_line' id='line_1_8' title="bbox 173 932 1209 1024; baseline -0.007 -20"><span class='ocrx_word' id='word_1_56' title='bbox 173 933 348 1018; x_wconf 68' lang='lat' dir='ltr'><strong>tiumrsvos</strong></span> <span class='ocrx_word' id='word_1_57' title='bbox 368 937 465 1022; x_wconf 82' lang='lat' dir='ltr'><strong>igitur</strong></span> <span class='ocrx_word' id='word_1_58' title='bbox 484 932 619 1024; x_wconf 85' lang='lat' dir='ltr'><strong>multum</strong></span> <span class='ocrx_word' id='word_1_59' title='bbox 641 936 764 999; x_wconf 85' lang='lat' dir='ltr'><strong>erretis.</strong></span> <span class='ocrx_word' id='word_1_60' title='bbox 800 1006 803 1017; x_wconf 33' lang='lat'><em>¹</em></span> <span class='ocrx_word' id='word_1_61' title='bbox 1208 941 1209 948; x_wconf 78' lang='grc'>’</span> 
     </span>
    </p>
   </div>
   <div class='ocr_carea' id='block_1_3' title="bbox 85 1101 1375 3428">
    <p class='ocr_par' dir='ltr' id='par_1_5' title="bbox 369 1101 1119 1155">
     <span class='ocr_line' id='line_1_9' title="bbox 369 1101 1119 1155; baseline 0.003 -2"><span class='ocrx_word' id='word_1_62' title='bbox 369 1119 377 1147; x_wconf 89' lang='grc' dir='ltr'><em>Ι</em></span> <span class='ocrx_word' id='word_1_63' title='bbox 620 1101 624 1116; x_wconf 68' lang='grc'>’</span> <span class='ocrx_word' id='word_1_64' title='bbox 803 1131 807 1138; x_wconf 91' lang='grc'><em>·</em></span> <span class='ocrx_word' id='word_1_65' title='bbox 1110 1130 1119 1155; x_wconf 75' lang='grc' dir='ltr'><strong>ι</strong></span> 
     </span>
    </p>

    <p class='ocr_par' dir='ltr' id='par_1_6' title="bbox 113 1153 1375 1464">
     <span class='ocr_line' id='line_1_10' title="bbox 139 1153 1375 1274; baseline 0.006 -39"><span class='ocrx_word' id='word_1_66' title='bbox 139 1257 141 1264; x_wconf 14' lang='lat' dir='ltr'>y</span> <span class='ocrx_word' id='word_1_67' title='bbox 257 1165 357 1236; x_wconf 83' lang='lat' dir='ltr'><strong>LUG.</strong></span> <span class='ocrx_word' id='word_1_68' title='bbox 384 1171 454 1234; x_wconf 78' lang='lat' dir='ltr'><strong>xx.</strong></span> <span class='ocrx_word' id='word_1_69' title='bbox 513 1170 564 1236; x_wconf 81' lang='lat'><strong>27.</strong></span> <span class='ocrx_word' id='word_1_70' title='bbox 591 1169 807 1274; x_wconf 65' lang='lat' dir='ltr'><strong>Accessenpt</strong></span> <span class='ocrx_word' id='word_1_71' title='bbox 833 1183 939 1240; x_wconf 86' lang='lat' dir='ltr'><strong>eutem</strong></span> <span class='ocrx_word' id='word_1_72' title='bbox 972 1171 1105 1259; x_wconf 82' lang='lat' dir='ltr'><strong>quidum</strong></span> <span class='ocrx_word' id='word_1_73' title='bbox 1131 1172 1343 1242; x_wconf 75' lang='lat' dir='ltr'><strong>Snddueeeo</strong></span> <span class='ocrx_word' id='word_1_74' title='bbox 1374 1153 1375 1174; x_wconf 14' lang='grc' dir='ltr'><strong>Χ</strong></span> 
     </span>
     <span class='ocr_line' id='line_1_11' title="bbox 113 1277 1343 1368; baseline 0.002 -26"><span class='ocrx_word' id='word_1_75' title='bbox 113 1347 126 1368; x_wconf 49' lang='grc'><strong>,</strong></span> <span class='ocrx_word' id='word_1_76' title='bbox 173 1291 258 1354; x_wconf 85' lang='lat' dir='ltr'><strong>rum,</strong></span> <span class='ocrx_word' id='word_1_77' title='bbox 280 1277 338 1362; x_wconf 88' lang='lat' dir='ltr'><strong>qui</strong></span> <span class='ocrx_word' id='word_1_78' title='bbox 356 1283 476 1362; x_wconf 75' lang='lat' dir='ltr'><strong>negent</strong></span> <span class='ocrx_word' id='word_1_79' title='bbox 497 1293 568 1340; x_wconf 87' lang='lat' dir='ltr'><strong>esse</strong></span> <span class='ocrx_word' id='word_1_80' title='bbox 588 1277 874 1342; x_wconf 77' lang='lat' dir='ltr'><strong>resurrectionem:</strong></span> <span class='ocrx_word' id='word_1_81' title='bbox 902 1286 934 1340; x_wconf 90' lang='lat' dir='ltr'><strong>et</strong></span> <span class='ocrx_word' id='word_1_82' title='bbox 956 1278 1235 1362; x_wconf 80' lang='lat' dir='ltr'><strong>interrogaverunt</strong></span> <span class='ocrx_word' id='word_1_83' title='bbox 1256 1299 1343 1356; x_wconf 82' lang='lat' dir='ltr'><strong>eum,</strong></span> 
     </span>
     <span class='ocr_line' id='line_1_12' title="bbox 172 1377 1343 1464; baseline 0.002 -20"><span class='ocrx_word' id='word_1_84' title='bbox 172 1379 224 1444; x_wconf 77' lang='lat'><strong>28.</strong></span> <span class='ocrx_word' id='word_1_85' title='bbox 251 1378 616 1464; x_wconf 73' lang='lat' dir='ltr'><strong>Dicentes,·ldegister‚</strong></span> <span class='ocrx_word' id='word_1_86' title='bbox 643 1377 755 1444; x_wconf 86' lang='lat' dir='ltr'><strong>Moses</strong></span> <span class='ocrx_word' id='word_1_87' title='bbox 774 1380 901 1464; x_wconf 80' lang='lat' dir='ltr'><strong>scripsit</strong></span> <span class='ocrx_word' id='word_1_88' title='bbox 926 1377 1038 1458; x_wconf 88' lang='lat' dir='ltr'><strong>nobis,</strong></span> <span class='ocrx_word' id='word_1_89' title='bbox 1065 1381 1094 1444; x_wconf 89' lang='lat' dir='ltr'><strong>si</strong></span> <span class='ocrx_word' id='word_1_90' title='bbox 1121 1383 1214 1446; x_wconf 76' lang='lat' dir='ltr'><strong>cuim</strong></span> <span class='ocrx_word' id='word_1_91' title='bbox 1242 1383 1343 1448; x_wconf 78' lang='lat' dir='ltr'><strong>irater</strong></span> 
     </span>
    </p>

    <p class='ocr_par' dir='ltr' id='par_1_7' title="bbox 137 1473 1375 1570">
     <span class='ocr_line' id='line_1_13' title="bbox 137 1473 1375 1570; baseline 0 -20"><span class='ocrx_word' id='word_1_92' title='bbox 137 1473 139 1490; x_wconf 57' lang='lat'><strong><em>⁴</em></strong></span> <span class='ocrx_word' id='word_1_93' title='bbox 172 1485 319 1550; x_wconf 89' lang='lat' dir='ltr'><strong>mortuus</strong></span> <span class='ocrx_word' id='word_1_94' title='bbox 351 1480 450 1546; x_wconf 88' lang='lat' dir='ltr'><strong>luerit</strong></span> <span class='ocrx_word' id='word_1_95' title='bbox 479 1477 603 1546; x_wconf 67' lang='lat' dir='ltr'><strong>uehens</strong></span> <span class='ocrx_word' id='word_1_96' title='bbox 635 1502 782 1560; x_wconf 83' lang='lat' dir='ltr'><strong>uxorem,</strong></span> <span class='ocrx_word' id='word_1_97' title='bbox 820 1483 914 1570; x_wconf 85' lang='lat' dir='ltr'><strong>isque</strong></span> <span class='ocrx_word' id='word_1_98' title='bbox 946 1485 1017 1558; x_wconf 86' lang='lat' dir='ltr'><strong>sine</strong></span> <span class='ocrx_word' id='word_1_99' title='bbox 1047 1479 1165 1555; x_wconf 79' lang='lat' dir='ltr'><strong>liberis</strong></span> <span class='ocrx_word' id='word_1_100' title='bbox 1195 1497 1340 1551; x_wconf 88' lang='lat' dir='ltr'><strong>mortuus</strong></span> <span class='ocrx_word' id='word_1_101' title='bbox 1374 1489 1375 1520; x_wconf 64' lang='lat'>¹</span> 
     </span>
    </p>

    <p class='ocr_par' dir='ltr' id='par_1_8' title="bbox 171 1577 1375 1776">
     <span class='ocr_line' id='line_1_14' title="bbox 171 1577 1375 1669; baseline 0 -17"><span class='ocrx_word' id='word_1_102' title='bbox 171 1585 285 1664; x_wconf 81' lang='lat' dir='ltr'><strong>luerit,</strong></span> <span class='ocrx_word' id='word_1_103' title='bbox 312 1591 347 1650; x_wconf 86' lang='lat' dir='ltr'><strong>ut</strong></span> <span class='ocrx_word' id='word_1_104' title='bbox 368 1577 503 1669; x_wconf 77' lang='lat' dir='ltr'><strong>accipiet</strong></span> <span class='ocrx_word' id='word_1_105' title='bbox 523 1583 623 1652; x_wconf 81' lang='lat' dir='ltr'><strong>freter</strong></span> <span class='ocrx_word' id='word_1_106' title='bbox 641 1585 711 1650; x_wconf 89' lang='lat' dir='ltr'><strong>eius</strong></span> <span class='ocrx_word' id='word_1_107' title='bbox 731 1606 876 1663; x_wconf 84' lang='lat' dir='ltr'><strong>uxorem,</strong></span> <span class='ocrx_word' id='word_1_108' title='bbox 904 1595 937 1652; x_wconf 92' lang='lat' dir='ltr'><strong>et</strong></span> <span class='ocrx_word' id='word_1_109' title='bbox 964 1588 1096 1652; x_wconf 87' lang='lat' dir='ltr'><strong>suscitet</strong></span> <span class='ocrx_word' id='word_1_110' title='bbox 1116 1607 1232 1658; x_wconf 84' lang='lat' dir='ltr'><strong>semen</strong></span> <span class='ocrx_word' id='word_1_111' title='bbox 1255 1589 1339 1654; x_wconf 71' lang='lat' dir='ltr'><strong>metri</strong></span> <span class='ocrx_word' id='word_1_112' title='bbox 1374 1597 1375 1610; x_wconf 63' lang='lat'>¹</span> 
     </span>
     <span class='ocr_line' id='line_1_15' title="bbox 172 1685 1339 1776; baseline 0.003 -20"><span class='ocrx_word' id='word_1_113' title='bbox 172 1711 242 1756; x_wconf 87' lang='lat' dir='ltr'><strong>suo.</strong></span> <span class='ocrx_word' id='word_1_114' title='bbox 282 1687 333 1752; x_wconf 73' lang='lat'><strong>29.</strong></span> <span class='ocrx_word' id='word_1_115' title='bbox 361 1685 494 1771; x_wconf 78' lang='lat' dir='ltr'><strong>Septem</strong></span> <span class='ocrx_word' id='word_1_116' title='bbox 523 1708 600 1772; x_wconf 69' lang='lat' dir='ltr'><strong>ergo</strong></span> <span class='ocrx_word' id='word_1_117' title='bbox 624 1686 739 1756; x_wconf 81' lang='lat' dir='ltr'><strong>frutres</strong></span> <span class='ocrx_word' id='word_1_118' title='bbox 761 1699 869 1768; x_wconf 84' lang='lat' dir='ltr'><strong>erent,</strong></span> <span class='ocrx_word' id='word_1_119' title='bbox 897 1698 930 1755; x_wconf 88' lang='lat' dir='ltr'><strong>et</strong></span> <span class='ocrx_word' id='word_1_120' title='bbox 956 1692 1077 1776; x_wconf 88' lang='lat' dir='ltr'><strong>primus</strong></span> <span class='ocrx_word' id='word_1_121' title='bbox 1107 1694 1237 1776; x_wconf 79' lang='lat' dir='ltr'><strong>occepit</strong></span> <span class='ocrx_word' id='word_1_122' title='bbox 1264 1715 1339 1760; x_wconf 82' lang='lat' dir='ltr'><strong>uxo·</strong></span> 
     </span>
    </p>

    <p class='ocr_par' dir='ltr' id='par_1_9' title="bbox 171 1781 1375 1976">
     <span class='ocr_line' id='line_1_16' title="bbox 171 1781 1375 1879; baseline 0.006 -23"><span class='ocrx_word' id='word_1_123' title='bbox 171 1813 255 1870; x_wconf 88' lang='lat' dir='ltr'><strong>rem,</strong></span> <span class='ocrx_word' id='word_1_124' title='bbox 283 1811 321 1853; x_wconf 83' lang='lat' dir='ltr'><strong>nc</strong></span> <span class='ocrx_word' id='word_1_125' title='bbox 346 1799 490 1855; x_wconf 89' lang='lat' dir='ltr'><strong>mortuus</strong></span> <span class='ocrx_word' id='word_1_126' title='bbox 518 1790 663 1856; x_wconf 84' lang='lat' dir='ltr'><strong>estsine</strong></span> <span class='ocrx_word' id='word_1_127' title='bbox 690 1789 813 1858; x_wconf 87' lang='lat' dir='ltr'><strong>lilreris.</strong></span> <span class='ocrx_word' id='word_1_128' title='bbox 874 1793 926 1860; x_wconf 77' lang='grc'><strong>30.</strong></span> <span class='ocrx_word' id='word_1_129' title='bbox 966 1781 1010 1858; x_wconf 82' lang='lat' dir='ltr'><strong>Ei</strong></span> <span class='ocrx_word' id='word_1_130' title='bbox 1030 1793 1157 1879; x_wconf 81' lang='lat' dir='ltr'><strong>accepit</strong></span> <span class='ocrx_word' id='word_1_131' title='bbox 1179 1795 1338 1862; x_wconf 77' lang='lat' dir='ltr'><strong>semudus</strong></span> <span class='ocrx_word' id='word_1_132' title='bbox 1374 1823 1375 1832; x_wconf 51' lang='lat'>¹</span> 
     </span>
     <span class='ocr_line' id='line_1_17' title="bbox 171 1892 1338 1976; baseline 0.003 -16"><span class='ocrx_word' id='word_1_133' title='bbox 171 1895 277 1971; x_wconf 85' lang='lat' dir='ltr'><strong>illam,</strong></span> <span class='ocrx_word' id='word_1_134' title='bbox 304 1901 338 1957; x_wconf 88' lang='lat' dir='ltr'><strong>et</strong></span> <span class='ocrx_word' id='word_1_135' title='bbox 363 1894 433 1976; x_wconf 81' lang='lat' dir='ltr'><strong>ipse</strong></span> <span class='ocrx_word' id='word_1_136' title='bbox 462 1903 606 1958; x_wconf 89' lang='lat' dir='ltr'><strong>mortuus</strong></span> <span class='ocrx_word' id='word_1_137' title='bbox 628 1897 768 1960; x_wconf 88' lang='lat' dir='ltr'><strong>estsine</strong></span> <span class='ocrx_word' id='word_1_138' title='bbox 790 1892 933 1971; x_wconf 84' lang='lat' dir='ltr'><strong>liberis.¹</strong></span> <span class='ocrx_word' id='word_1_139' title='bbox 965 1895 1017 1960; x_wconf 75' lang='lat' dir='ltr'><strong>et</strong></span> <span class='ocrx_word' id='word_1_140' title='bbox 1047 1895 1090 1961; x_wconf 89' lang='lat' dir='ltr'><strong>Et</strong></span> <span class='ocrx_word' id='word_1_141' title='bbox 1111 1899 1232 1964; x_wconf 89' lang='lat' dir='ltr'><strong>tertius</strong></span> <span class='ocrx_word' id='word_1_142' title='bbox 1252 1921 1338 1964; x_wconf 83' lang='lat' dir='ltr'><strong>ecce-</strong></span> 
     </span>
    </p>

    <p class='ocr_par' dir='ltr' id='par_1_10' title="bbox 171 1993 1375 2090">
     <span class='ocr_line' id='line_1_18' title="bbox 171 1993 1375 2090; baseline 0.002 -26"><span class='ocrx_word' id='word_1_143' title='bbox 171 2001 219 2087; x_wconf 87' lang='lat' dir='ltr'><strong>pit</strong></span> <span class='ocrx_word' id='word_1_144' title='bbox 239 1995 342 2061; x_wconf 78' lang='lat' dir='ltr'><strong>illcms</strong></span> <span class='ocrx_word' id='word_1_145' title='bbox 370 1993 517 2060; x_wconf 86' lang='lat' dir='ltr'><strong>similiter</strong></span> <span class='ocrx_word' id='word_1_146' title='bbox 536 2005 570 2061; x_wconf 89' lang='lat' dir='ltr'><strong>st</strong></span> <span class='ocrx_word' id='word_1_147' title='bbox 590 1999 712 2064; x_wconf 82' lang='lat' dir='ltr'><strong>caeteri</strong></span> <span class='ocrx_word' id='word_1_148' title='bbox 732 2009 871 2085; x_wconf 81' lang='lat' dir='ltr'><strong>septem,</strong></span> <span class='ocrx_word' id='word_1_149' title='bbox 896 2019 958 2074; x_wconf 81' lang='lat' dir='ltr'><strong>nec</strong></span> <span class='ocrx_word' id='word_1_150' title='bbox 979 1997 1187 2090; x_wconf 74' lang='lat' dir='ltr'><strong>reliquerunt</strong></span> <span class='ocrx_word' id='word_1_151' title='bbox 1208 1997 1336 2078; x_wconf 79' lang='lat' dir='ltr'><strong>liberos,</strong></span> <span class='ocrx_word' id='word_1_152' title='bbox 1374 2029 1375 2052; x_wconf 61' lang='lat' dir='ltr'><strong>t</strong></span> 
     </span>
    </p>

    <p class='ocr_par' dir='ltr' id='par_1_11' title="bbox 171 2089 1375 2209">
     <span class='ocr_line' id='line_1_19' title="bbox 171 2097 1335 2198; baseline -0.002 -28"><span class='ocrx_word' id='word_1_153' title='bbox 171 2114 206 2170; x_wconf 80' lang='lat' dir='ltr'><strong>et</strong></span> <span class='ocrx_word' id='word_1_154' title='bbox 230 2099 349 2168; x_wconf 89' lang='lat' dir='ltr'><strong>mortui</strong></span> <span class='ocrx_word' id='word_1_155' title='bbox 375 2107 458 2198; x_wconf 77' lang='lat' dir='ltr'><strong>sunt.</strong></span> <span class='ocrx_word' id='word_1_156' title='bbox 480 2128 483 2140; x_wconf 91' lang='lat'><em>·</em></span> <span class='ocrx_word' id='word_1_157' title='bbox 502 2097 554 2164; x_wconf 79' lang='lat'><strong>32.</strong></span> <span class='ocrx_word' id='word_1_158' title='bbox 585 2097 769 2168; x_wconf 84' lang='lat' dir='ltr'><strong>Novissime</strong></span> <span class='ocrx_word' id='word_1_159' title='bbox 803 2103 945 2172; x_wconf 80' lang='lat' dir='ltr'><strong>omniun</strong></span> <span class='ocrx_word' id='word_1_160' title='bbox 972 2111 1098 2168; x_wconf 86' lang='lat' dir='ltr'><strong>mortue</strong></span> <span class='ocrx_word' id='word_1_161' title='bbox 1127 2113 1179 2168; x_wconf 88' lang='lat' dir='ltr'><strong>est</strong></span> <span class='ocrx_word' id='word_1_162' title='bbox 1213 2114 1246 2168; x_wconf 90' lang='lat' dir='ltr'><strong>et</strong></span> <span class='ocrx_word' id='word_1_163' title='bbox 1269 2125 1335 2168; x_wconf 90' lang='lat' dir='ltr'><strong>mn·</strong></span> 
     </span>
    </p>

    <p class='ocr_par' dir='ltr' id='par_1_12' title="bbox 99 2197 1375 2294">
     <span class='ocr_line' id='line_1_20' title="bbox 99 2197 1375 2294; baseline -0.001 -23"><span class='ocrx_word' id='word_1_164' title='bbox 99 2223 106 2236; x_wconf 78' lang='lat'>¹</span> <span class='ocrx_word' id='word_1_165' title='bbox 169 2208 240 2274; x_wconf 83' lang='lat' dir='ltr'><strong>lior.</strong></span> <span class='ocrx_word' id='word_1_166' title='bbox 281 2205 332 2270; x_wconf 70' lang='lat'><strong>33.</strong></span> <span class='ocrx_word' id='word_1_167' title='bbox 359 2201 395 2266; x_wconf 90' lang='lat' dir='ltr'><strong>ln</strong></span> <span class='ocrx_word' id='word_1_168' title='bbox 416 2201 654 2273; x_wconf 71' lang='lat' dir='ltr'><strong>resurrectione</strong></span> <span class='ocrx_word' id='word_1_169' title='bbox 672 2197 754 2289; x_wconf 61' lang='lat' dir='ltr'><strong>&#39;ergo</strong></span> <span class='ocrx_word' id='word_1_170' title='bbox 777 2209 868 2272; x_wconf 75' lang='lat' dir='ltr'><strong>curius</strong></span> <span class='ocrx_word' id='word_1_171' title='bbox 889 2227 1001 2274; x_wconf 85' lang='lat' dir='ltr'><strong>eorum</strong></span> <span class='ocrx_word' id='word_1_172' title='bbox 1024 2207 1085 2270; x_wconf 92' lang='lat' dir='ltr'><strong>erit</strong></span> <span class='ocrx_word' id='word_1_173' title='bbox 1106 2207 1212 2271; x_wconf 82' lang='lat' dir='ltr'><strong>uxor?</strong></span> <span class='ocrx_word' id='word_1_174' title='bbox 1242 2208 1336 2294; x_wconf 88' lang='lat' dir='ltr'><strong>siqui-</strong></span> <span class='ocrx_word' id='word_1_175' title='bbox 1374 2221 1375 2270; x_wconf 84' lang='lat' dir='ltr'><strong>t</strong></span> 
     </span>
    </p>

    <p class='ocr_par' dir='ltr' id='par_1_13' title="bbox 128 2293 1375 2499">
     <span class='ocr_line' id='line_1_21' title="bbox 128 2293 1335 2401; baseline -0.002 -23"><span class='ocrx_word' id='word_1_176' title='bbox 128 2311 244 2385; x_wconf 58' lang='lat' dir='ltr'><strong>u&#39;dem</strong></span> <span class='ocrx_word' id='word_1_177' title='bbox 275 2316 398 2394; x_wconf 79' lang='lat' dir='ltr'><strong>septem</strong></span> <span class='ocrx_word' id='word_1_178' title='bbox 425 2293 609 2372; x_wconf 74' lang='lat' dir='ltr'><strong>muncrum</strong></span> <span class='ocrx_word' id='word_1_179' title='bbox 636 2327 705 2374; x_wconf 81' lang='lat' dir='ltr'><strong>cern</strong></span> <span class='ocrx_word' id='word_1_180' title='bbox 727 2331 868 2376; x_wconf 76' lang='lat' dir='ltr'><strong>tuorem</strong></span> <span class='ocrx_word' id='word_1_181' title='bbox 912 2309 979 2401; x_wconf 23' lang='lat'><strong>⁴34.</strong></span> <span class='ocrx_word' id='word_1_182' title='bbox 1003 2307 1046 2372; x_wconf 84' lang='lat' dir='ltr'><strong>Et</strong></span> <span class='ocrx_word' id='word_1_183' title='bbox 1065 2307 1271 2395; x_wconf 87' lang='lat' dir='ltr'><strong>respondens</strong></span> <span class='ocrx_word' id='word_1_184' title='bbox 1294 2314 1335 2376; x_wconf 85' lang='lat' dir='ltr'><strong>ait</strong></span> 
     </span>
     <span class='ocr_line' id='line_1_22' title="bbox 170 2407 1334 2499; baseline -0.003 -18"><span class='ocrx_word' id='word_1_185' title='bbox 170 2415 235 2482; x_wconf 90' lang='lat' dir='ltr'><strong>illis</strong></span> <span class='ocrx_word' id='word_1_186' title='bbox 268 2415 357 2478; x_wconf 87' lang='lat' dir='ltr'><strong>lesus</strong></span> <span class='ocrx_word' id='word_1_187' title='bbox 365 2422 377 2488; x_wconf 86' lang='lat'><strong>‚&#39;</strong></span> <span class='ocrx_word' id='word_1_188' title='bbox 418 2407 494 2474; x_wconf 84' lang='lat' dir='ltr'><strong>Filii</strong></span> <span class='ocrx_word' id='word_1_189' title='bbox 525 2409 620 2476; x_wconf 89' lang='lat' dir='ltr'><strong>huius</strong></span> <span class='ocrx_word' id='word_1_190' title='bbox 653 2410 775 2477; x_wconf 81' lang='lat' dir='ltr'><strong>saeculi</strong></span> <span class='ocrx_word' id='word_1_191' title='bbox 805 2411 927 2480; x_wconf 86' lang='lat' dir='ltr'><strong>ducunt</strong></span> <span class='ocrx_word' id='word_1_192' title='bbox 959 2430 1089 2488; x_wconf 87' lang='lat' dir='ltr'><strong>uxores,</strong></span> <span class='ocrx_word' id='word_1_193' title='bbox 1129 2422 1164 2477; x_wconf 88' lang='lat' dir='ltr'><strong>et</strong></span> <span class='ocrx_word' id='word_1_194' title='bbox 1201 2424 1334 2499; x_wconf 81' lang='lat' dir='ltr'><strong>nuptum</strong></span> 
     </span>
    </p>

    <p class='ocr_par' dir='ltr' id='par_1_14' title="bbox 168 2499 1375 2810">
     <span class='ocr_line' id='line_1_23' title="bbox 169 2499 1375 2600; baseline -0.002 -18"><span class='ocrx_word' id='word_1_195' title='bbox 169 2515 257 2582; x_wconf 81' lang='lat' dir='ltr'><strong>dent.</strong></span> <span class='ocrx_word' id='word_1_196' title='bbox 304 2511 356 2578; x_wconf 80' lang='lat'><strong>35.</strong></span> <span class='ocrx_word' id='word_1_197' title='bbox 382 2510 433 2578; x_wconf 92' lang='lat' dir='ltr'><strong>llli</strong></span> <span class='ocrx_word' id='word_1_198' title='bbox 454 2531 550 2589; x_wconf 76' lang='lat' dir='ltr'><strong>vern,</strong></span> <span class='ocrx_word' id='word_1_199' title='bbox 579 2516 635 2600; x_wconf 89' lang='lat' dir='ltr'><strong>qui</strong></span> <span class='ocrx_word' id='word_1_200' title='bbox 656 2514 745 2600; x_wconf 79' lang='lat' dir='ltr'><strong>digni</strong></span> <span class='ocrx_word' id='word_1_201' title='bbox 766 2515 975 2586; x_wconf 79' lang='lat' dir='ltr'><strong>habebuntur</strong></span> <span class='ocrx_word' id='word_1_202' title='bbox 992 2513 1210 2582; x_wconf 79' lang='lat' dir='ltr'><strong>saeculoillo</strong></span> <span class='ocrx_word' id='word_1_203' title='bbox 1233 2525 1266 2580; x_wconf 89' lang='lat' dir='ltr'><strong>et</strong></span> <span class='ocrx_word' id='word_1_204' title='bbox 1289 2537 1334 2580; x_wconf 89' lang='lat' dir='ltr'><strong>re·</strong></span> <span class='ocrx_word' id='word_1_205' title='bbox 1374 2499 1375 2514; x_wconf 17' lang='grc' dir='ltr'>ἶ</span> 
     </span>
     <span class='ocr_line' id='line_1_24' title="bbox 168 2613 1333 2706; baseline -0.002 -19"><span class='ocrx_word' id='word_1_206' title='bbox 168 2621 380 2687; x_wconf 86' lang='lat' dir='ltr'><strong>surrectione·</strong></span> <span class='ocrx_word' id='word_1_207' title='bbox 393 2635 431 2680; x_wconf 81' lang='lat' dir='ltr'><strong>cx</strong></span> <span class='ocrx_word' id='word_1_208' title='bbox 450 2619 599 2697; x_wconf 78' lang='lat' dir='ltr'><strong>mortuis,</strong></span> <span class='ocrx_word' id='word_1_209' title='bbox 623 2613 731 2705; x_wconf 86' lang='lat' dir='ltr'><strong>neque</strong></span> <span class='ocrx_word' id='word_1_210' title='bbox 759 2619 882 2689; x_wconf 86' lang='lat' dir='ltr'><strong>ducunt</strong></span> <span class='ocrx_word' id='word_1_211' title='bbox 900 2637 1035 2696; x_wconf 84' lang='lat' dir='ltr'><strong>uxores,</strong></span> <span class='ocrx_word' id='word_1_212' title='bbox 1060 2635 1174 2704; x_wconf 84' lang='lat' dir='ltr'><strong>neque</strong></span> <span class='ocrx_word' id='word_1_213' title='bbox 1201 2631 1333 2706; x_wconf 80' lang='lat' dir='ltr'><strong>nuptum</strong></span> 
     </span>
     <span class='ocr_line' id='line_1_25' title="bbox 170 2709 1335 2810; baseline 0.001 -20"><span class='ocrx_word' id='word_1_214' title='bbox 170 2725 256 2790; x_wconf 82' lang='lat' dir='ltr'><strong>dent.</strong></span> <span class='ocrx_word' id='word_1_215' title='bbox 296 2721 347 2786; x_wconf 88' lang='grc'><strong>36.</strong></span> <span class='ocrx_word' id='word_1_216' title='bbox 368 2718 485 2806; x_wconf 87' lang='lat' dir='ltr'><strong>Neque</strong></span> <span class='ocrx_word' id='word_1_217' title='bbox 508 2723 593 2784; x_wconf 90' lang='lat' dir='ltr'><strong>enim</strong></span> <span class='ocrx_word' id='word_1_218' title='bbox 615 2719 699 2792; x_wconf 81' lang='lat' dir='ltr'><strong>ultra</strong></span> <span class='ocrx_word' id='word_1_219' title='bbox 721 2727 804 2789; x_wconf 88' lang='lat' dir='ltr'><strong>mori</strong></span> <span class='ocrx_word' id='word_1_220' title='bbox 824 2709 972 2810; x_wconf 65' lang='lat' dir='ltr'><strong>possunt:</strong></span> <span class='ocrx_word' id='word_1_221' title='bbox 993 2719 1150 2808; x_wconf 79' lang='lat' dir='ltr'><strong>aequales</strong></span> <span class='ocrx_word' id='word_1_222' title='bbox 1172 2725 1261 2790; x_wconf 88' lang='lat' dir='ltr'><strong>enim</strong></span> <span class='ocrx_word' id='word_1_223' title='bbox 1284 2746 1335 2790; x_wconf 77' lang='lat' dir='ltr'><strong>nn·</strong></span> 
     </span>
    </p>

    <p class='ocr_par' dir='ltr' id='par_1_15' title="bbox 85 2821 1375 2914">
     <span class='ocr_line' id='line_1_26' title="bbox 85 2821 1375 2914; baseline 0.002 -23"><span class='ocrx_word' id='word_1_224' title='bbox 85 2893 88 2901; x_wconf 70' lang='grc'><em>,</em></span> <span class='ocrx_word' id='word_1_225' title='bbox 168 2825 249 2914; x_wconf 77' lang='lat' dir='ltr'><strong>gelis</strong></span> <span class='ocrx_word' id='word_1_226' title='bbox 274 2832 362 2898; x_wconf 85' lang='lat' dir='ltr'><strong>sunt,</strong></span> <span class='ocrx_word' id='word_1_227' title='bbox 395 2831 427 2886; x_wconf 89' lang='lat' dir='ltr'><strong>et</strong></span> <span class='ocrx_word' id='word_1_228' title='bbox 459 2821 521 2886; x_wconf 86' lang='lat' dir='ltr'><strong>filii</strong></span> <span class='ocrx_word' id='word_1_229' title='bbox 555 2833 629 2888; x_wconf 91' lang='lat' dir='ltr'><strong>sunt</strong></span> <span class='ocrx_word' id='word_1_230' title='bbox 649 2824 728 2902; x_wconf 87' lang='lat' dir='ltr'><strong>Dei,</strong></span> <span class='ocrx_word' id='word_1_231' title='bbox 760 2849 858 2914; x_wconf 91' lang='lat' dir='ltr'><strong>quum</strong></span> <span class='ocrx_word' id='word_1_232' title='bbox 890 2825 953 2891; x_wconf 89' lang='lat' dir='ltr'><strong>filii</strong></span> <span class='ocrx_word' id='word_1_233' title='bbox 985 2825 1049 2890; x_wconf 89' lang='lat' dir='ltr'><strong>siut</strong></span> <span class='ocrx_word' id='word_1_234' title='bbox 1075 2829 1333 2892; x_wconf 79' lang='lat' dir='ltr'><strong>resurrectionis</strong></span> <span class='ocrx_word' id='word_1_235' title='bbox 1374 2863 1375 2894; x_wconf 73' lang='grc' dir='ltr'><strong>ι</strong></span> 
     </span>
    </p>

    <p class='ocr_par' dir='ltr' id='par_1_16' title="bbox 166 2895 1375 3011">
     <span class='ocr_line' id='line_1_27' title="bbox 166 2923 1333 3011; baseline 0.002 -19"><span class='ocrx_word' id='word_1_236' title='bbox 166 2929 217 2994; x_wconf 82' lang='grc'><strong>37.</strong></span> <span class='ocrx_word' id='word_1_237' title='bbox 251 2923 352 3010; x_wconf 85' lang='lat' dir='ltr'><strong>Quod</strong></span> <span class='ocrx_word' id='word_1_238' title='bbox 373 2943 453 2988; x_wconf 84' lang='lat' dir='ltr'><strong>vero</strong></span> <span class='ocrx_word' id='word_1_239' title='bbox 472 2935 640 3010; x_wconf 80' lang='lat' dir='ltr'><strong>resurgent</strong></span> <span class='ocrx_word' id='word_1_240' title='bbox 660 2933 791 3011; x_wconf 88' lang='lat' dir='ltr'><strong>mortui,</strong></span> <span class='ocrx_word' id='word_1_241' title='bbox 820 2942 851 2998; x_wconf 82' lang='lat' dir='ltr'><strong>et</strong></span> <span class='ocrx_word' id='word_1_242' title='bbox 872 2931 985 2996; x_wconf 86' lang='lat' dir='ltr'><strong>Moses</strong></span> <span class='ocrx_word' id='word_1_243' title='bbox 1011 2928 1156 2996; x_wconf 85' lang='lat' dir='ltr'><strong>ostendit</strong></span> <span class='ocrx_word' id='word_1_244' title='bbox 1175 2932 1265 2996; x_wconf 77' lang='lat' dir='ltr'><strong>iuste</strong></span> <span class='ocrx_word' id='word_1_245' title='bbox 1284 2951 1333 2994; x_wconf 91' lang='lat' dir='ltr'><strong>ru·</strong></span> 
     </span>
    </p>

    <p class='ocr_par' dir='ltr' id='par_1_17' title="bbox 166 3019 1375 3146">
     <span class='ocr_line' id='line_1_28' title="bbox 166 3025 1332 3115; baseline 0.004 -21"><span class='ocrx_word' id='word_1_246' title='bbox 166 3029 262 3106; x_wconf 84' lang='lat' dir='ltr'><strong>bttm,</strong></span> <span class='ocrx_word' id='word_1_247' title='bbox 289 3044 385 3115; x_wconf 92' lang='lat' dir='ltr'><strong>quum</strong></span> <span class='ocrx_word' id='word_1_248' title='bbox 409 3025 500 3104; x_wconf 86' lang='lat' dir='ltr'><strong>dicit,</strong></span> <span class='ocrx_word' id='word_1_249' title='bbox 526 3027 701 3094; x_wconf 86' lang='lat' dir='ltr'><strong>Dominum</strong></span> <span class='ocrx_word' id='word_1_250' title='bbox 730 3052 800 3098; x_wconf 83' lang='lat' dir='ltr'><strong>cese</strong></span> <span class='ocrx_word' id='word_1_251' title='bbox 827 3037 931 3098; x_wconf 89' lang='lat' dir='ltr'><strong>Deum</strong></span> <span class='ocrx_word' id='word_1_252' title='bbox 958 3029 1138 3110; x_wconf 73' lang='lat' dir='ltr'><strong>Abraham,</strong></span> <span class='ocrx_word' id='word_1_253' title='bbox 1167 3045 1202 3098; x_wconf 89' lang='lat' dir='ltr'><strong>et</strong></span> <span class='ocrx_word' id='word_1_254' title='bbox 1227 3033 1332 3098; x_wconf 85' lang='lat' dir='ltr'><strong>Deum</strong></span> 
     </span>
    </p>

    <p class='ocr_par' dir='ltr' id='par_1_18' title="bbox 165 3129 1375 3214">
     <span class='ocr_line' id='line_1_29' title="bbox 165 3129 1375 3214; baseline 0.005 -16"><span class='ocrx_word' id='word_1_255' title='bbox 165 3135 271 3210; x_wconf 81' lang='lat' dir='ltr'><strong>isene,</strong></span> <span class='ocrx_word' id='word_1_256' title='bbox 297 3137 330 3194; x_wconf 92' lang='lat' dir='ltr'><strong>et</strong></span> <span class='ocrx_word' id='word_1_257' title='bbox 349 3129 456 3196; x_wconf 90' lang='lat' dir='ltr'><strong>Deum</strong></span> <span class='ocrx_word' id='word_1_258' title='bbox 478 3130 586 3196; x_wconf 81' lang='lat' dir='ltr'><strong>Iacob.</strong></span> <span class='ocrx_word' id='word_1_259' title='bbox 635 3133 685 3200; x_wconf 84' lang='grc'><strong>38.</strong></span> <span class='ocrx_word' id='word_1_260' title='bbox 718 3134 812 3200; x_wconf 87' lang='lat' dir='ltr'><strong>Deus</strong></span> <span class='ocrx_word' id='word_1_261' title='bbox 833 3147 938 3201; x_wconf 84' lang='lat' dir='ltr'><strong>eutem</strong></span> <span class='ocrx_word' id='word_1_262' title='bbox 959 3157 1027 3208; x_wconf 86' lang='lat' dir='ltr'><strong>nou</strong></span> <span class='ocrx_word' id='word_1_263' title='bbox 1049 3146 1097 3202; x_wconf 88' lang='lat' dir='ltr'><strong>cst</strong></span> <span class='ocrx_word' id='word_1_264' title='bbox 1121 3147 1332 3214; x_wconf 81' lang='lat' dir='ltr'><strong>mortuorum,</strong></span> <span class='ocrx_word' id='word_1_265' title='bbox 1374 3166 1375 3210; x_wconf 76' lang='grc' dir='ltr'><strong>ι</strong></span> 
     </span>
    </p>

    <p class='ocr_par' dir='ltr' id='par_1_19' title="bbox 92 3235 1375 3346">
     <span class='ocr_line' id='line_1_30' title="bbox 92 3235 1375 3346; baseline 0.004 -45"><span class='ocrx_word' id='word_1_266' title='bbox 92 3268 99 3280; x_wconf 87' lang='grc'><em>·</em></span> <span class='ocrx_word' id='word_1_267' title='bbox 136 3295 142 3312; x_wconf 87' lang='grc'><em>,</em></span> <span class='ocrx_word' id='word_1_268' title='bbox 166 3235 224 3302; x_wconf 89' lang='lat' dir='ltr'><strong>sed</strong></span> <span class='ocrx_word' id='word_1_269' title='bbox 245 3237 405 3301; x_wconf 82' lang='lat' dir='ltr'><strong>rivorum:</strong></span> <span class='ocrx_word' id='word_1_270' title='bbox 427 3255 539 3300; x_wconf 87' lang='lat' dir='ltr'><strong>omncs</strong></span> <span class='ocrx_word' id='word_1_271' title='bbox 561 3238 645 3302; x_wconf 90' lang='lat' dir='ltr'><strong>enim</strong></span> <span class='ocrx_word' id='word_1_272' title='bbox 667 3236 857 3302; x_wconf 84' lang='lat' dir='ltr'><strong>illivivunt.</strong></span> <span class='ocrx_word' id='word_1_273' title='bbox 885 3239 938 3304; x_wconf 79' lang='lat'><strong>39.</strong></span> <span class='ocrx_word' id='word_1_274' title='bbox 956 3238 1214 3337; x_wconf 63' lang='lat' dir='ltr'><strong>despondentes</strong></span> <span class='ocrx_word' id='word_1_275' title='bbox 1227 3251 1331 3306; x_wconf 78' lang='lat' dir='ltr'><strong>antem</strong></span> <span class='ocrx_word' id='word_1_276' title='bbox 1374 3285 1375 3346; x_wconf 28' lang='grc' dir='ltr'>ἦ</span> 
     </span>
    </p>

    <p class='ocr_par' dir='ltr' id='par_1_20' title="bbox 166 3329 1375 3428">
     <span class='ocr_line' id='line_1_31' title="bbox 166 3329 1375 3428; baseline 0.002 -23"><span class='ocrx_word' id='word_1_277' title='bbox 166 3339 297 3426; x_wconf 87' lang='lat' dir='ltr'><strong>quidem</strong></span> <span class='ocrx_word' id='word_1_278' title='bbox 323 3335 506 3404; x_wconf 80' lang='lat' dir='ltr'><strong>Scribarum</strong></span> <span class='ocrx_word' id='word_1_279' title='bbox 534 3337 698 3420; x_wconf 90' lang='lat' dir='ltr'><strong>dixerunt,</strong></span> <span class='ocrx_word' id='word_1_280' title='bbox 731 3343 900 3428; x_wconf 75' lang='lat' dir='ltr'><strong>Magister,</strong></span> <span class='ocrx_word' id='word_1_281' title='bbox 921 3329 1018 3408; x_wconf 69' lang='lat' dir='ltr'><strong>‘bene</strong></span> <span class='ocrx_word' id='word_1_282' title='bbox 1044 3340 1162 3408; x_wconf 81' lang='lat' dir='ltr'><strong>dixisti.</strong></span> <span class='ocrx_word' id='word_1_283' title='bbox 1212 3345 1265 3410; x_wconf 82' lang='lat' dir='ltr'><strong>tu.</strong></span> <span class='ocrx_word' id='word_1_284' title='bbox 1291 3343 1332 3407; x_wconf 87' lang='lat' dir='ltr'><strong>Et</strong></span> <span class='ocrx_word' id='word_1_285' title='bbox 1374 3357 1375 3408; x_wconf 81' lang='lat' dir='ltr'><strong>t</strong></span> 
     </span>
    </p>
   </div>
   <div class='ocr_carea' id='block_1_4' title="bbox 166 3433 1099 3534">
    <p class='ocr_par' dir='ltr' id='par_1_21' title="bbox 166 3433 1099 3534">
     <span class='ocr_line' id='line_1_32' title="bbox 166 3433 1099 3534; baseline 0.004 -28"><span class='ocrx_word' id='word_1_286' title='bbox 166 3441 302 3528; x_wconf 82' lang='lat' dir='ltr'><strong>emplius</strong></span> <span class='ocrx_word' id='word_1_287' title='bbox 326 3461 394 3508; x_wconf 92' lang='lat' dir='ltr'><strong>non</strong></span> <span class='ocrx_word' id='word_1_288' title='bbox 416 3439 581 3511; x_wconf 78' lang='lat' dir='ltr'><strong>audebant</strong></span> <span class='ocrx_word' id='word_1_289' title='bbox 602 3465 674 3512; x_wconf 88' lang='lat' dir='ltr'><strong>eum</strong></span> <span class='ocrx_word' id='word_1_290' title='bbox 695 3433 868 3534; x_wconf 80' lang='lat' dir='ltr'><strong>quicquam</strong></span> <span class='ocrx_word' id='word_1_291' title='bbox 888 3441 1099 3532; x_wconf 78' lang='lat' dir='ltr'><strong>interrogare.</strong></span> 
     </span>
    </p>
   </div>
   <div class='ocr_carea' id='block_1_5' title="bbox 41 3777 1375 4398">
    <p class='ocr_par' dir='ltr' id='par_1_22' title="bbox 41 3777 1375 3870">
     <span class='ocr_line' id='line_1_33' title="bbox 41 3777 1375 3870; baseline 0.001 -34"><span class='ocrx_word' id='word_1_292' title='bbox 41 3845 44 3862; x_wconf 49' lang='grc' dir='ltr'>Ι</span> <span class='ocrx_word' id='word_1_293' title='bbox 239 3777 447 3855; x_wconf 84' lang='lat' dir='ltr'><strong>llicridemns‚</strong></span> <span class='ocrx_word' id='word_1_294' title='bbox 467 3792 500 3840; x_wconf 87' lang='lat' dir='ltr'><strong>ut</strong></span> <span class='ocrx_word' id='word_1_295' title='bbox 513 3781 603 3840; x_wconf 85' lang='lat' dir='ltr'><strong>Satsn</strong></span> <span class='ocrx_word' id='word_1_296' title='bbox 623 3781 729 3861; x_wconf 84' lang='lat' dir='ltr'><strong>impios</strong></span> <span class='ocrx_word' id='word_1_297' title='bbox 750 3799 863 3856; x_wconf 85' lang='lat' dir='ltr'><strong>omnes,</strong></span> <span class='ocrx_word' id='word_1_298' title='bbox 883 3779 987 3860; x_wconf 88' lang='lat' dir='ltr'><strong>quibus</strong></span> <span class='ocrx_word' id='word_1_299' title='bbox 1007 3779 1120 3860; x_wconf 75' lang='lat' dir='ltr'><strong>alioqui</strong></span> <span class='ocrx_word' id='word_1_300' title='bbox 1141 3779 1265 3870; x_wconf 63' lang='lat' dir='ltr'><strong>pessime</strong></span> <span class='ocrx_word' id='word_1_301' title='bbox 1278 3778 1330 3838; x_wconf 85' lang='lat' dir='ltr'><strong>in-</strong></span> <span class='ocrx_word' id='word_1_302' title='bbox 1374 3815 1375 3828; x_wconf 41' lang='grc' dir='ltr'><strong>ι</strong></span> 
     </span>
    </p>

    <p class='ocr_par' dir='ltr' id='par_1_23' title="bbox 161 3855 1375 3949">
     <span class='ocr_line' id='line_1_34' title="bbox 161 3855 1375 3949; baseline -0.002 -33"><span class='ocrx_word' id='word_1_303' title='bbox 161 3867 207 3916; x_wconf 84' lang='lat' dir='ltr'><strong>ter</strong></span> <span class='ocrx_word' id='word_1_304' title='bbox 226 3875 257 3917; x_wconf 88' lang='lat' dir='ltr'><strong>se</strong></span> <span class='ocrx_word' id='word_1_305' title='bbox 277 3857 427 3931; x_wconf 72' lang='lat' dir='ltr'><strong>convenit,</strong></span> <span class='ocrx_word' id='word_1_306' title='bbox 446 3857 585 3949; x_wconf 23' lang='lat' dir='ltr'><strong>rdioppu</strong></span> <span class='ocrx_word' id='word_1_307' title='bbox 628 3859 731 3919; x_wconf 82' lang='lat' dir='ltr'><strong>rudem</strong></span> <span class='ocrx_word' id='word_1_308' title='bbox 745 3858 804 3918; x_wconf 83' lang='lat' dir='ltr'><strong>Dei</strong></span> <span class='ocrx_word' id='word_1_309' title='bbox 821 3857 1070 3920; x_wconf 79' lang='lat' dir='ltr'><strong>veritatemsimul</strong></span> <span class='ocrx_word' id='word_1_310' title='bbox 1087 3855 1223 3938; x_wconf 76' lang='lat' dir='ltr'><strong>collegat.</strong></span> <span class='ocrx_word' id='word_1_311' title='bbox 1251 3855 1330 3916; x_wconf 79' lang='lat' dir='ltr'><strong>Nam</strong></span> <span class='ocrx_word' id='word_1_312' title='bbox 1374 3869 1375 3940; x_wconf 61' lang='lat' dir='ltr'><strong>l</strong></span> 
     </span>
    </p>

    <p class='ocr_par' dir='ltr' id='par_1_24' title="bbox 161 3927 1375 4020">
     <span class='ocr_line' id='line_1_35' title="bbox 161 3927 1375 4020; baseline -0.002 -28"><span class='ocrx_word' id='word_1_313' title='bbox 161 3953 250 4011; x_wconf 79' lang='lat' dir='ltr'><strong>qutun</strong></span> <span class='ocrx_word' id='word_1_314' title='bbox 271 3931 383 3994; x_wconf 82' lang='lat' dir='ltr'><strong>duabus</strong></span> <span class='ocrx_word' id='word_1_315' title='bbox 404 3933 465 3994; x_wconf 84' lang='lat' dir='ltr'><strong>istis</strong></span> <span class='ocrx_word' id='word_1_316' title='bbox 480 3945 568 3994; x_wconf 77' lang='lat' dir='ltr'><strong>sectis</strong></span> <span class='ocrx_word' id='word_1_317' title='bbox 604 3935 696 4006; x_wconf 73' lang='lat' dir='ltr'><strong>ostilis</strong></span> <span class='ocrx_word' id='word_1_318' title='bbox 713 3947 790 3997; x_wconf 82' lang='lat' dir='ltr'><strong>esset</strong></span> <span class='ocrx_word' id='word_1_319' title='bbox 802 3934 956 4009; x_wconf 83' lang='lat' dir='ltr'><strong>dissensio,</strong></span> <span class='ocrx_word' id='word_1_320' title='bbox 974 3946 1073 3995; x_wconf 77' lang='lat' dir='ltr'><strong>temen</strong></span> <span class='ocrx_word' id='word_1_321' title='bbox 1087 3935 1228 3995; x_wconf 78' lang='lat' dir='ltr'><strong>adversus</strong></span> <span class='ocrx_word' id='word_1_322' title='bbox 1239 3927 1328 3994; x_wconf 78' lang='lat' dir='ltr'><strong>Chri·</strong></span> <span class='ocrx_word' id='word_1_323' title='bbox 1374 3943 1375 4020; x_wconf 60' lang='lat' dir='ltr'><strong>l</strong></span> 
     </span>
    </p>

    <p class='ocr_par' dir='ltr' id='par_1_25' title="bbox 159 4009 1375 4104">
     <span class='ocr_line' id='line_1_36' title="bbox 159 4009 1375 4104; baseline 0 -38"><span class='ocrx_word' id='word_1_324' title='bbox 159 4020 236 4068; x_wconf 85' lang='lat' dir='ltr'><strong>stum</strong></span> <span class='ocrx_word' id='word_1_325' title='bbox 266 4009 452 4092; x_wconf 80' lang='lat' dir='ltr'><strong>conspirant,</strong></span> <span class='ocrx_word' id='word_1_326' title='bbox 482 4023 515 4070; x_wconf 91' lang='lat' dir='ltr'><strong>ut</strong></span> <span class='ocrx_word' id='word_1_327' title='bbox 531 4009 701 4072; x_wconf 85' lang='lat' dir='ltr'><strong>-Phsriseeis</strong></span> <span class='ocrx_word' id='word_1_328' title='bbox 726 4034 789 4074; x_wconf 90' lang='lat' dir='ltr'><strong>non</strong></span> <span class='ocrx_word' id='word_1_329' title='bbox 815 4010 968 4104; x_wconf 80' lang='lat' dir='ltr'><strong>displiceat</strong></span> <span class='ocrx_word' id='word_1_330' title='bbox 991 4032 1071 4070; x_wconf 85' lang='lat' dir='ltr'><strong>suem</strong></span> <span class='ocrx_word' id='word_1_331' title='bbox 1100 4009 1267 4070; x_wconf 77' lang='lat' dir='ltr'><strong>doctrinam</strong></span> <span class='ocrx_word' id='word_1_332' title='bbox 1296 4009 1328 4066; x_wconf 89' lang='lat' dir='ltr'><strong>in</strong></span> <span class='ocrx_word' id='word_1_333' title='bbox 1374 4059 1375 4092; x_wconf 31' lang='lat' dir='ltr'><strong>q</strong></span> 
     </span>
    </p>

    <p class='ocr_par' dir='ltr' id='par_1_26' title="bbox 161 4083 1375 4175">
     <span class='ocr_line' id='line_1_37' title="bbox 161 4083 1375 4175; baseline 0.009 -32"><span class='ocrx_word' id='word_1_334' title='bbox 161 4083 272 4175; x_wconf 65' lang='lat' dir='ltr'><strong>Qhristi</strong></span> <span class='ocrx_word' id='word_1_335' title='bbox 291 4101 418 4166; x_wconf 82' lang='lat' dir='ltr'><strong>persons</strong></span> <span class='ocrx_word' id='word_1_336' title='bbox 439 4090 616 4169; x_wconf 82' lang='lat' dir='ltr'><strong>oppugnari.</strong></span> <span class='ocrx_word' id='word_1_337' title='bbox 655 4089 700 4150; x_wconf 81' lang='lat' dir='ltr'><strong>lte</strong></span> <span class='ocrx_word' id='word_1_338' title='bbox 723 4088 815 4150; x_wconf 85' lang='lat' dir='ltr'><strong>lrodie</strong></span> <span class='ocrx_word' id='word_1_339' title='bbox 838 4089 968 4149; x_wconf 84' lang='lat' dir='ltr'><strong>vrdemus</strong></span> <span class='ocrx_word' id='word_1_340' title='bbox 993 4108 1097 4148; x_wconf 86' lang='lat' dir='ltr'><strong>omnes</strong></span> <span class='ocrx_word' id='word_1_341' title='bbox 1117 4087 1250 4148; x_wconf 75' lang='lat' dir='ltr'><strong>Satanae</strong></span> <span class='ocrx_word' id='word_1_342' title='bbox 1273 4105 1330 4174; x_wconf 66' lang='lat'><strong>⁰9·</strong></span> <span class='ocrx_word' id='word_1_343' title='bbox 1374 4105 1375 4154; x_wconf 82' lang='lat' dir='ltr'><strong>l</strong></span> 
     </span>
    </p>

    <p class='ocr_par' dir='ltr' id='par_1_27' title="bbox 158 4163 1375 4296">
     <span class='ocr_line' id='line_1_38' title="bbox 158 4163 1375 4296; baseline -0.001 -76"><span class='ocrx_word' id='word_1_344' title='bbox 158 4179 238 4296; x_wconf 51' lang='lat' dir='ltr'><strong>ges,</strong></span> <span class='ocrx_word' id='word_1_345' title='bbox 262 4165 392 4242; x_wconf 78' lang='lat' dir='ltr'><strong>quamvis</strong></span> <span class='ocrx_word' id='word_1_346' title='bbox 412 4163 523 4245; x_wconf 80' lang='lat' dir='ltr'><strong>alioqui</strong></span> <span class='ocrx_word' id='word_1_347' title='bbox 544 4165 618 4226; x_wconf 82' lang='lat' dir='ltr'><strong>alise</strong></span> <span class='ocrx_word' id='word_1_348' title='bbox 638 4165 701 4226; x_wconf 78' lang='lat' dir='ltr'><strong>aliis</strong></span> <span class='ocrx_word' id='word_1_349' title='bbox 721 4165 887 4227; x_wconf 77' lang='lat' dir='ltr'><strong>contrariae</strong></span> <span class='ocrx_word' id='word_1_350' title='bbox 907 4165 980 4242; x_wconf 85' lang='lat' dir='ltr'><strong>sint,</strong></span> <span class='ocrx_word' id='word_1_351' title='bbox 1008 4164 1142 4244; x_wconf 89' lang='lat' dir='ltr'><strong>undique</strong></span> <span class='ocrx_word' id='word_1_352' title='bbox 1167 4175 1268 4226; x_wconf 71' lang='lat' dir='ltr'><strong>umen</strong></span> <span class='ocrx_word' id='word_1_353' title='bbox 1297 4183 1329 4220; x_wconf 89' lang='lat' dir='ltr'><strong>m</strong></span> <span class='ocrx_word' id='word_1_354' title='bbox 1374 4183 1375 4214; x_wconf 76' lang='lat' dir='ltr'><strong>t</strong></span> 
     </span>
    </p>

    <p class='ocr_par' dir='ltr' id='par_1_28' title="bbox 156 4235 1375 4398">
     <span class='ocr_line' id='line_1_39' title="bbox 188 4235 1375 4323; baseline -0.003 -24"><span class='ocrx_word' id='word_1_355' title='bbox 188 4235 310 4308; x_wconf 77' lang='lat' dir='ltr'><strong>hristum</strong></span> <span class='ocrx_word' id='word_1_356' title='bbox 328 4240 491 4323; x_wconf 83' lang='lat' dir='ltr'><strong>insurgere.</strong></span> <span class='ocrx_word' id='word_1_357' title='bbox 529 4243 571 4303; x_wconf 89' lang='lat' dir='ltr'><strong>Et</strong></span> <span class='ocrx_word' id='word_1_358' title='bbox 593 4255 651 4303; x_wconf 82' lang='lat' dir='ltr'><strong>tem</strong></span> <span class='ocrx_word' id='word_1_359' title='bbox 676 4242 786 4320; x_wconf 81' lang='lat' dir='ltr'><strong>infesto</strong></span> <span class='ocrx_word' id='word_1_360' title='bbox 812 4243 884 4304; x_wconf 90' lang='lat' dir='ltr'><strong>odio</strong></span> <span class='ocrx_word' id='word_1_361' title='bbox 907 4239 945 4306; x_wconf 76' lang='lat' dir='ltr'><strong>fla</strong></span> <span class='ocrx_word' id='word_1_362' title='bbox 968 4253 1035 4304; x_wconf 81' lang='lat' dir='ltr'><strong>rent</strong></span> <span class='ocrx_word' id='word_1_363' title='bbox 1053 4241 1096 4302; x_wconf 82' lang='lat' dir='ltr'><strong>Pe</strong></span> <span class='ocrx_word' id='word_1_364' title='bbox 1118 4242 1196 4302; x_wconf 80' lang='lat' dir='ltr'><strong>istae</strong></span> <span class='ocrx_word' id='word_1_365' title='bbox 1222 4249 1328 4300; x_wconf 73' lang='lat' dir='ltr'><strong>contu</strong></span> <span class='ocrx_word' id='word_1_366' title='bbox 1374 4257 1375 4288; x_wconf 78' lang='lat' dir='ltr'><strong>t</strong></span> 
     </span>
     <span class='ocr_line' id='line_1_40' title="bbox 156 4261 1327 4398; baseline 0 -28"><span class='ocrx_word' id='word_1_367' title='bbox 156 4311 363 4396; x_wconf 83' lang='lat' dir='ltr'><strong>Evangelium‚</strong></span> <span class='ocrx_word' id='word_1_368' title='bbox 380 4328 415 4376; x_wconf 90' lang='lat' dir='ltr'><strong>ut</strong></span> <span class='ocrx_word' id='word_1_369' title='bbox 433 4317 607 4398; x_wconf 72' lang='lat' dir='ltr'><strong>Epicureos,</strong></span> <span class='ocrx_word' id='word_1_370' title='bbox 626 4317 807 4394; x_wconf 85' lang='lat' dir='ltr'><strong>Libertinos,</strong></span> <span class='ocrx_word' id='word_1_371' title='bbox 828 4331 858 4380; x_wconf 85' lang='lat' dir='ltr'><strong>et</strong></span> <span class='ocrx_word' id='word_1_372' title='bbox 877 4317 932 4378; x_wconf 84' lang='lat' dir='ltr'><strong>elia</strong></span> <span class='ocrx_word' id='word_1_373' title='bbox 947 4261 1119 4380; x_wconf 67' lang='lat' dir='ltr'><strong>istiusmodi</strong></span> <span class='ocrx_word' id='word_1_374' title='bbox 1136 4327 1276 4398; x_wconf 76' lang='lat' dir='ltr'><strong>portenta</strong></span> <span class='ocrx_word' id='word_1_375' title='bbox 1288 4313 1327 4372; x_wconf 91' lang='lat' dir='ltr'><strong>li-</strong></span> 
     </span>
    </p>
   </div>
   <div class='ocr_carea' id='block_1_6' title="bbox 51 4385 1375 4490">
    <p class='ocr_par' dir='ltr' id='par_1_29' title="bbox 51 4385 1375 4490">
     <span class='ocr_line' id='line_1_41' title="bbox 51 4385 1375 4490; baseline 0.011 -49"><span class='ocrx_word' id='word_1_376' title='bbox 51 4409 76 4490; x_wconf 17' lang='grc'><strong>’1</strong></span> <span class='ocrx_word' id='word_1_377' title='bbox 158 4385 267 4448; x_wconf 84' lang='lat' dir='ltr'><strong>beuter</strong></span> <span class='ocrx_word' id='word_1_378' title='bbox 286 4389 416 4466; x_wconf 81' lang='lat' dir='ltr'><strong>foveant,</strong></span> <span class='ocrx_word' id='word_1_379' title='bbox 435 4395 526 4456; x_wconf 88' lang='lat' dir='ltr'><strong>modo</strong></span> <span class='ocrx_word' id='word_1_380' title='bbox 547 4397 584 4457; x_wconf 84' lang='lat' dir='ltr'><strong>ed</strong></span> <span class='ocrx_word' id='word_1_381' title='bbox 603 4395 675 4457; x_wconf 90' lang='lat' dir='ltr'><strong>illud</strong></span> <span class='ocrx_word' id='word_1_382' title='bbox 695 4395 931 4459; x_wconf 75' lang='lat' dir='ltr'><strong>labefactandum</strong></span> <span class='ocrx_word' id='word_1_383' title='bbox 939 4407 1061 4460; x_wconf 80' lang='lat' dir='ltr'><strong>utentur</strong></span> <span class='ocrx_word' id='word_1_384' title='bbox 1072 4395 1116 4458; x_wconf 80' lang='lat' dir='ltr'><strong>tis</strong></span> <span class='ocrx_word' id='word_1_385' title='bbox 1130 4391 1330 4458; x_wconf 67' lang='lat' dir='ltr'><strong>adiutoribus</strong></span> <span class='ocrx_word' id='word_1_386' title='bbox 1374 4435 1375 4484; x_wconf 60' lang='lat' dir='ltr'><strong>q</strong></span> 
     </span>
    </p>
   </div>
   <div class='ocr_carea' id='block_1_7' title="bbox 0 0 1382 4838">
    <p class='ocr_par' dir='ltr' id='par_1_30' title="bbox 0 0 1382 4838">
     <span class='ocr_line' id='line_1_42' title="bbox 0 0 1382 4838; baseline 0 2"><span class='ocrx_word' id='word_1_387' title='bbox 0 0 1382 4838; x_wconf 95' lang='lat' dir='ltr'><strong> </strong></span> 
     </span>
    </p>
   </div>
  </div>
 </body>
</html>
