2778 4838
135 259 196 328 tta
235 329 237 334 ,
418 227 542 312 ‘sucu
560 247 626 308 XV.
664 259 756 320 rusus
776 259 820 305 ar
839 255 1020 308 amomum.

29 433 32 444 ·
133 417 173 470 ,et
188 406 287 468 snrctu
300 401 434 464 Christus
453 421 533 462 snam
554 399 717 462 doctrinam
737 397 901 460 confirmat.
921 397 1028 480 Neque
1049 397 1128 459 euim
1148 417 1241 479 parva
1258 419 1308 461 res

139 493 206 559 est,
230 483 355 545 animam
375 479 502 538 Satanae
520 477 714 568 mancipatam
733 476 802 536 Deo
828 475 991 568 acquirere.
1031 476 1121 536 Unde
1141 488 1242 540 antem
1262 477 1308 552 lit,

139 571 255 619 utnon
276 575 362 648 saepe
382 555 555 645 resipiscant
572 575 622 632 qus
632 552 706 632 lapsi
718 563 797 626 sunt,
816 553 873 612 nist
894 551 962 646 quia
982 553 1085 613 odiose
1106 563 1136 612 et
1156 552 1310 614 hostiliter

139 635 235 698 vexati
255 633 461 694 obstruatioms
482 630 586 691 callum
607 629 661 689 sibi
681 628 854 690 obducunt?
893 631 936 702 lsr
959 629 1066 690 onibil
1078 629 1308 690 mansuetudine

142 713 255 794 aptius,
281 729 355 789 quac
374 708 443 767 Deo
464 705 653 778 reconciliat,
678 705 728 784 qui
748 703 785 766 ab
808 725 845 765 eo
866 649 1042 766 exciderant.
1082 705 1146 780 Qui
1164 727 1241 766 vero
1261 707 1309 766 in-

133 797 343 868 temperanter
361 784 422 844 ruit
440 784 471 843 in
490 781 611 842 stultum
631 781 779 856 savorem,
797 803 811 841 s
834 794 904 842 onte
924 781 1073 842 fraternae
1088 782 1202 856 salutis,
1244 804 1309 842 uam

140 865 174 924 in
193 885 280 924 manu
301 859 438 934 babebat,
458 860 597 920 iacturam
616 859 696 918 lacit.
733 803 831 938 Apud
843 859 958 920 hum
983 857 1090 918 diserte
1117 859 1203 920 iubet
1220 804 1309 922 dhri-

141 954 213 1013 stus,
232 959 287 999 nos
300 939 412 1018 privata
424 935 634 1018 obiurgatione
651 956 713 996 esse
734 947 901 1009 contentos,
920 937 943 995 si
963 935 1000 996 ad
1019 935 1238 1014 poenitentiam
1258 937 1312 996 ad-

138 1018 247 1078 ductus
266 1016 304 1076 sit
323 1015 423 1074 frater.
462 1013 542 1072 Hinc
562 1012 650 1072 etiam
671 1012 838 1095 colligitur,
861 1033 946 1094 quam
967 1012 1131 1072 necessaria
1151 1013 1190 1073 sit
1208 1023 1309 1072 mutua

141 1093 221 1155 inter
239 1091 340 1154 fideles
359 1089 623 1172 reprehensionum
644 1088 773 1150 libertas.
797 1090 871 1148 Nam
886 1111 975 1168 quum
988 1109 1036 1148 sae
1060 1089 1103 1148 ius
1116 1089 1239 1170 quisque
1250 1109 1310 1148 no-

141 1184 234 1232 strum
276 1167 386 1228 uotidie
407 1165 574 1246 delinquat,
593 1165 658 1246 plus
679 1187 765 1245 quarn
785 1165 905 1228 crudele
925 1178 983 1238 est,
1008 1109 1128 1225 sildntio
1147 1175 1250 1225 nostro
1271 1185 1308 1226 ac

143 1189 375 1310 dissimilatione
395 1244 523 1322 prodere
543 1263 646 1302 eorum
666 1243 805 1316 salutem,
833 1263 907 1323 quos
928 1243 1019 1304 amica
1039 1241 1245 1323 obiurgatione
1265 1243 1305 1302 ab

142 1324 265 1386 interitu
285 1322 401 1402 eripere
421 1319 532 1380 liceret.
571 1321 646 1379 Nam
667 1319 721 1379 etsi
739 1339 801 1378 nou
821 1341 937 1399 semper
955 1317 1095 1392 succedit,
1116 1319 1196 1400 gravi
1208 1330 1309 1378 tamen

142 1413 228 1464 reatu
256 1397 387 1460 coustriu
412 1395 484 1471 itur,
517 1395 567 1475 qui
592 1396 623 1454 in
649 1395 925 1456 curandatsratrum
945 1395 1038 1457 salute
1057 1396 1271 1476 praescriptum
1293 1415 1311 1455 a

142 1476 276 1540 Domino
296 1495 377 1534 reme
399 1495 459 1532 rum
478 1472 618 1608 uefiglexit.
656 1472 769 1532 Notato
789 1492 910 1552 quoque
930 1473 1051 1555 dignum
1073 1481 1127 1544 est,
1148 1473 1228 1550 quod
1241 1471 1311 1530 Do-

142 1557 249 1626 minus,
268 1564 302 1612 ut
313 1551 405 1633 magis
419 1551 455 1610 ad
475 1551 511 1608 ol
531 1549 606 1609 cium
618 1549 730 1608 strenui
741 1549 839 1622 simus,
858 1571 941 1609 suum
953 1549 1040 1610 nobis
1053 1547 1201 1608 bonorem
1214 1559 1311 1608 trans-

143 1631 257 1692 scribit.
314 1629 419 1705 Neque
445 1626 523 1685 enim
549 1625 697 1684 bominem
724 1635 897 1686 convertere
924 1627 955 1685 in
974 1626 1061 1686 alium
1082 1645 1170 1706 quam
1191 1624 1222 1683 iu
1244 1645 1311 1684 eum

142 1707 240 1770 solum
260 1704 417 1784 competit:
448 1703 505 1762 boc
522 1711 624 1760 tamen
642 1700 744 1783 elogio
770 1701 842 1762 licet
860 1701 995 1764 indebito
1015 1723 1071 1762 nos
1092 1712 1197 1778 ornat,
1230 1703 1311 1782 quod

142 1785 265 1846 fratrem
285 1781 432 1860 perdittnu
452 1776 656 1838 lucrifacimus.

221 1865 269 1925 16.
307 1856 344 1915 Sa·
366 1867 393 1914 te
415 1875 476 1914 nost
499 1851 637 1926 madiesit,
666 1850 770 1915 adli&
792 1868 891 1916 unum
941 1853 1095 1916 Secundus
1119 1854 1230 1936 gradus
1258 1865 1312 1930 est,

144 1955 253 2026 nempe
272 1943 306 1992 ut
324 1931 447 1992 testibus
466 1931 664 2010 interpositis,
687 1953 802 1991 rursum
820 1941 994 2006 moneatur,
1022 1931 1073 2010 qui
1092 1951 1125 1990 se
1141 1931 1312 2022 praefracte

143 2022 238 2096 gessit
256 2027 326 2091 erga
346 2008 496 2068 homiuem
525 2025 632 2080 unum,
661 2006 709 2067 vel
732 2008 829 2069 minus
853 2009 909 2070 luit
935 2008 1046 2070 docilis.
1087 2006 1247 2068 Obuciuttt
1266 2009 1312 2068 bic

147 2088 284 2180 quidam,
305 2085 412 2144 frustra
431 2082 533 2144 vocari
552 2095 653 2158 testes,
672 2084 697 2143 si
716 2105 782 2144 cnm
803 2086 924 2146 bomine
945 2085 1019 2145 duro
1040 2095 1071 2144 et
1089 2083 1198 2144 rebelli
1218 2105 1313 2168 nego-

143 2175 219 2226 trum
232 2173 291 2222 ests
311 2161 378 2242 quia
390 2161 465 2222 adeo
486 2180 549 2220 non
568 2161 706 2220 flectetur
724 2160 842 2222 illorum
862 2173 1024 2254 conspectu
1042 2162 1079 2221 ad
1100 2162 1147 2220 cul
1172 2183 1208 2221 ae
1228 2163 1314 2244 agni-

142 2243 275 2332 pionem,
313 2250 347 2297 ut
365 2235 528 2328 improbius
547 2249 648 2320 neget
696 2237 758 2297 Sed
783 2237 876 2298 facilis
901 2251 959 2298 errt
983 2237 1066 2298 huius
1091 2183 1169 2298 nodi
1192 2239 1313 2314 solutio,

145 2318 172 2380 si
190 2317 270 2376 inter
288 2315 418 2398 negandi
443 2325 474 2374 ct
496 2313 709 2394 tergiversandi
734 2315 848 2394 species
875 2315 1043 2398 distinguas.
1090 2314 1152 2389 Qui
1179 2316 1312 2395 praecise

145 2394 257 2456 factuam
276 2391 434 2464 inficiatur,
453 2411 542 2470 seque
555 2391 628 2453 lalso
643 2401 674 2449 ct
688 2391 867 2452 calumniose
880 2392 994 2482 gravari
1014 2389 1151 2466 affirmat,
1169 2393 1315 2453 'omitten-

145 2472 203 2532 dus
223 2479 281 2544 est,
312 2469 379 2548 quia
398 2467 505 2530 frustra
525 2466 647 2529 testibus
665 2469 776 2530 vocatis
796 2467 959 2548 urgebatur.
997 2468 1059 2528 Sed
1079 2469 1148 2546 quia
1168 2469 1317 2550 plerique,

148 2548 229 2628 quod
242 2567 406 2627 ‘perperam
425 2557 456 2606 et
474 2544 576 2624 inique
595 2543 633 2603 ab
653 2544 722 2623 ipsis
741 2545 852 2604 lactum
873 2557 931 2619 est,
959 2556 1099 2624 proterve
1120 2545 1248 2606 cludunt
1266 2547 1315 2607 vel

147 2624 337 2706 impudenter
356 2631 509 2695 excusant,
540 2622 636 2681 donec
656 2620 752 2680 maior
770 2623 892 2682 accedat
910 2621 1085 2697 auctoritas,
1110 2622 1226 2682 utiliter
1245 2644 1277 2684 er

151 2722 204 2763 eos
224 2699 397 2762 observatur
415 2699 489 2759 baec
508 2698 594 2758 ratio.
633 2697 731 2757 Porro
750 2697 792 2758 sic
812 2697 922 2758 debere
939 2697 1066 2780 intelligi
1078 2697 1192 2758 Christi
1201 2719 1316 2762 sermo-

146 2797 233 2852 uem,
264 2797 298 2836 ex
322 2774 417 2836 verbo
442 2773 585 2850 urguendi
603 2773 706 2852 liquet
744 2776 880 2858 Arguere
900 2786 945 2835 est
964 2773 1221 2836 demonstratione
1241 2798 1315 2838 con-

148 2854 277 2918 vincere.
318 2851 480 2927 Quomodo
500 2862 597 2910 antem
618 2869 788 2932 arguerem,
808 2852 858 2942 qui
878 2852 986 2912 acriter
1004 2861 1097 2910 totam
1118 2871 1182 2912 rem
1204 2875 1314 2934 perne-

148 2929 220 3014 gat?
239 2949 305 2988 nam
326 2926 376 3006 qui
395 2925 476 2984 nulla
497 2926 596 2986 fronte
616 2926 770 2986 admissum
790 2947 899 2988 crimen
920 2939 1019 3008 negat,
1041 2930 1190 2989 secundae
1211 2931 1316 2991 admo·

149 3004 260 3066 nitioni
278 3004 356 3066 viam
374 3000 548 3082 praecludit.
586 3003 673 3062 Nunc
692 3013 837 3078 tenemus,
856 3005 887 3064 iu
908 3025 995 3083 quem
1015 3026 1098 3065 usum
1117 3015 1210 3066 testes
1231 3009 1316 3068 adbi-

148 3082 215 3144 beri
236 3079 369 3141 Christus
388 3077 474 3151 velit,
505 3090 539 3137 ιιι
562 3078 675 3139 scilicet
693 3079 757 3158 plus
775 3081 918 3171 ponderis
939 3080 1046 3141 babeat
1064 3081 1220 3173 magisque
1240 3085 1315 3145 seria

149 3159 189 3220 sit
207 3154 380 3216 admonitio.
427 3153 584 3215 Caeterum
606 3155 686 3234 quod
706 3157 797 3216 Musas
817 3157 906 3216 verba
926 3157 1015 3238 paulo
1035 3157 1065 3217 in
1086 3159 1174 3218 altum
1196 3181 1315 3220 sensum

151 3233 279 3308 deflexit,
297 3232 329 3291 in
351 3251 388 3292 eo
408 3231 483 3290 nibil
503 3244 548 3292 est
566 3232 691 3292 absurdi.
731 3235 820 3293 Vetat
830 3234 927 3294 Moses
949 3235 1134 3314 pronuntiari
1155 3236 1193 3296 de
1214 3258 1249 3297 re
1269 3238 1315 3296 in·

150 3331 187 3371 co
210 3308 280 3368 nita.
319 3309 407 3368 Hunc
425 3327 498 3368 vero
519 3308 681 3392 legitimum
701 3309 850 3389 probandi
864 3311 985 3371 modum
999 3311 1112 3386 delinit,
1130 3323 1164 3370 ut
1185 3313 1313 3374 duorum

148 3329 306 3449 veltrium
324 3385 496 3445 testimonio
515 3397 617 3446 stetur.
657 3384 791 3446 Christus
804 3387 840 3446 ad
861 3407 924 3448 eam
944 3387 971 3448 le
995 3407 1041 3447 em
1060 3387 1207 3464 alludens,
1226 3391 1314 3470 liqui-

150 3463 218 3524 dam
237 3462 429 3522 lorecausam
441 3461 522 3536 dicit,
541 3462 594 3522 ubi
614 3463 672 3522 duo
691 3462 740 3522 vel
759 3473 819 3522 tres
837 3474 925 3524 testes
945 3485 959 3522 a
1002 3465 1197 3526 damnandam
1217 3467 1313 3528 bomi-

148 3540 196 3600 nis
216 3539 430 3600 contumaciam
449 3551 586 3622 surgent,
616 3538 718 3598 saltem
744 3549 777 3598 ut
801 3552 914 3600 matura
933 3540 971 3600 sit
990 3541 1142 3601 Ecclesiae
1169 3543 1309 3626 cognitio.

149 3619 256 3698 Neque
269 3616 348 3676 enirn
365 3616 431 3689 erit,
451 3635 552 3676 curse
572 3615 601 3674 in
622 3615 718 3674 lucem
738 3627 918 3695 protractum
939 3629 1088 3698 queratur,
1108 3618 1160 3696 qui
1182 3616 1309 3680 duosrel

149 3705 211 3756 tres
229 3693 329 3753 audire
350 3692 461 3752 abnuit.
500 3691 561 3752 Dte
576 3689 732 3755 Eedssiae
773 3691 944 3769 Quaeritur,
985 3695 1033 3754 uid
1052 3715 1107 3774 per
1128 3695 1311 3758 nornen&-

148 3771 253 3834 ἀρείω
271 3769 425 3852 intelligat.
462 3769 539 3828 Nam
550 3767 657 3828 Paulus
676 3769 715 3846 (l.
728 3767 838 3844 Confi,
850 3777 878 3836 5.
890 3771 934 3848 6.)
956 3715 983 3832 ὃ

149 3869 214 3910 nou
225 3847 263 3907 ab
276 3847 376 3927 aliquo
390 3845 506 3908 delecto
517 3865 653 3920 numero,
672 3847 759 3905 seda
779 3857 846 3906 toto
865 3845 982 3926 piorum
1003 3851 1091 3907 coetu
1111 3849 1313 3910 excommuni-

149 3925 211 3986 cari
231 3923 327 3984 iubet:
346 3923 474 4012 ideoque
492 3920 649 4001 probabile
668 3923 762 3982 videri
772 3935 893 4058 posset,
912 3923 1051 3985 iudicium
1068 3923 1116 3984 bic
1128 3927 1187 3986 toti
1198 3925 1311 4008 populo

151 4001 270 4061 deferri.
310 3999 370 4060 Sed
390 4020 457 4080 quta
476 4009 547 4057 tunc
566 3998 646 4057 nulla
666 3999 760 4060 adbuc
789 3998 903 4060 eclesia
924 4013 996 4076 erat,
1037 4021 1091 4060 uae
1109 4000 1236 4063 Christo
1257 4023 1312 4063 uo·

126 4087 219 4136 *men
241 4076 378 4150 dedisset,
396 4095 453 4135 nec
471 4073 536 4133 talis
549 4074 624 4134 ratio
639 4075 808 4150 constituta,
827 4076 891 4156 ipse
902 4089 998 4138 autem
1010 4021 1157 4138 domiuus
1171 4081 1311 4161 tauquam

151 4153 189 4212 de
207 4172 291 4212 more
311 4153 417 4212 usitato
436 4161 559 4232 recepto
580 4171 617 4211 uc
635 4151 777 4231 loquitur,
795 4173 857 4213 non
878 4153 999 4214 dubium
1019 4166 1073 4228 est,
1093 4155 1166 4234 quin
1181 4157 1219 4216 ad
1231 4169 1310 4218 vete-

149 4227 192 4289 ris
211 4227 360 4288 Ecclesiae
379 4229 515 4289 ordinem
534 4172 659 4303 alludat,
678 4228 763 4288 sicuti
783 4239 814 4289 et
832 4229 895 4290 aliis
914 4229 987 4291 locis
1007 4231 1044 4292 ad
1064 4233 1311 4293 consuetudinem

150 4313 253 4363 notam
272 4305 475 4366 accommodat
494 4325 670 4366 sermonem.
691 4304 792 4379 Quum
804 4305 888 4366 iubet
901 4327 1016 4381 munus,
1056 4308 1117 4368 uod
1132 4309 1308 4370 olserrevo-

149 4379 254 4457 lomus,
272 4377 401 4476 relinqui
415 4381 452 4442 ad
462 4381 564 4460 altare,
582 4381 679 4444 donec
691 4381 809 4446 olienso
822 4381 905 4445 lratri
917 4328 1146 4447 reconciliemur
1154 4385 1309 4468 (Mateta,

984 3770 1146 3831 orintbium
1167 3775 1310 3834 incestum
