2764 4846
381 228 519 324 ¹(²··h·
544 225 676 334 Angelus
696 225 882 303 Zachariae.)
960 255 966 267 ·
1182 227 1204 290 9

55 397 106 460 quo
126 376 282 442 truantur
298 376 359 440 soli
379 389 533 460 parentes,
564 379 613 442 set
632 377 714 462 quod
731 399 763 440 se
783 377 903 460 prisau's
922 373 1084 472 parietibus
1104 377 1202 440 coutiss
1280 363 1307 388 ”⁴

56 467 127 528 ucat,
145 457 207 518 sed
231 454 388 518 extrancis
402 457 671 532 etiamcommune,
690 456 727 517 ad
747 476 821 535 quos
840 453 1000 516 nativitatis
1020 453 1130 514 fructus
1171 475 1202 514 a·

55 531 134 592 tebit.
178 531 325 593 Perinde
346 551 421 614 ergo
443 543 488 592 est
506 533 564 594 acsi
581 533 694 596 diceret
708 531 850 615 Angelus,
869 551 931 594 non
951 529 1003 590 uni
1021 540 1135 589 tantum
1147 475 1204 590 da-

54 609 170 670 rhariae
184 608 495 684 naseiturumfilium,
513 609 740 671 sedDoctorem
760 608 816 668 toti
836 607 949 688 populo
968 603 1210 686 acProphetam.·

55 685 144 746 hbusi
164 695 248 746 sunt
269 684 419 746 hocloco
439 685 592 777 Papistae,
617 695 650 746 ut
669 683 825 766 profanum
844 703 958 744 morem
977 681 1155 744 inducerent
1172 682 1205 742 in

54 759 246 822 celebrando
260 760 385 820 Ioannis
399 761 500 826 natalr.
526 763 594 822 Hoc
607 761 723 836 omitto,
744 761 823 852 quod
835 759 970 851 tripudiis
990 771 1022 819 et
1038 757 1205 818 saltationi·

56 837 105 896 hus
123 858 161 898 ac
183 857 287 898 omne
308 857 402 920 genus
420 836 556 912 lasciviis,
576 837 758 899 comessandi
778 835 898 898 licentra
916 835 1002 896 nimis
1012 846 1206 916 praepostere
1255 872 1260 888 ι.

56 913 128 972 diem
149 913 284 988 colunt,
317 932 407 991 quem
431 913 628 998 finguutsibi
651 933 765 976 sacrum
785 933 863 989 esse,
892 913 953 972 imo
979 911 1060 990 quod
1083 911 1206 996 magicis

58 989 165 1050 aru'bus
188 1001 226 1050 et
247 986 406 1050 diabolicis
422 989 593 1082 praestigiis
613 991 644 1052 in
665 1009 702 1050 eo
722 989 778 1050 sibi
799 990 900 1050 ludere
920 979 1119 1126 permittunt,
1140 1007 1205 1050 uon

58 1082 134 1126 secus
154 1077 190 1126 at
215 1086 257 1126 ue
278 1065 312 1124 in
325 1061 445 1126 Cereris
464 1067 619 1147 mysteriis.
643 1066 680 1126 Iu
700 1065 865 1146 praesentia
877 1065 916 1124 mi
939 1065 1206 1126 ibreviterosteu-

59 1143 125 1202 dere
144 1163 181 1203 su
222 1142 277 1216 cit,
297 1141 408 1224 Angeli
428 1143 519 1203 verba
539 1142 646 1204 insulse
665 1139 703 1202 ab
722 1139 780 1202 illis
800 1141 933 1222 torqueri
952 1142 990 1202 acl
1009 1163 1134 1202 annuam
1145 1141 1206 1206 diei

60 1217 160 1280 natalis
182 1217 350 1292 laetitiam,
376 1239 471 1356 puram
496 1219 670 1300 simpliciter
695 1217 833 1300 gaudium
858 1217 1047 1279 commendet
1063 1219 1207 1318 Angelus,

60 1296 137 1374 quod
156 1295 374 1358 redituruma
424 1311 526 1355 omues
551 1296 617 1376 pios
644 1305 708 1355 erat
733 1314 767 1353 ex
786 1293 883 1354 smctu
902 1294 1064 1354 doetrinae.
1103 1293 1208 1356 (revisi

61 1373 137 1432 enisu
158 1383 252 1444 suut,
285 1379 385 1430 nauum
404 1371 463 1432 sibi
482 1391 546 1433 esse
565 1371 763 1453 Prophetam,
792 1369 874 1430 cuius
897 1368 1063 1432 ministerio
1087 1371 1206 1434 adducti

63 1458 129 1508 mut
149 1447 185 1508 in
207 1467 295 1526 spem
313 1445 425 1512 salutis.

135 1531 188 1590 1&
230 1521 302 1582 Eris
330 1527 407 1582 eadm
434 1545 566 1601 nurgum.
611 1521 776 1585 Confirmat
805 1521 886 1604 quod
918 1521 991 1582 dixit
1022 1519 1059 1582 de
1109 1522 1209 1598 audio,

63 1601 129 1680 quia
151 1601 193 1662 ad
214 1619 280 1668 reru
298 1612 487 1684 magnamet
504 1599 655 1661 insolitam
675 1598 836 1660 destinatus
856 1610 920 1659 erat
939 1599 1077 1659 Ioannes.
1131 1618 1208 1680 eque

65 1677 143 1738 euim
164 1676 217 1736 hic
237 1689 299 1736 tam
317 1675 475 1738 laudantur
493 1677 615 1738 virtutes
636 1675 741 1756 quibus
763 1673 908 1749 excelluit,
928 1695 1015 1767 quam
1033 1675 1208 1758 magnitudo
1271 1665 1277 1688 '

66 1765 95 1814 et
112 1752 296 1814 excellentia
317 1753 410 1812 officii
432 1753 593 1815 extollitur:
614 1753 858 1834 quemadmodum
877 1750 1010 1814 Chmstru
1029 1752 1208 1828 (matth-11,

65 1833 139 1908 11.)‚
158 1831 233 1890 dum
255 1830 532 1910 praestantissimum
551 1831 632 1892 inter
648 1829 725 1890 filios
744 1828 898 1889 mulierum
916 1849 979 1890 esse
990 1829 1125 1902 affirmat,
1144 1849 1208 1890 nou

66 1917 125 1966 taus
145 1907 186 1966 ad
206 1905 434 1966 sanctimoniam
452 1908 545 1980 vitae,
568 1927 655 1986 quam
675 1907 712 1966 ad
729 1905 923 1966 ministerium
942 1906 1072 1986 respicit
1114 1905 1209 1980 Quod

69 1984 219 2044 continuo
240 1993 309 2062 post
327 1983 477 2061 sequitur,
498 1985 596 2042 massan
614 1997 640 2043 st
656 1985 779 2044 &mom
794 2003 854 2042 nos
872 1981 959 2057 hiber,
987 2003 1049 2044 uon
1069 1983 1110 2043 ita
1129 1983 1208 2046 acci-

70 2061 214 2141 piendum
236 2070 292 2133 est,
312 2059 395 2138 quasi
416 2060 573 2141 praecipua
594 2059 683 2120 suerit
698 2058 931 2134 Ioannisrirtus,
952 2079 1013 2119 esse
1024 2059 1210 2134 abstemium,

69 2137 121 2196 sed
140 2136 221 2216 ,quia
248 2134 305 2195 hoc
334 2137 498 2215 conspicuo
527 2135 664 2217 symbolo
692 2155 808 2196 sertum
838 2155 921 2196 suum
945 2135 1089 2218 insignire
1112 2135 1210 2197 voluit

71 2212 172 2288 Deus,
203 2211 283 2272 unde
302 2211 429 2272 mundus
449 2224 623 2294 perpetuum
641 2210 823 2272 Nazaraeum
843 2223 1027 2295 agnosceret.
1065 2211 1209 2274 Abstine·
1269 2273 1273 2294 ,

72 2287 146 2348 haut
173 2287 264 2348 etiam
291 2297 323 2348 et
346 2289 515 2349 sacerdotes
540 2289 647 2352 avino
674 2298 705 2348 et
729 2289 839 2363 sicera,
869 2309 957 2367 quum
985 2307 1050 2348 suas
1073 2288 1153 2352 vices
1177 2289 1233 2350 iu'

70 2364 746 2521 itt?,tttttttstttttl‘ttd
759 2365 1211 2502 lttt‘tntt‘fflhttt
1234 2381 1239 2388 ’

73 2539 139 2578 sera
159 2518 309 2579 Ioannem
328 2518 360 2576 iu
379 2529 472 2580 totam
498 2520 588 2578 vitam
611 2518 794 2577 Nazaraeum
819 2515 947 2576 dicatum
966 2535 1028 2575 esse
1047 2515 1103 2576 sibi
1123 2537 1212 2576 mou-

75 2594 193 2668 stravit,
220 2593 307 2654 sicuti
328 2604 358 2654 et
377 2583 567 2656 in'Simsoue
588 2593 696 2656 iactum
716 2612 786 2679 esse¹
798 2589 930 2683 legimus.
970 2589 1129 2680 Caeterum
1148 2611 1212 2654 uon

77 2683 121 2730 est
139 2672 200 2732 hoc
220 2682 374 2751 praetextu
395 2670 433 2730 liu
457 2672 548 2732 endus
568 2669 627 2730 Dei
647 2667 741 2728 cultus
760 2667 793 2728 iu
810 2667 882 2758 ”tl
892 2666 1084 2739 abstinentia,
1108 2686 1212 2747 quem·

77 2747 235 2809 admodum
254 2746 358 2808 simiae
378 2691 491 2827 quidvis
510 2767 544 2807 ex
564 2757 678 2828 patrum
699 2744 782 2805 lactis
793 2754 948 2824 arripiunt,
967 2739 1048 2822 qu‘od
1060 2743 1212 2834 aemulen-

75 2835 132 2884 tur.
171 2823 279 2884 Solum
305 2843 407 2884 omnes
433 2823 656 2905 temperantiam
670 2821 789 2883 colant:
850 2820 879 2880 ui
903 2839 1008 2880 noxam
1027 2829 1159 2880 sentiunt
1178 2839 1213 2882 ex

77 2901 138 2962 riui
157 2909 233 2982 potu
275 2912 384 2981 sponte
405 2901 584 2963 abstineant:
614 2899 665 2980 qui
685 2908 787 2960 carent
829 2841 978 2959 defectum
998 2896 1096 2957 serant
1114 2916 1212 2988 aequo

78 2977 187 3037 auimo.
262 2987 382 3036 uantum
403 2976 439 3037 ad
464 2977 584 3038 Sicerae
610 2997 737 3051 nomen,
764 2942 895 3036 libenter
920 2994 1023 3035 eorum
1046 2985 1214 3036 sententiaa

79 3051 245 3128 subscribo,
265 3053 315 3134 qui
335 3053 405 3118 aar)
425 3053 569 3116 Hebraeis
581 3053 639 3114 dici
651 3063 756 3134 putant
775 3050 898 3133 quodvis
908 3069 1007 3194 genus
1018 3051 1079 3110 viui
1092 3051 1212 3112 lacticii.

79 3135 194 3212 aptius
211 3149 313 3195 sonmo
335 3135 500 3211 replebitur.
548 3135 603 3200 His
627 3133 725 3196 verbis
750 3133 826 3196 nihil
848 3133 907 3195 aliu
951 3133 1049 3195 notari
1074 3132 1214 3212 arbitror,

80 3233 166 3292 quam
186 3211 322 3272 indolem
341 3233 357 3270 a
381 3213 540 3292 parituram
559 3213 591 3272 iu
601 3211 727 3288 Ioanne,
745 3231 820 3292 quae
839 3230 921 3291 spem
941 3211 1078 3272 ostendat
1098 3211 1214 3275 futurae

79 3288 301 3371 magnitudinis.
376 3309 446 3350 orro
473 3289 605 3350 indolem
629 3289 713 3363 dico,
744 3309 805 3349 uon
832 3286 924 3367 qualis
950 3297 1041 3348 exstat
1066 3287 1154 3348 etiam
1180 3289 1213 3354 in

80 3365 213 3452 profanis
234 3362 415 3441 homiuibus,
433 3365 486 3428 sed
505 3386 580 3446 quae
600 3364 692 3426 officii
711 3363 906 3445 praestantiae
921 3364 1110 3443 respondeat.
1135 3365 1215 3426 Sen-

82 3463 127 3503 sus
145 3461 224 3526 ergo
244 3453 299 3516 est,
318 3461 382 3502 nou
400 3443 492 3502 modo
510 3455 581 3503 tuuc
601 3443 632 3503 in
652 3461 690 3501 eo
709 3461 741 3502 se
762 3441 897 3522 proteret
914 3439 957 3502 ris
977 3451 1008 3498 et
1027 3441 1120 3530 gratia
1142 3443 1213 3522 Spi-

82 3519 168 3593 ritus,
195 3537 286 3598 quum
312 3517 512 3602 suspicabitur
528 3539 632 3578 munus
651 3537 748 3592 suum,
772 3516 824 3578 scd
848 3516 944 3576 statim
964 3513 1000 3576 ab
1021 3529 1107 3578 utero
1128 3517 1215 3580 donis

84 3593 212 3676 Spiritus
238 3589 483 3674 excelletfquae
507 3595 589 3655 velut
612 3606 739 3655 tesserae
783 3593 904 3655 uaedam
929 3592 1021 3673 qualis
1045 3594 1157 3654 iuturus
1176 3596 1216 3660 sit

80 3681 237 3733 testentur.
275 3669 427 3732 Absarru
447 3671 526 3732 enim
544 3671 717 3731 tantundem
735 3615 814 3732 vallet
831 3682 920 3752 atque
940 3690 955 3730 a
975 3670 1069 3750 prima
1080 3669 1214 3736 infantia.

81 3747 193 3810 Fateor
213 3747 366 3828 equidem,
387 3746 514 3828 Spiritus
533 3745 670 3808 virtutem
691 3747 722 3806 iu
741 3748 872 3822 Ioanne,
897 3767 985 3826 quum
1006 3747 1100 3806 adhuc
1118 3745 1214 3804 inclu-

84 3846 130 3886 sus
149 3835 228 3888 essct
247 3836 335 3886 utero
354 3825 454 3885 matris
486 3837 636 3906 operatam
658 3843 731 3899 esse,
749 3823 802 3884 sed
820 3823 885 3898 hic,
903 3843 972 3883 mco
992 3821 1114 3894 iudicio,
1134 3819 1214 3884 aliud

83 3901 178 3962 voluit
188 3900 335 3986 Angelus,
355 3901 436 3980 quod
445 3867 576 3964 loannes
595 3901 690 3962 adhuc
709 3900 805 3962 inians
825 3900 906 3980 quasi
927 3899 957 3958 in
977 3898 1122 3958 theatrum
1162 3919 1215 3959 ro-
1245 3969 1253 3986 κ

84 3978 224 4039 ferendus
251 3987 330 4038 esset
355 3999 420 4038 cum
446 3997 510 4037 rara
530 3977 641 4060 gratiae
661 3973 720 4037 Dei
745 3975 1012 4038 commendatione.
1049 3973 1098 4034 De
1117 3919 1215 4057 pleni-

83 4055 188 4118 tudiue
212 4073 277 4115 nou
304 4063 349 4114 est
373 4054 452 4134 quod
477 4053 611 4114 subtilius
637 4055 831 4134 disputemus,
868 4051 917 4113 rel
943 4051 1042 4131 potius
1066 4065 1217 4136 urgemur

85 4153 150 4190 mun
168 4130 329 4212 sophistis,
368 4131 436 4210 quia
456 4129 608 4212 Scriptura
633 4151 695 4191 uon
721 4130 799 4190 aliud
824 4131 883 4192 hoc
907 4128 1028 4191 nomine
1048 4148 1135 4212 quam
1156 4131 1216 4192 exi-

84 4209 171 4272 miam
191 4219 225 4266 et
241 4206 363 4266 minime
383 4207 532 4300 vulgarem
552 4208 698 4268 donomm
720 4207 846 4288 Spiritus
871 4204 1079 4265 abundantiam
1103 4206 1217 4290 signifi-

87 4295 142 4344 cat.
180 4283 245 4344 Uni
266 4281 387 4344 Christo
413 4304 517 4345 sermm
543 4283 640 4344 datum
661 4283 749 4344 luisse
769 4283 790 4344 S
814 4283 912 4342 iritum
936 4279 1047 4366 absque
1070 4297 1220 4374 pressura,

87 4371 121 4426 ut
138 4382 174 4426 ex
194 4359 260 4422 eius
279 4357 463 4444 plenitudiue
482 4357 646 4428 hauriamus
666 4381 779 4438 omues,
793 4305 945 4437 loanni,
963 4365 1021 4436 16,
1039 4357 1103 4422 slus
1120 4373 1221 4426 autem
