2756 4838
323 219 406 300 (ttt.
444 178 612 298 Responsio
632 217 670 278 de
690 237 780 280 censu
799 215 924 296 dando.)
1152 223 1210 286 att
1259 208 1264 219 ’

62 381 152 432 manet
169 370 267 431 cadus.
303 368 420 432 Cedere
437 359 491 508 sup

61 448 187 506 mendum
198 458 298 521 ruunt,
316 468 379 508 non
398 469 457 538 quo

62 523 159 603 abripit
178 519 230 584 eoi
248 528 307 583 sua‘
319 525 441 601 insania,
460 536 494 582 ut

61 612 110 658 tur¹
147 601 215 661 lloc
233 621 307 660 vero
326 601 591 682 solumlproiicere
605 601 685 682 ipsos
706 602 812 678 docet,
832 612 866 661 ut
884 601 950 681 ipso
969 600 1111 662 conflictu
1131 599 1212 660 iran-

57 687 167 754 qautur.
207 677 267 736 Sed
287 675 339 735 uhi
359 677 398 736 ita
418 697 449 737 se
470 676 598 738 fastuose
619 677 791 752 extulerint,
815 677 894 736 aliud
916 677 982 738 lore
1000 674 1160 766 praedicit,
1180 687 1213 737 ut

64 753 168 828 scilicet
186 765 378 813 conterantur
397 752 452 812 suh
472 753 498 812 la
522 751 585 828 ide,
605 753 634 813 in
656 774 744 832 quem
762 766 822 813 tarn
842 753 980 814 audacter
999 763 1153 814 irruerant

126 837 172 894 oa.
215 829 414 906 Gogaoaemat
436 851 474 908 qa
538 827 574 892 da
598 833 669 905 ipsis
693 828 805 890 dicaret
856 831 1026 890 Ostendunt
1049 829 1213 914 Evangeli-

60 917 127 980 stae,
157 927 243 986 quam
268 928 369 988 parurn
398 905 530 968 Christus
556 905 733 996 profecerit,
767 927 804 968 ne
828 907 968 966 miremur
993 907 1017 966 si
1037 905 1127 966 hodie
1148 926 1213 966 nou

60 1002 153 1042 omnes
172 983 210 1042 ad
230 981 405 1062 obsequium
419 978 480 1042 ltei
499 994 582 1062 cogit
593 983 748 1066 Evangelii
768 983 911 1043 doctrina.
949 981 1103 1044 Discarnus
1123 982 1212 1042 etiarn

59 1057 116 1117 fieri
133 1059 218 1120 aliter
237 1079 298 1118 non
318 1079 416 1138 posse,
436 1058 507 1137 quin
527 1058 639 1121 rabiem
660 1060 816 1139 impiorum
836 1060 928 1140 magis
947 1081 981 1120 ae
1000 1059 1093 1141 magis
1105 1079 1211 1120 aecen-

58 1133 122 1194 dant
138 1136 245 1196 minae.
270 1137 358 1198 ·Nam
377 1134 463 1196 sicuti
481 1135 563 1196 Deus
586 1134 710 1195 verbum
733 1157 816 1198 suum
837 1135 975 1196 cordibus
995 1136 1103 1198 nostris
1129 1134 1210 1195 ohsi-
1275 1193 1278 1200 i

58 1221 131 1290 quat,
149 1213 190 1272 sic
212 1212 300 1274 etiarn
320 1210 382 1272 eius
402 1211 533 1272 cauterio
553 1211 689 1272 vulnerat
707 1211 796 1272 malas
817 1213 1026 1272 conscientias:
1048 1232 1108 1292 quo
1128 1211 1161 1271 ht
1180 1221 1215 1274 ut

57 1287 141 1368 magis
161 1289 300 1348 exardeat
318 1288 459 1367 impietas.
498 1288 660 1369 Rogandus
679 1287 778 1367 itaque
799 1300 859 1363 est,
891 1299 925 1347 ut
944 1309 999 1348 nos
1020 1287 1056 1346 ad
1075 1287 1212 1346 volunta·
1328 1297 1334 1310 '

57 1362 124 1422 rium
143 1377 255 1446 mptum
271 1365 400 1446 subigat,
419 1384 458 1424 ne
477 1365 556 1425 nuda
575 1363 723 1433 vindictae
744 1365 806 1424 eius
825 1363 960 1446 cognitio
981 1379 1036 1426 nos
1055 1364 1148 1444 magis
1163 1384 1214 1422 ex-

56 1453 172 1519 asperet
214 1441 307 1516 Quod
326 1440 392 1501 solo
413 1439 507 1521 plebis
527 1451 608 1500 metu
625 1449 783 1512 tenentur,
807 1461 845 1500 ne
861 1445 983 1500 'uranum
1005 1439 1125 1500 Christo
1144 1439 1214 1498 inii-

57 1535 118 1575 cere
137 1517 282 1591 audeant,
294 1519 297 1528 ’
310 1517 434 1580 sciamus
455 1517 595 1578 iniectum
615 1515 671 1576 illis
692 1515 830 1576 divinitus
850 1515 939 1576 inisse
958 1512 1084 1576 frenum.
1123 1514 1215 1576 Unde
1257 1535 1261 1544 ’

56 1594 137 1653 etiam
157 1616 222 1656 uon
245 1615 346 1687 parurn
364 1593 462 1654 suavis
483 1593 648 1656 consolatio
668 1592 746 1654 redit
763 1594 801 1652 ad
822 1593 934 1670 fideles,
954 1591 1023 1652 dum
1043 1591 1216 1660 audiuntse¹

56 1669 109 1731 Dei
122 1670 276 1752 praesidio
296 1669 369 1752 tegi,
388 1681 421 1731 ut
441 1689 458 1731 e
477 1669 581 1732 mortis
600 1669 733 1733 faucibus
751 1669 878 1732 subinde
897 1679 1060 1756 emergant

494 391 527 432 er
547 371 697 433 Christum
718 373 872 445 dicuntur,
891 369 943 452 qui
960 369 1000 431 ad
1019 389 1086 430 eum
1106 371 1209 452 oppri-
1361 411 1362 450 3

498 447 668 584 ipsoaltius
689 448 972 539 conscendentem
993 446 1061 526 quia
1081 467 1211 525 eousque
1264 453 1268 459 '
1361 477 1362 484 ι

533 524 653 585 hristum
666 547 747 604 quasi
767 547 783 586 e
804 524 922 586 suhlrm:
935 535 1079 604 impetere
1098 543 1211 583 conen-

129 1999 237 2080 (175.)
276 1999 447 2066 ΜΑΤἸῊ
480 1999 577 2068 xxti.
639 1999 689 2068 15.
732 1999 828 2066 Tunc
861 1995 1018 2064 abeuntes
1049 1995 1218 2064 Pharisaei
1272 2013 1277 2025 “
1359 1997 1362 2010 “

55 2101 221 2168 consilium
242 2109 413 2204 ceperunt,
446 2109 482 2165 ut
510 2102 726 2188 illaquearent
747 2121 821 2166 eum
842 2103 878 2166 in
898 2109 1058 2166 sermone.
1103 2099 1153 2164 16.
1174 2100 1218 2166 Et

54 2207 180 2271 mittunt
207 2205 249 2270 ad
276 2201 367 2269 iilum
397 2200 574 2288 discipulos
601 2223 779 2268 suos-cum
807 2203 1019 2281 Herodianis,
1062 2199 1217 2280 dicentes,
1307 2233 1319 2248 ·

53 2304 225 2393 Magister,
251 2305 479 2390 scimusquod
499 2325 596 2368 verax
617 2307 676 2383 sis,
697 2315 730 2369 et
750 2308 833 2372 viam
852 2305 921 2370 nei
943 2309 976 2370 in
999 2305 1135 2377 veritate
1159 2303 1217 2370 do-

52 2432 139 2488 ceas,
173 2429 284 2494 neque
312 2427 406 2471 cures
432 2425 632 2492 quenquam:
663 2426 731 2472 non
765 2409 849 2474 enim
864 2469 866 2474 ,
884 2408 1018 2492 respicis
1046 2428 1218 2490 personam

51 2513 227 2580 horninum.
271 2511 320 2576 17.
343 2508 407 2572 Dic
430 2529 508 2593 ergo
529 2505 643 2586 nohis,
672 2509 753 2598 quid
780 2508 839 2574 tihi
854 2507 1015 2592 uidetur?
1043 2507 1120 2574 licet
1144 2531 1219 2577 cen-

51 2637 118 2680 sum
148 2611 230 2680 dare
259 2611 411 2688 Caesari,
444 2631 486 2676 an
507 2611 594 2674 non?
616 2607 686 2676 ·18'.
713 2607 853 2698 Cognita
880 2621 986 2676 autem
1013 2609 1102 2678 lesus
1130 2612 1221 2678 mali-

53 2721 94 2783 tia
122 2739 238 2784 eorum
266 2716 327 2792 ait,
354 2711 446 2799 Quid
473 2731 525 2778 me
553 2715 681 2794 tentatis
709 2713 919 2812 hypocritae?
961 2715 1010 2780 19.
1044 2710 1220 2782 Ostendito
1349 2734 1353 2746 ⁸

51 2820 128 2886 mihi
147 2822 315 2905 ,numisma
342 2837 467 2882 census.
514 2817 558 2881 A:
584 2815 634 2882 illi
662 2817 852 2886 obtulerunt
887 2821 919 2882 ei
947 2816 1123 2884 denarium.
1164 2799 1251 2886 20.‘
1289 2857 1292 2862 ·

52 2921 93 2990 Et
120 2925 164 2990 ait
193 2921 276 2998 illis,
305 2919 410 2988 Cuius
440 2929 488 2986 est
514 2920 619 3005 inrogo
642 2919 723 2985 haec
745 2931 777 2986 et
796 2917 985 3008 inscriptio?
1025 2921 1076 2988 21.
1096 2924 1221 2990 Dicunt

54 3029 98 3106 ei,
120 3021 285 3091 Caesaris.
327 3025 422 3090 Turne
444 3023 488 3090 ait
508 3021 587 3103 illis,
614 3023 758 3090 Reddite
781 3045 873 3110 ergo,
898 3045 982 3110 quae
1004 3037 1078 3090 sunt
1098 3025 1217 3092 Caesa·

53 3129 110 3206 ris,
136 3127 293 3195 Caesari:
325 3137 358 3222 et
379 3147 464 3214 qnae
485 3135 559 3192 sunt
580 3124 661 3204 Dei,
687 3125 773 3192 Deo.
814 3127 866 3193 22.
892 3125 935 3193 Et
955 3126 1004 3192 his
1026 3127 1143 3195 auditis
1163 3129 1220 3194 mi-

18 3193 25 3236 *
55 3233 114 3297 rati
134 3233 230 3312 sunt,
252 3241 286 3296 et
308 3251 349 3298 eo
372 3219 673 3298 omisso'ahierunt.

120 3413 280 3483 1111110.
306 3414 374 3480 xit.
426 3416 477 3482 13.
509 3417 712 3480 Aemiliani
739 3412 781 3479 ad
808 3433 881 3480 enm
907 3414 1063 3501 quosdam
1092 3437 1110 3480 e
1137 3415 1220 3480 Pha-

55 3519 166 3586 risaeis
193 3530 227 3586 et
248 3515 459 3596 Herodianis,
490 3528 525 3582 nt
552 3537 624 3581 eum
647 3527 800 3606 caperent
826 3520 861 3583 in
886 3531 1049 3583 sermone:
1087 3518 1136 3583 11.
1166 3517 1221 3584 1111

54 3645 148 3703 vero,
182 3645 282 3712 quum
309 3618 487 3698 venissent,
519 3617 631 3729 dieunt
658 3611 706 3699 ei,
736 3621 949 3707 Praeceptor,
985 3624 1101 3690 scimus
1129 3620 1221 3708 quod

55 3749 152 3794 verax
174 3751 227 3805 es,
262 3737 295 3792 et
320 3744 390 3788 non
411 3744 504 3788 coras
530 3741 728 3809 quenquam:
758 3745 826 3791 non
849 3726 934 3789 enim
954 3723 1089 3807 respicis
1110 3741 1222 3808 perso·
1282 3743 1286 3752 ·

55 3851 125 3896 uam
146 3833 330 3906 hominum,
361 3823 418 3890 sed
441 3827 475 3890 in
496 3829 632 3891 veritate
651 3829 734 3892 viam
756 3827 822 3894 Ilei
850 3827 964 3892 doces:
992 3823 1070 3889 licet
1091 3843 1221 3889 censum

57 3933 133 4002 dare
156 3935 312 4010 Caesari,
345 3951 387 3996 an
408 3931 496 3996 non?
529 3929 690 4009 dabimus,
722 3952 763 3996 an
790 3951 859 3996 non
881 3925 1047 4013 dabimus?
1089 3927 1139 3994 15.
1160 3923 1221 3992 lile

55 4059 133 4104 cern
156 4043 265 4106 coiens
294 4055 409 4100 eorum
435 4033 684 4110 simulationem,
716 4034 795 4100 dixit
816 4033 895 4112 illis,
930 4030 1021 4118 Quid
1047 4053 1099 4095 me
1120 4042 1223 4099 tenta-

56 4142 115 4204 tis?
149 4140 268 4206 ailcrte
289 4138 367 4204 mihi
389 4133 572 4230 denarium,
604 4147 640 4202 ut
660 4133 797 4202 videam.
851 4135 899 4200 io.
935 4131 987 4198 llli
1008 4155 1088 4208 vero
1109 4135 1224 4202 attule-

56 4253 147 4310 ruut:
190 4253 225 4308 et
251 4241 416 4322 dicitois,
459 4236 561 4306 Cuius
584 4249 632 4308 est
652 4239 757 4324 imago
779 4235 860 4302 haec
890 4247 922 4303 et
942 4237 1130 4325 inscriptio?
1170 4237 1224 4305 Illi

56 4363 137 4413 vero
172 4345 322 4412 dixerunt
344 4350 399 4428 -ei,
430 4341 588 4413 Caesaris.
638 4343 697 4408 iia
721 4342 764 4408 Et
796 4338 1000 4428 respondens
1025 4335 1115 4412 lesus
1143 4343 1241 4413 dixit,
