2766 4834
177 223 217 318 it
286 332 288 347 1
351 245 503 312 secuto
524 247 581 310 111.
618 247 697 310 tssu
715 259 870 334 marmus
890 187 1173 312 transimus..

185 401 270 464 tione
293 420 356 462 uon
381 412 491 484 egeret
536 400 639 476 Quare
663 403 810 482 seqnitur,
824 421 936 466 -omnes
960 401 991 462 in
1010 401 1105 462 Adam
1130 399 1217 486 inipso
1242 421 1318 464 cor-

185 491 306 558 ruptos,
328 481 446 570 quaudo
467 478 639 560 pollutionis
664 480 838 540 damnantur
862 499 915 538 ore
935 477 1066 538 Domini
1114 479 1177 538 Nec
1203 476 1321 552 obstat,

187 556 268 636 quod
279 554 347 615 alibi
358 565 500 616 vocantur
511 553 614 616 Iudaei
625 554 697 615 rami
708 555 799 630 sancti
810 577 845 615 ex
853 554 952 616 radice
962 565 1061 614 sancta
1071 553 1172 632 (Rom.
1184 557 1321 630 ardu),

189 632 257 710 quia
277 632 334 692 boc
346 631 456 693 bonum
470 631 531 692 iilis
553 631 839 711 qnasiadventicinm
859 643 930 693 erat.
969 631 1032 690 Etsi
1053 631 1130 691 enim
1145 631 1321 708 adoptionis

187 707 343 790 privilegio
363 709 510 788 segregati
530 720 615 768 erant
633 708 663 768 iu
684 709 826 788 populum
839 708 976 781 electum,
996 708 1079 788 prior
1097 719 1194 768 tamen
1208 707 1321 766 ordine

187 797 252 844 erat
271 784 462 844 haereditaria
488 805 522 844 ex
539 785 635 845 Adam
654 785 817 866 corruptio.
859 783 956 846 Distin
981 806 1051 845 uere
1075 803 1148 865 ergo
1173 783 1345 843 convenit·

186 861 266 921 inter
285 859 408 941 primam
427 873 570 934 naturam,
590 873 621 921 et
640 861 787 942 peculiare
808 859 935 922 foederis
955 805 1140 934 beneficium,
1160 880 1218 939 quo
1231 859 1321 923 Deus

185 957 254 1000 suos
275 955 290 995 a
311 936 458 996 communi
478 937 683 1000 maledictione
704 937 817 998 liberat.
856 938 954 1027 Atque
974 937 1031 997 huc
1041 936 1193 1016 spectabat
1210 934 1322 1018 legalis

184 1011 341 1095 purgatio,
367 1025 401 1072 ut
426 1013 535 1074 scirent
558 1013 678 1087 Iudaei,
708 1013 836 1096 abstergi
860 1015 918 1074 Der
948 1013 1040 1094 gratia
1087 1033 1137 1073 uas
1160 1034 1259 1074 secum
1286 1013 1323 1071 in

184 1091 326 1151 mundum
350 1089 451 1150 sordes
470 1092 619 1152 nascendo
639 1090 805 1150 attulerant.
849 1089 927 1150 ilinc
952 1090 1039 1150 etiam
1065 1035 1234 1150 iiiscendum
1259 1101 1325 1162 est,

187 1187 275 1248 quarn
295 1165 445 1228 horribilia
463 1166 501 1228 sit
519 1168 631 1246 peceati
644 1179 731 1227 conta
754 1167 795 1241 io,
816 1187 890 1245 quae
911 1165 1072 1248 legitimum
1091 1177 1212 1226 naturae
1233 1165 1322 1226 ordi-

185 1265 255 1306 nem
276 1243 373 1321 aliqua
394 1255 530 1325 exparte
550 1243 693 1324 inquinat.
731 1187 841 1304 iateor
861 1242 989 1322 quidem,
1009 1262 1105 1334 neque
1125 1240 1322 1322 puerperium

185 1320 368 1382 immundum
381 1339 453 1393 esse,
473 1318 532 1380 imo
554 1320 650 1381 iateor
669 1319 797 1384 libidinis
817 1320 917 1382 vitium
933 1319 1063 1400 coniugii
1077 1319 1230 1378 sanctitate
1239 1317 1321 1400 tegi,

184 1399 238 1462 ted
255 1396 374 1456 interim
393 1407 452 1454 tam
468 1397 616 1475 profunda
635 1417 670 1457 ae
689 1396 815 1462 secunda
835 1408 880 1457 est
898 1395 1011 1476 peceati
1023 1395 1182 1478 scaturigo,
1201 1406 1234 1454 nt
1245 1395 1323 1454 inde

183 1493 301 1564 temper·
325 1471 469 1534 ebulliant
498 1474 595 1554 aliqua
619 1473 704 1550 vitia,
735 1493 812 1553 quae
840 1473 961 1554 maculis
984 1484 1145 1554 aspergunt
1175 1469 1323 1552 quicquid

114 1602 118 1616 ι
184 1550 297 1631 alioqui
315 1569 421 1632 purum
440 1561 512 1608 erat.

262 1631 310 1692 23.
349 1625 432 1685 stan
454 1629 593 1702 scriptum
615 1639 656 1686 eat
680 1628 712 1684 in
730 1625 819 1704 Lepre.
865 1625 932 1685 Hoc
957 1623 1080 1684 alterum
1105 1622 1221 1704 pietatis
1246 1623 1322 1683 offi-

184 1703 263 1765 cium
283 1700 356 1775 suit,
375 1721 435 1780 quo
456 1702 587 1764 defuncti
605 1713 674 1762 sunt
693 1703 802 1782 Ioseph
823 1713 853 1761 et
872 1699 973 1760 Maria.
1013 1700 1141 1760 lubebat
1158 1700 1324 1776 Dominus,

184 1799 288 1840 omnes
307 1776 451 1838 masculos
471 1778 528 1838 sibi
548 1778 609 1838 dica
629 1779 637 1838 i
656 1779 688 1838 in
699 1777 911 1869 redemptionis
925 1777 1107 1850 mensorium,
1127 1776 1205 1858 quia,
1246 1797 1323 1836 uum

184 1854 319 1936 Angelus
340 1852 439 1916 omnia
450 1853 646 1936 primogenita
657 1853 988 1936 Aegyptirnterficeret,
1030 1853 1211 1936 rimogeuitis
1253 1851 1321 1915 rael

184 1939 361 2014 pepercerat
390 1928 492 2008 (Num.
518 1930 552 2006 3,
576 1933 653 2010 13.):
707 1943 788 1991 ostea
819 1931 923 2011 cuique
950 1874 1057 1989 licebat
1086 1929 1322 2010 primogenitum
1363 1924 1381 1936 “

183 2025 270 2068 sunm
288 2017 370 2066 certo
391 2004 488 2085 pretio
499 2005 654 2068 redimere.
684 1953 741 2068 illa
762 2007 818 2067 leit
836 2019 919 2067 vetus
932 2006 1114 2066 ceremonia:
1135 2026 1213 2064 nunc
1226 2026 1323 2097 quum

136 2149 140 2156 ,
185 2081 333 2144 Dominus
354 2083 515 2143 communis
539 2083 670 2144 omnium
689 2082 727 2145 sit
746 2083 932 2162 redemptor,
956 2083 1018 2142 iure
1039 2103 1094 2144 nos
1116 2081 1173 2143 sibi
1192 2103 1208 2142 a
1227 2083 1323 2147 mani-

183 2179 235 2221 mo
254 2159 403 2252 usquexad
422 2159 576 2220 maximum
595 2159 733 2222 vindicat.
755 2159 867 2222 'Porro
887 2180 950 2219 uon
972 2159 1077 2220 irustra
1097 2158 1209 2239 saepius
1228 2179 1325 2240 repe,

183 2235 223 2298 tit
245 2235 355 2310 Lucas,
385 2234 493 2314 Ioseph
521 2249 551 2296 et
575 2237 697 2298 Mariam
723 2236 826 2296 secisse
852 2236 932 2372 ‹puod
956 2235 1167 2316 praescriptum
1197 2246 1261 2295 erat
1288 2233 1325 2298 in

85 2359 90 2375 .
184 2311 267 2394 Lege
287 2311 419 2393 Domini.
463 2311 615 2373 Docemur
641 2313 719 2375 enim
744 2313 787 2373 bis
810 2331 862 2373 ver
884 2312 924 2386 is,
949 2311 1024 2370 nibil
1047 2311 1171 2392 proprio
1193 2309 1323 2371 arbitrio

183 2390 359 2450 usuardum
379 2407 441 2450 esse
461 2388 492 2448 in
505 2390 585 2450 cultu
596 2390 665 2468 Dei,
684 2392 736 2453 sed
747 2387 922 2452 obedienter
940 2389 1122 2468 sequendum
1143 2407 1216 2464 ease,
1235 2389 1325 2468 quod

184 2465 279 2530 uerbo
297 2485 352 2526 suo
395 2463 472 2528 raeci
494 2464 527 2528 it.

259 2549 306 2608 24
345 2487 392 2603 Bi
406 2557 437 2602 ot
476 2557 559 2603 nsunt
577 2540 708 2612 Mation,
753 2541 935 2608 Sacrificium
954 2541 1013 2606 lanc
1038 2541 1074 2602 ad
1098 2539 1186 2602 ritum
1202 2561 1324 2632 purga-

182 2619 273 2680 tionis
292 2617 455 2700 spectabat,
479 2639 517 2680 ne
538 2619 602 2700 quis
622 2633 722 2703 putet,
747 2616 881 2681 oblatum
900 2637 962 2680 esse
982 2615 1145 2683 redimendi
1165 2631 1324 2698 primoge-

182 2697 240 2760 uiti
260 2717 355 2758 causa.
394 2695 496 2770 Quum
515 2717 569 2776 par
586 2708 740 2758 turturum·
753 2697 798 2758 rel
819 2697 888 2756 duas
904 2695 1055 2757 columbas
1075 2693 1208 2758 nominat
1217 2695 1325 2754 Erant

182 2773 299 2854 gelista,
340 2791 374 2832 ro
387 2771 522 2834 confesso
532 2774 629 2849 sumit,
648 2786 759 2836 tantam
780 2772 867 2834 luisse
886 2771 1017 2851 inopiam
1028 2771 1096 2832 Iose
1118 2770 1182 2838 bet
1195 2770 1326 2846 Mariae,

121 2901 129 2910 .
181 2861 217 2908 ut
237 2849 274 2910 ad
294 2793 482 2908 offerendum
507 2868 616 2928 agnum
641 2869 705 2910 uon
729 2847 879 2911 sulficerct
897 2846 1029 2907 facultas.
1105 2845 1244 2908 ambare
1269 2867 1323 2906 en-

182 2924 284 3005 ceptio
304 2922 412 2984 diserte
424 2923 553 3058 ponitur
572 2925 667 2986 Lerit.
679 2933 728 3001 12,
747 2933 776 2992 6.
815 2925 848 2986 Si
868 2923 932 3006 quis
953 2923 1084 2999 obiiciat,
1104 2944 1206 2983 aurum
1227 2921 1323 3002 paulo

183 3013 258 3079 ante,
275 3021 292 3060 a
311 2999 403 3079 magis
436 2999 512 3060 uisse
533 3000 680 3077 oblatum,
699 3004 777 3064 unde
798 3012 946 3076 emerent,
965 3001 1152 3082 respondeo,
1170 3019 1233 3058 uon
1254 3019 1323 3059 esse

183 3077 354 3162 fingendam
378 3073 465 3138 nobis
491 3077 554 3137 auri
578 3079 710 3159 copiam,
741 3101 816 3159 quae
841 3089 965 3159 repente
995 3097 1139 3158 pauperes
1171 3075 1323 3136 ditaverit.

183 3155 254 3214 Nou
275 3153 354 3216 enim
374 3149 508 3234 legimus,
528 3167 651 3217 onustos
669 3155 759 3220 luisse
779 3175 851 3224 auro
873 3154 1011 3228 camelos,
1031 3154 1083 3214 sed
1102 3151 1200 3232 potins
1221 3152 1323 3212 credi-

181 3229 243 3290 bile
268 3243 329 3305 est,
360 3227 448 3291 luisse
472 3229 516 3292 exi
540 3253 607 3292 uuna
632 3231 670 3292 ali
692 3232 753 3298 nod
777 3233 924 3304 libamen,
951 3229 1031 3309 qnod
1055 3242 1170 3292 tanturn
1195 3228 1325 3290 honoris

184 3327 270 3396 epure
290 3305 458 3372 attulerant
532 3329 566 3369 ec
584 3329 656 3370 vero
673 3255 738 3370 isox
757 3309 889 3389 praecise
909 3305 1083 3380 mandabat,
1103 3317 1134 3372 ut
1146 3305 1184 3395 5¹!
1197 3304 1323 3395 ‘sterili-

185 3401 263 3446 cnun
297 3396 506 3445 consumerent
528 3395 632 3446 tenues
657 3407 737 3448 suaru
764 3385 971 3458 substantiam,
998 3383 1049 3446 sed
1081 3402 1097 3442 a
1125 3381 1264 3442 drvrubm
1287 3403 1325 3440 ιιι

182 3460 330 3522 sacrificiis
357 3481 407 3522 eos
435 3460 604 3522 discernens
634 3473 751 3543 sumptu
778 3481 830 3522 eos
855 3459 979 3522 levabat.
1032 3457 1238 3534 Quaro.nihil
1263 3457 1324 3521 erit

182 3535 376 3612 incommodi,
395 3538 418 3597 si
439 3537 566 3598 dicamus
577 3539 685 3620 losopb
706 3550 736 3599 et
757 3539 880 3606 Mariam
900 3536 1023 3610 dedisse,
1043 3546 1185 3617 quantum
1203 3532 1326 3596 ferebat

182 3612 315 3694 ipsorum
335 3613 486 3689 conditio,
511 3615 625 3676 etiarnsi
650 3615 720 3694 quid
740 3615 883 3697 pecuniae
903 3617 940 3678 ad
959 3611 1131 3682 tolerandos
1156 3609 1270 3672 itineris
1291 3622 1326 3670 et

181 3691 260 3754 vitae
280 3714 342 3753 sum
365 3701 410 3752 tus
430 3691 592 3772 repositum
612 3692 766 3760 haberent
834 3751 837 3760 ,

258 3777 305 3836 25-
343 3713 421 3828 ΞΜ
443 3765 527 3831 hmo
558 3783 621 3830 orat
646 3767 868 3846 Hierosolymis.
918 3765 1048 3830 Historia
1077 3765 1149 3826 haec
1179 3761 1328 3838 refertur,

101 3907 106 3916 ,
180 3857 216 3906 ut
225 3848 360 3922 sciamus,
380 3865 470 3923 quum
489 3865 520 3905 se
541 3857 621 3907 totus
640 3845 703 3908 lere
722 3843 849 3937 populus
869 3845 960 3926 impio
972 3841 1030 3904 Dei
1051 3852 1223 3936 contemptu
1244 3859 1323 3918 pro-

180 3919 324 3996 fanasset,
350 3941 458 4004 pancos
484 3933 583 3983 tamen
603 3921 782 4002 superfuisse
801 3923 859 3983 Dei
885 3920 1027 3994 cultores,
1054 3931 1085 3980 ot
1105 3917 1254 3984 Christum
1281 3915 1324 3976 ab

178 3997 237 4058 illis
257 3997 344 4060 luisse
365 3998 518 4079 cognitum
539 4019 555 4061 a
577 3997 670 4078 prima
690 4019 782 4078 usque
798 3999 950 4089 infautia.⁸
970 3997 1048 4060 Istae
1069 3989 1324 4128 erantrelitpuiae,

201 4095 250 4136 nas
276 4075 388 4136 Paulus*
409 4076 570 4142 secundum
596 4076 755 4157 gratuitam
779 4075 837 4135 Der
865 4075 1040 4136 electionem
1071 4081 1199 4131 seruatas
1243 4088 1323 4128 uisse

103 4168 122 4186 ··
201 4164 278 4212 ocet.
334 4154 435 4230 Atque
469 4152 499 4218 in
531 4151 585 4211 hac
612 4152 714 4232 exigua
741 4173 830 4214 mann
860 4149 972 4210 inclusa
1002 4161 1066 4209 erat
1089 4145 1221 4208 Ecclesia
1247 4142 1325 4219 Dei,

179 4223 310 4306 quamvis
329 4228 497 4288 sacerdotes
517 4239 548 4286 et
566 4229 680 4304 scribae
694 4228 844 4292 Ecclesiae
864 4225 983 4294 titulum
1002 4245 1065 4286 nnn
1083 4222 1178 4294 minus
1189 4218 1324 4302 superbe

177 4324 265 4382 quern
285 4303 359 4364 lalso
380 4300 531 4364 lactarent
569 4301 654 4364 Duos
674 4313 789 4374 mutum
809 4313 1022 4365 commemorat
1040 4296 1242 4379 Evangelista,
1266 4295 1325 4374 qui

175 4378 401 4466 Hierosolyma
427 4375 578 4450 Christum
602 4382 797 4474 agnoscunt,
833 4400 924 4468 quun
949 4378 979 4440 in
1004 4369 1147 4476 torridum
1172 4373 1325 4444 adductus
