2778 4838
148 233 207 298 1⁰2
382 227 500 290 SECT.
519 227 601 290 XIV.
638 239 879 291 mutuatas
899 241 1084 292 saumones.

151 383 302 444 bominum
322 403 339 443 a
357 394 442 444 recto
463 383 582 465 pietatis
601 383 699 444 studio
720 383 756 444 ad
776 381 877 442 inanes
903 393 934 442 et
953 381 1038 442 nihili
1056 381 1129 442 ritus
1147 377 1325 442 traducunt

152 459 310 524 Caeterum
332 461 400 540 quia
420 459 527 522 clarior
549 472 592 520 est
611 453 762 521 Matthaei
780 459 941 542 expositio,
965 458 996 518 in
1018 478 1052 518 ea
1073 456 1211 518 insistere
1232 479 1323 538 prae-

150 535 248 596 stabit
289 535 390 612 Quum
416 537 549 618 discipuli
575 537 743 596 aDomino
769 535 944 616 reprehensi
970 535 1088 594 tandem
1108 533 1324 616 intellexerint,

153 611 210 672 sibi
230 623 420 694 praeceptum
434 635 507 690 esse,
527 625 561 673 ut
581 625 718 674 caverent
738 635 754 672 a
775 605 919 688 doctrina,
941 623 1052 672 certum
1066 622 1119 684 est,
1139 611 1217 672 banc
1230 611 1322 671 fuisse
1380 607 1381 636 ³

154 689 266 752 Christi
291 703 434 767 mentem,
459 703 492 750 ut
512 691 616 752 contra
636 702 804 770 praesentes
825 710 911 749 corru
936 687 1024 762 telas,
1052 688 1158 767 quibus
1188 687 1322 766 undique

154 779 239 826 erant
259 766 379 842 obsessi,
400 788 451 828 eos
471 766 607 827 muniret.
646 768 686 826 ht
709 788 745 826 ue
765 767 833 828 ideo
854 766 890 826 de
906 709 1070 824 lharisaeis
1090 775 1121 824 et
1140 763 1323 824 Sadducaeis

134 842 263 912 ,diserte
277 842 415 924 loquutus
426 855 479 918 est,
500 843 566 935 quia
587 844 662 903 duae
682 787 751 904 illae
770 853 866 904 sectae
886 853 956 902 tunc
977 841 1131 922 tyrannite
1151 861 1185 900 re
1210 840 1322 901 nabent

152 917 184 978 in
204 919 346 994 Ecclesia,
367 931 397 980 et
415 921 524 980 vitiosis
542 919 601 980 suis
621 920 659 980 do
713 917 806 980 atibus
826 938 996 999 oppressam
1016 916 1160 978 tenebant
1179 861 1272 1000 Eegis
1293 928 1322 977 et

155 993 370 1075 Prophetarum
392 997 572 1070 doctrinam,
592 1009 625 1056 ut
643 1018 674 1057 m
697 996 717 1056 il
737 997 800 1056 sere
820 1015 921 1056 sanum
940 993 988 1054 rel
1008 993 1156 1074 integrum
1177 1005 1323 1053 maneret.

157 1070 438 1148 Quaeriturtamen,
459 1093 597 1152 quorsum
611 1073 737 1134 Mearm
747 1073 898 1133 Herodem
918 1081 1093 1132 annumeret
1111 1069 1194 1130 falsis
1215 1069 1322 1132 docto-

156 1145 247 1224 ribus,
287 1149 318 1208 ui
329 1149 402 1212 nibil
419 1149 476 1210 tale
496 1150 700 1229 profitebatur.
738 1149 930 1230 Respondeo,
951 1167 1039 1226 quum
1053 1145 1115 1226 ipse
1128 1145 1325 1206 semiiudaeus

157 1236 242 1298 esset,
263 1173 394 1308 degener
413 1247 446 1286 ac
467 1225 606 1306 perfidos,
626 1225 849 1306 quibuscunque
862 1224 958 1316 potuit
971 1221 1081 1286 artibus
1093 1235 1230 1283 conatum
1246 1243 1324 1297 esse,

156 1301 240 1360 utin
260 1323 324 1364 suas
344 1314 441 1394 partes
462 1301 622 1364 abduceret
640 1303 792 1384 populum.
832 1301 888 1361 Hrc
916 1299 994 1360 enim
1021 1299 1159 1362 omnibus
1178 1298 1323 1379 apostatis

155 1397 220 1437 mos
241 1391 295 1454 est,
315 1390 466 1440 mixturam
488 1377 615 1460 aliquam
635 1377 824 1452 comminisci,
843 1389 877 1437 ut
893 1388 995 1458 surgat
1011 1396 1089 1435 nova
1106 1375 1226 1458 religio,
1246 1395 1322 1454 quae

155 1453 287 1534 priorem
308 1454 435 1516 aboleat.
468 1453 627 1531 'Quoniam
646 1477 720 1538 ergo
741 1453 885 1536 principia
900 1455 987 1513 v'erae
1005 1463 1035 1512 et
1052 1452 1192 1542 antiquae
1206 1449 1323 1531 pietatis

156 1539 252 1592 astute
271 1530 444 1593 subvertere
460 1531 654 1608 moliebatur,
674 1544 707 1591 ut
727 1553 760 1592 ea
780 1531 897 1591 demum
915 1529 1028 1591 valeret
1045 1528 1169 1611 religio,
1211 1547 1267 1588 uae
1288 1527 1323 1588 ad

159 1607 221 1668 eius
245 1609 438 1689 tyrannidem·
452 1609 573 1668 maxime
594 1621 661 1688 apta
682 1611 776 1682 foret,
803 1608 864 1666 imo
905 1606 952 1666 uia
973 1625 1083 1666 novum
1103 1549 1254 1683 quendam
1273 1605 1324 1664 Iu-

158 1683 299 1744 daismum
316 1685 457 1744 inducere
469 1683 612 1759 tentabat,
632 1706 694 1744 non
714 1686 777 1744 sine
799 1705 883 1744 causa
925 1682 1040 1743 ominus
1060 1680 1097 1741 ab
1119 1681 1182 1742 eius
1204 1701 1322 1761 quoque

156 1759 305 1819 fermento
325 1761 421 1821 caveri
441 1760 532 1820 iubet
572 1763 646 1820 Nam
666 1761 751 1821 sicuti
772 1781 805 1822 er
825 1759 939 1852 templo
958 1759 1018 1820 Dei
1037 1757 1221 1893 spargebant
1240 1777 1321 1818 erro-

158 1855 205 1894 res
230 1856 299 1896 suos
324 1837 453 1910 scribae,
476 1837 516 1896 ita
537 1837 665 1898 Herodis
685 1837 750 1897 aula
770 1839 806 1898 ad
827 1835 1014 1896 iabrrcandos
1034 1835 1107 1895 aios
1128 1855 1247 1895 errores
1267 1833 1320 1893 alia

159 1911 287 1970 Satanae
307 1911 427 1972 officina
448 1924 518 1972 erat
559 1914 644 1976 Sicut
663 1915 752 1975 bodie
773 1915 805 1974 in
824 1914 940 1994 Papatu
959 1912 1089 1974 videmus
1109 1931 1173 1971 non
1193 1911 1227 1971 in
1246 1923 1320 1970 teur-

159 1986 216 2122 plis
236 1989 342 2065 modo,
363 2001 394 2048 et
412 1989 607 2070 sophistarum
629 2012 663 2051 ac
682 1991 895 2052 monachorum
917 1989 1006 2049 antris
1023 1987 1240 2048 ‘Antichristum
1260 2007 1321 2046 suas

174 2064 288 2124 allacias
307 2085 444 2141 vomere,
469 2069 520 2127 sed
546 2068 658 2128 ardicae
684 2069 770 2129 etiam
791 2066 978 2158 Tbcologiae
997 2064 1128 2126 subsidio
1149 2064 1257 2126 fulcire
1276 2083 1323 2122 re-

158 2160 250 2222 gnum
269 2163 367 2216 suum,
392 2155 425 2202 ot
443 2142 482 2202 ita
503 2142 578 2204 nibil
597 2145 713 2206 artificii
733 2146 858 2205 omittat.
897 2141 992 2204 Srcuti
1017 2153 1114 2201 antem
1139 2151 1213 2201 tunc
1239 2161 1324 2221 prae-

159 2217 290 2281 sentibus
308 2219 390 2278 malis
410 2222 540 2281 occurrit
554 2221 697 2295 Christus,
717 2233 748 2282 et
766 2233 799 2282 ut
818 2219 947 2312 quidque
966 2217 1089 2278 maxime
1108 2218 1230 2288 noxium
1251 2229 1324 2290 erat,

159 2313 278 2354 auorum
298 2308 411 2357 mentes
431 2297 468 2357 ad
488 2298 518 2358 id
538 2300 699 2360 cavendum
720 2298 871 2371 excitavit,
892 2297 948 2356 boc
968 2295 1103 2375 exemplo
1123 2293 1234 2353 moniti
1253 2314 1325 2375 pru·

160 2369 267 2432 denter
286 2373 374 2434 bodie
395 2375 560 2465 expendere
574 2377 727 2450 discamus,
747 2395 889 2466 quaenam
902 2393 989 2434 corru
1011 2371 1088 2432 telae
1099 2369 1188 2431 nobis
1202 2371 1325 2432 officere

183 2449 282 2508 otsint
315 2449 410 2510 Citius
429 2451 505 2534 agnis
526 2473 620 2532 aquae
639 2451 818 2528 miscebitur,
840 2471 926 2532 quam
941 2461 974 2508 ut
985 2393 1084 2529 depae
1101 2449 1243 2542 figmenta
1259 2467 1326 2507 cum

158 2467 324 2608 Evangelio
345 2528 408 2606 quis
428 2529 576 2589 conciliet
607 2531 652 2590 Ita
676 2549 712 2589 ue
733 2529 861 2620 quisquis
881 2547 912 2588 se
926 2525 1045 2588 Christo
1057 2523 1232 2605 discipulum
1245 2525 1326 2584 bona

158 2600 217 2662 fide
242 2603 379 2664 addicere
404 2605 499 2685 cupit,
526 2625 628 2686 puram
653 2625 669 2664 a
711 2606 768 2666 illes
788 2605 939 2669 fermentis
960 2601 1086 2662 animam
1106 2623 1188 2660 suam
1207 2619 1326 2662 serrare

159 2679 282 2738 studeat
323 2679 439 2754 Quodsi
464 2682 520 2741 iam
546 2682 673 2743 imbutus
699 2682 804 2757 suerit,
838 2700 968 2761 comque
995 2678 1112 2739 laboret
1138 2678 1170 2737 in
1195 2698 1228 2738 se
1276 2698 1326 2736 ur-

158 2757 276 2838 gendo,
302 2756 370 2815 dum
391 2756 463 2816 nibil
485 2758 574 2818 faecis
593 2771 644 2818 aut
663 2759 793 2819 sordium
813 2743 935 2839 ainplius
955 2757 986 2818 in
1005 2755 1016 2814 i
1039 2775 1072 2816 so
1092 2754 1222 2814 baereat
1255 2699 1325 2813 llam

157 2843 231 2891 sero
253 2832 320 2910 quia
341 2853 375 2890 cx
394 2833 449 2893 alia
470 2847 553 2926 parte
574 2834 707 2896 homines
719 2835 883 2896 turbulenti
898 2853 996 2894 sanam
1010 2777 1177 2892 doctrinam
1189 2851 1325 2892 cormm-

158 2927 231 2987 pere
250 2907 330 2966 varie
351 2927 481 2990 aggressa
501 2923 579 2985 sunt,
599 2912 635 2971 ad
655 2913 797 2972 cavendas
818 2912 904 2982 etiam
924 2909 997 2970 tales
1016 2908 1143 2968 fallacias
1159 2907 1266 2968 sedulo
1278 2929 1326 2967 ex-

160 2982 271 3042 cubent
290 2983 407 3058 fideles,
432 2999 464 3046 ut
491 2988 519 3046 in
547 2988 653 3068 azymis
677 2988 808 3048 veritatis
834 2999 1010 3079 perpetuum
1030 2984 1141 3045 Pascha
1162 2983 1326 3045 celebrent

161 3058 242 3132 Quia
261 3079 333 3118 vero
354 3063 458 3140 passim
478 3063 535 3122 iam
555 3076 702 3144 grassatur
720 3064 879 3125 Lucianrca
904 3064 943 3123 im
966 3064 1053 3137 ictas,
1083 3061 1326 3122 nocentissimum

159 3137 353 3226 fermentum,
377 3137 436 3198 imo
462 3141 526 3220 plus
553 3162 639 3222 quarn
665 3141 752 3203 letale
778 3142 871 3216 virus,
898 3141 934 3200 ad
945 3085 1029 3200 pbanc
1050 3139 1182 3198 omnium
1202 3139 1327 3198 maxime

160 3229 353 3272 necessariam
374 3216 540 3276 cautionem
559 3229 640 3278 totos
660 3227 728 3280 sdos
748 3239 848 3279 sensus
869 3217 1034 3279 conferant

237 3293 265 3352 8.
307 3287 388 3371 (tu-‘d
403 3297 534 3368 cogitatis
553 3298 632 3354 iterra
651 3317 708 3356 vos.
747 3297 858 3356 Iterum
880 3294 1040 3355 ostendunt
1060 3290 1212 3371 discipuli,
1239 3309 1323 3370 quana

49 3409 53 3416 ι
160 3363 318 3423 maletum
340 3387 374 3426 ex
390 3369 523 3452 Magistri
545 3373 689 3448 doctrina,
710 3385 770 3432 tum
792 3390 826 3432 ex
844 3371 974 3430 mirificis
989 3371 1050 3430 eius
1068 3367 1209 3450 operibus
1224 3366 1328 3456 profe-3

161 3442 266 3502 cerint.
307 3443 399 3518 Quod
420 3445 498 3506 enim
519 3450 556 3510 de
577 3449 727 3509 fermento
749 3450 880 3509 carendo
901 3447 1022 3520 dixerat,
1041 3444 1250 3524 sicarripiunt,
1269 3463 1326 3502 assa

159 3528 275 3578 tantum
301 3519 336 3579 ab
366 3535 486 3583 esterno
514 3525 692 3587 commercio
717 3524 864 3585 abducere
885 3545 936 3585 eos
955 3523 1046 3584 vellet
1067 3519 1210 3580 Christus
1246 3521 1324 3579 Nam

160 3595 228 3674 quia
249 3614 302 3655 usu
324 3610 476 3678 receptum
498 3613 561 3662 erat
580 3605 659 3662 inter
678 3603 820 3676 ludaeos,
841 3621 878 3660 ne
898 3602 1007 3662 victum
1027 3598 1174 3659 baberent
1193 3615 1325 3658 murmu-

158 3691 228 3731 nem
249 3693 315 3732 cum
337 3674 505 3738 bominibus
526 3679 667 3758 profanis,
686 3690 793 3759 putant
813 3675 948 3758 discipuli
968 3677 999 3736 in
1020 3696 1124 3736 eorum
1145 3674 1277 3735 ordinem
1288 3691 1324 3731 ac

158 3767 313 3808 numerum
334 3751 428 3833 redigi
439 3752 623 3816 Pharisaeos.
663 3757 704 3816 Et
723 3757 795 3816 baec
816 3755 934 3835 quidem
956 3751 1069 3814 inscitia
1090 3763 1241 3830 utcunque
1261 3759 1326 3808 erat

156 3823 331 3900 tolerabilis,
350 3829 401 3888 sed
442 3829 489 3890 uia
503 3833 566 3894 iam
586 3833 713 3892 recentis
730 3831 867 3892 beneficii
881 3829 968 3891 obliti
986 3849 1048 3890 non
1063 3829 1209 3910 cogitant,
1229 3846 1326 3887 reme-

158 3897 238 3958 dium
246 3902 284 3990 ‚in
304 3849 515 3968 manquristi
527 3929 599 3983 esse,
618 3929 657 3968 ne
677 3908 707 3967 in
728 3908 797 3969 cibo
818 3920 850 3968 et
868 3918 942 3988 potu
962 3927 993 3967 se
1013 3904 1148 3987 polluere
1169 3917 1327 3988 cogantur,

157 3994 286 4055 aspertus
307 3999 375 4056 eos,
394 3994 427 4042 ut
447 3985 528 4065 digni
548 3996 631 4060 sunt,
651 3985 798 4065 increpat:
824 3995 954 4046 atcerte
973 3983 1058 4044 nimis
1079 4003 1175 4042 crassa
1197 3992 1262 4042 erat
1280 3980 1325 4037 in-

156 4051 318 4143 gratitudo,
338 4077 427 4136 quum
448 4080 543 4139 nuper
564 4062 600 4121 de
621 4060 715 4121 nihilo
736 4061 876 4122 vidissent
895 4071 1024 4120 creatum
1042 4078 1106 4120 esse
1122 4078 1233 4138 panem
1250 4055 1324 4116 mul·

155 4135 193 4184 trs
214 4125 364 4190 hommum
376 4133 504 4196 millibus
517 4137 690 4213 saturandis,
710 4139 799 4218 idque
819 4138 863 4199 bis
885 4157 946 4197 esse
967 4137 1086 4211 iactum,
1107 4154 1188 4196 nunc
1201 4135 1325 4214 depane

157 4219 221 4292 esse
241 4203 396 4298 sollicitos,
417 4211 476 4271 acsi
496 4233 557 4274 non
579 4215 682 4276 eadem
702 4215 797 4276 adbuc
807 4215 951 4307 Magistro
966 4223 1140 4292 suppeteret
1150 4212 1252 4273 virtus.
1282 4209 1325 4268 Ex

154 4277 928 4429 ttltttltttltltt''tlh'lt⁰⁰¹¹V¹t³
948 4309 1086 4428 ⁰¹¹2¹¹ta
1124 4288 1204 4426 liiei
1230 4299 1325 4426 iili

212 4447 214 4456 Ι
569 4388 624 4448 spe
654 4391 663 4426 ι
746 4389 864 4429 uarum
916 4387 985 4447 napta
1043 4389 1052 4426 ι
1109 4387 1127 4426 u
