2778 4838
497 153 581 231 (155.
618 149 723 246 Iaeobi
742 162 773 212 et
791 151 913 214 Ioannis
933 103 1039 232 aelus.)

194 303 408 366 secandoloco
424 305 546 380 notavi,
572 327 663 386 quum
681 305 760 366 inter
779 325 810 368 se
831 297 975 366 dissident*
990 305 1125 367 homines
1144 306 1177 364 in
1196 306 1238 366 rel

195 381 339 456 doctrina,
365 381 450 442 facile
469 382 500 442 in
519 395 619 442 mutua
640 383 707 444 odia
727 403 848 462 prorum
872 403 932 446 cre.
969 382 1096 464 Signum
1115 381 1194 442 enim
1214 404 1238 442 a<

195 458 252 516 odii
272 456 338 530 tuit,
358 458 519 519 esurientes
539 458 674 519 fraudare
693 459 781 534 victu,
803 471 833 519 et
850 403 935 519 lessis
955 480 1064 542 negare
1085 456 1238 539 hospitium

195 535 239 612 qui
259 533 458 594 samaritanos
477 535 517 596 ita
537 536 612 596 male
633 536 722 596 habet
741 557 774 596 ac
793 536 854 596 urit
872 537 990 597 Iudaica
1011 536 1132 618 religio,
1160 548 1194 595 ut
1214 557 1238 615 qt

194 622 336 671 sectantur
357 611 434 670 nulla
455 611 635 672 humanitate
655 613 759 694 dignos
779 625 893 694 putent.
931 611 1070 696 Angebat
1090 613 1178 673 etiam
1198 612 1238 672 sor

194 687 384 748 contumeliae
405 687 502 763 dolor,
523 689 603 780 quod
621 681 733 750 s'cirent
752 689 894 770 templum
912 711 996 750 suurn
1017 689 1098 768 qnasi
1117 688 1238 769 profanu

193 764 337 823 testationi
357 785 419 824 esse
440 765 571 839 Iudaeas,
599 787 690 845 seque
719 766 754 826 de
778 787 880 826 encres
905 779 935 826 et
960 766 1141 827 adulterinos
1167 765 1238 826 habe

195 840 324 902 cultores.
364 841 425 900 Sed
446 863 535 920 quum
555 843 746 922 pertinaciter
756 787 901 904 haereret
919 844 1089 922 superstitio
1108 841 1197 903 semel
1218 865 1238 902 rt

192 937 273 998 prava
294 917 494 979 aemulatione
514 931 663 994 certarunt
682 941 774 998 usque
789 921 825 980 ad
841 933 1000 980 extremum
1015 920 1045 980 in
1060 941 1094 980 ea
1114 919 1233 979 tuenda.

194 993 253 1052 dem
273 1014 405 1074 eousque
426 996 530 1056 exarsit
550 997 720 1070 contentio,
745 1008 778 1055 ut
802 1017 862 1056 uno
889 996 1028 1057 incendio
1055 1007 1208 1076 utramque
1228 1017 1238 1078 g

193 1068 362 1148 perdiderit:
384 1092 451 1129 narn
471 1071 566 1132 lacem
586 1070 655 1131 belli
668 1073 778 1132 Iudaici
795 1074 892 1147 luisse,
911 1073 992 1133 testis
1005 1085 1050 1133 est
1058 1073 1212 1154 Iosephus.

193 1167 272 1224 quam
291 1160 390 1207 autem
410 1147 547 1208 invidiam
568 1148 716 1210 declinare
738 1148 858 1213 Christo
878 1161 1048 1230 promptum
1069 1161 1148 1224 erat,
1173 1170 1238 1208 mar

192 1243 254 1360 ff
272 1245 304 1284 se
324 1225 468 1285 Iudaeum
488 1225 635 1306 profiteri,
654 1247 740 1308 quam
761 1225 883 1305 obliqua
902 1224 1101 1308 abnegatione
1121 1225 1238 1306 hospitis

246 1320 303 1361 ere.
875 1311 882 1330 ⁸

260 1385 307 1443 54.
350 1375 449 1459 Quom
466 1377 600 1439 vtdosm
617 1375 763 1454 disctpnlt.
801 1377 966 1438 Admonuit
990 1377 1069 1438 forte
1094 1398 1145 1438 eos
1170 1377 1234 1458 ipsa

192 1463 222 1511 nt
244 1466 347 1514 contra
368 1455 409 1514 im
432 1455 476 1514 ios
490 1455 631 1536 protinus
651 1456 807 1515 fulminare
828 1465 983 1535 cuperent:
1010 1454 1071 1516 illic
1096 1454 1174 1514 enirn
1200 1477 1238 1533 qn

191 1529 263 1590 Elias
273 1531 343 1613 igue
354 1475 477 1593 coelesti
487 1533 586 1614 regios
598 1531 707 1595 milites
719 1531 876 1603 deiecerat,
893 1531 944 1610 qui
957 1531 993 1591 ad
1008 1551 1075 1591 eum
1085 1530 1238 1611 capiendus

191 1606 301 1667 fuerant
320 1609 378 1688 (Il.
399 1608 474 1691 Reg.
494 1614 614 1686 1‚1o.).
653 1610 745 1669 Venit
765 1629 837 1692 ergo
858 1608 915 1670 illis
934 1608 966 1666 iu
985 1619 1132 1682 mentem,
1151 1607 1238 1668 simili

192 1683 307 1744 devotos
328 1705 392 1746 esse
411 1696 483 1746 tunc
503 1686 671 1762 samaritas,
691 1686 741 1766 qui
759 1697 819 1745 tarn
838 1685 901 1754 irtdi
945 1705 961 1742 e
978 1684 1003 1742 F
1005 1684 1086 1743 ilium
1101 1683 1161 1743 Dei
1179 1685 1238 1744 teil

192 1759 245 1818 llic
268 1773 366 1821 autern
390 1759 531 1838 videmus,
551 1784 611 1842 quo
632 1784 688 1824 nos
708 1761 841 1842 impellat
858 1773 903 1822 stu
918 1772 945 1820 ta
964 1773 1133 1822 sanctorum
1143 1761 1238 1820 Patrut

192 1835 268 1895 tatio.
308 1838 489 1899 Obtendunt
507 1839 633 1900 Iacobus
654 1850 685 1898 ct
703 1839 831 1899 Ioannes
850 1837 934 1898 Eliae
955 1835 1129 1917 exemplum,
1148 1839 1201 1898 sed
1221 1859 1238 1897 n

191 1914 320 1992 tendunt,
340 1925 482 1994 qnantum
493 1916 530 1975 ab
544 1915 610 1976 Elia
624 1916 776 1978 differant:
796 1937 858 1976 non
879 1915 957 1975 bene
977 1914 1143 1974 examinant
1160 1914 1218 1974 zeli
1236 1945 1238 1972 t

191 1991 370 2069 temperiem,
390 1991 495 2052 adDei
514 1993 702 2053 vocationem
718 2013 781 2052 non
799 1991 968 2072 respiciunt.
999 1992 1045 2050 Ae
1067 1991 1238 2070 uespeciost

191 2074 264 2126 textu
282 2089 366 2128 suam
385 2067 584 2128 idololatriam
605 2069 745 2128 fucabant
764 2067 936 2140 Samaritae,
955 2068 1040 2126 sicuti
1080 2067 1185 2126 abetur
1199 2068 1238 2126 lo¹

191 2147 242 2217 20,
261 2147 312 2206 scd
334 2144 474 2204 errabant
493 2145 623 2224 utrique,
663 2144 726 2216 uod,
743 2144 826 2204 nullo
847 2143 981 2204 adhibito
1002 2142 1117 2202 delectu
1137 2142 1237 2202 simiae

190 2238 270 2298 quam
289 2221 454 2282 imitatores
472 2233 641 2282 sanctorum
687 2231 781 2279 atrum
802 2230 894 2280 erant.
926 2219 1104 2298 Quanquam
1117 2219 1238 2278 autcmd

193 2307 243 2370 est,
266 2309 416 2377 putentne
440 2291 496 2356 sibi
520 2297 551 2354 in
576 2317 665 2354 manu
685 2315 747 2355 esse
766 2295 947 2376 potentiana,
972 2315 1010 2353 an
1029 2294 1086 2354 sibi
1107 2314 1123 2354 a
1144 2294 1238 2355 Christ

191 2385 301 2448 petant:
321 2372 394 2432 mihi
413 2383 512 2431 tamen
532 2372 590 2432 hoc
609 2371 702 2452 magis
720 2369 877 2451 probabile
889 2382 943 2446 est,
962 2371 1043 2460 quod
1054 2368 1141 2430 stulta
1151 2370 1239 2430 fiduci

190 2451 273 2511 modo
294 2459 408 2586 aginust
427 2448 575 2525 Christus,
598 2448 635 2509 ad
661 2448 875 2528 exsequendam
897 2445 1057 2508 vindictam
1080 2465 1112 2505 se
1138 2459 1238 2506 armat«

190 2543 246 2586 uon
266 2527 305 2590 du
329 2526 413 2586 itent

258 2609 308 2670 55.
347 2601 473 2662 Nescitis
487 2603 568 2660 cairo
583 2601 713 2678 Spiritus
725 2621 784 2660 noa.
824 2599 892 2660 Hoc
910 2617 1054 2679 responso
1069 2619 1134 2658 non
1150 2597 1238 2658 modo

177 2695 251 2766 ‚ncrp
271 2681 416 2761 impeturn
438 2677 572 2738 Christus
591 2678 622 2737 in
643 2676 758 2740 duobus
778 2675 927 2756 discipulis
942 2675 1133 2755 compescuit,
1152 2675 1238 2736 sedrt

190 2753 272 2817 nobis
288 2756 427 2825 omnibus
445 2755 643 2836 praescripsit,
662 2775 701 2814 ne
712 2753 778 2814 zelo
791 2765 895 2814 nostro
908 2751 1122 2834 indulgeamus.
1155 2751 1237 2812 Proh

190 2829 242 2892 sibi
259 2835 410 2895 conscium
433 2853 496 2894 esse
516 2844 649 2912 oportet,
668 2832 732 2912 quis
754 2830 798 2892 uis
818 2829 928 2910 aliquid
948 2831 1129 2912 aggreditur,
1150 2829 1231 2909 quod

191 2916 248 2966 tum
266 2909 326 2971 Dei
346 2923 496 2971 auctorem
519 2912 682 2988 ducemque
703 2853 825 2984 habeat,
849 2919 993 2986 rectoque
1014 2916 1045 2966 et
1065 2927 1140 2986 puro
1161 2918 1238 2988 agatr

192 2981 336 3047 instinctu.
374 2988 485 3047 Multos
504 2985 638 3067 impellet
657 2985 715 3046 aeli
734 2987 845 3060 servor,
864 2985 926 3058 sed,
945 2983 1068 3048 sideest
1079 2983 1236 3064 Spiritusp

191 3059 256 3137 tiae,
275 3062 423 3124 ebulliunt
442 3064 472 3124 in
492 3083 622 3145 spumas:
642 3083 730 3154 saepe
742 3063 834 3123 etiam
851 3059 1010 3144 contingit,
1030 3060 1096 3120 zelo
1108 3059 1238 3122 turbidos

192 3135 309 3201 allectus
328 3141 489 3232 permixtos
510 3162 583 3214 csse,
604 3151 635 3201 et
654 3162 705 3220 qur
725 3139 859 3200 acerrimi
878 3137 1015 3200 videntur
1026 3137 1138 3219 gloriae
1149 3137 1238 3220 Deiz

193 3231 337 3277 excoctam
356 3217 472 3298 privato
493 3216 588 3278 earnis
608 3217 727 3277 aflectu.
760 3216 862 3289 Quare
882 3213 938 3274 nisi
957 3213 1023 3274 zelo
1043 3225 1147 3274 nostro
1164 3236 1238 3305 prae

194 3287 324 3370 Spiritus,
344 3295 380 3356 ad
401 3295 619 3354 excusationem
638 3293 712 3352 nibil
733 3291 867 3372 proderit
886 3291 1006 3366 iactare,
1025 3289 1099 3350 nihil
1116 3291 1172 3351 nist
1187 3291 1238 3351 bor

193 3363 274 3428 luisse
298 3391 315 3428 a
340 3370 429 3432 nobis
455 3383 612 3442 tentatum,
648 3370 774 3450 Spiritus
795 3381 892 3429 autern
911 3368 974 3447 ipse
995 3367 1119 3428 consilio
1141 3379 1171 3427 et
1190 3389 1238 3447 pru

194 3459 243 3500 nos
261 3458 362 3528 reget,
387 3468 425 3507 ne
452 3447 521 3526 quid
542 3459 660 3527 praeter
680 3442 811 3506 oslicium
830 3445 878 3504 vel
899 3445 971 3504 citra
989 3444 1193 3518 vocationem,
1218 3444 1235 3503 d

193 3515 244 3576 nisi
262 3525 423 3600 prudenter
443 3536 474 3584 et
493 3535 662 3603 opportune
682 3533 842 3583 tentemus:
871 3520 978 3581 deinde
997 3532 1110 3580 mentes
1130 3531 1238 3579 nostra*

193 3603 264 3682 tersa
285 3601 364 3662 omni
386 3599 480 3660 carnis
501 3601 599 3672 faece,
624 3609 706 3659 recto
731 3599 842 3659 allecto
866 3597 995 3672 imbuet,
1020 3619 1058 3656 ne
1085 3596 1156 3686 quid
1176 3616 1233 3730 app

194 3671 246 3728 ursi
264 3678 343 3752 quod
356 3676 438 3736 Deus
452 3676 614 3737 dictaverit.
643 3675 822 3756 Perstringit
833 3673 1064 3737 etiamChristus
1076 3671 1189 3751 discipu
1204 3692 1238 3730 os

195 3741 279 3828 longe
298 3774 314 3811 a
334 3754 438 3833 spiritu
457 3751 683 3826 Eliaeremoti,
708 3773 863 3834 perperam
889 3752 969 3831 quod
996 3749 1045 3810 illc
1071 3748 1160 3830 gessit
1186 3746 1238 3806 sibi

194 3837 270 3898 pent
306 3831 381 3890 Nam
401 3829 482 3894 Elias
501 3829 560 3889 Dei
579 3827 735 3903 iudicium,
754 3833 835 3909 quod
855 3827 897 3888 illi
916 3829 1085 3887 mandatum
1105 3834 1204 3884 erata
1225 3823 1238 3882 Ε

196 3917 360 3986 etsequutus
381 3918 440 3967 est:
460 3907 507 3968 isti
528 3918 625 3966 autern
645 3927 706 3968 non
726 3905 786 3966 Dei
806 3908 893 3982 iussu,
913 3905 965 3968 sed
986 3903 1080 3964 earnis
1099 3899 1238 3980 impulsus

196 3971 293 4038 dietam
313 3984 477 4073 prosiliunt
518 3983 622 4058 Quare
643 3983 715 4042 nihil
728 3984 815 4046 nobis
831 3984 1057 4066 patrocinantur
1070 3991 1238 4042 sanctorum

195 4049 249 4136 Pla,
268 4058 323 4125 uisi
342 4060 430 4138 idem,
450 4061 501 4143 qui
520 4062 587 4126 illos
607 4059 713 4126 direxit
731 4061 870 4148 Spiritus,
889 4063 921 4121 in
941 4055 1027 4119 nobis
1047 4053 1169 4116 habitet.
