2756 4838
132 191 219 282 ⁵18⁰
283 269 291 278 .
437 207 554 272 SECT.
574 207 655 272 xvl.
694 222 773 268 :sss
793 222 828 271 su
849 221 1050 272 incusserat.
1100 289 1107 304 ·

164 365 244 426 nulla
261 364 417 426 occasione
432 384 484 425 eru
506 365 540 440 it,
559 374 743 444 quantopere
763 359 852 422 nobis
871 359 1033 420 urendum
1053 368 1108 434 est,
1125 357 1184 422 ubt-
1194 361 1330 440 suppetit

164 441 296 516 materia,
316 463 390 521 quae
411 463 464 502 occ
497 451 557 500 tum
577 439 587 500 i
632 459 678 500 em
697 435 864 517 concipiat?
884 437 988 515 ltaque
1003 436 1146 510 videmus,
1164 447 1199 496 ut
1212 436 1253 510 ,in
1273 459 1327 518 po-

134 516 141 530 *
165 519 274 578 tentiae
295 529 326 578 et
346 519 492 578 bonorum
512 515 702 597 amphtudine
722 515 836 576 ferveat
855 513 994 590 ambitio,
1018 514 1148 573 flammas
1170 533 1210 572 ue
1237 513 1328 596 longe

164 607 195 655 et
213 594 272 655 late
292 595 414 670 emittat,
433 595 489 654 nisi
507 594 625 673 spiritus
644 591 805 654 modestiae
826 610 844 652 e
864 591 951 650 coelo
970 589 1137 671 restinguat
1151 533 1328 650 baereutem

164 673 196 732 in
217 673 367 732 bominum
388 683 489 731 natura
509 669 685 750 superbiam.

146 787 152 798 ι
238 753 285 814 25.
324 747 425 822 Scitis,
557 749 705 824 principes
733 747 861 820 gentium
891 741 1073 803 domimum
1100 741 1171 802 illis.
1225 741 1326 802 Primo

164 823 380 884 diciturcosad
392 825 460 885 seC
483 823 567 884 ristus
581 843 711 898 vocasse,
731 833 764 880 ut
781 841 913 881 seorsum
924 839 975 879 eos
986 817 1169 900 obiurgaret.
1195 817 1327 879 'Deinde

163 899 231 960 binc
248 899 422 982 colligimus,
442 921 531 980 quurn
551 920 602 960 eos
621 920 690 961 suae
711 897 877 979 cupiditatis
896 895 1031 976 puderet,
1051 914 1114 955 non
1134 893 1235 974 palam
1256 917 1326 976 que-

145 973 225 1036 ‘stos
245 997 317 1051 esse,
336 978 388 1039 sed
410 977 490 1057 quasi
510 997 630 1036 raucum
648 996 779 1036 murmur
793 972 886 1034 ‘fuisse
906 971 1071 1044 subortum,
1091 984 1123 1030 et
1134 971 1212 1032 clam
1223 993 1326 1032 unum-

104 1091 109 1108 .
165 1071 310 1186 quempue
330 1074 361 1113 se
382 1052 552 1134 praetulisse
572 1052 643 1112 aliis.
682 1051 778 1112 Porro
800 1071 861 1110 non
882 1048 1062 1132 generaliter
1082 1048 1214 1138 disserit,
1241 1070 1327 1128 quam

163 1128 253 1188 morti
267 1149 316 1189 era
336 1130 373 1188 sit
392 1130 481 1210 pestis
501 1129 633 1204 ambitio,
652 1129 705 1188 sed
724 1126 896 1206 simpliciter
914 1126 1063 1199 admonet,
1082 1123 1157 1183 nibal
1177 1125 1327 1184 essestul-

163 1205 220 1264 tius
241 1225 326 1284 quam
347 1206 383 1266 de
403 1206 496 1265 nihilo
517 1225 659 1287 pugnare.
692 1203 831 1264 Ostendit
844 1203 922 1261 enim
935 1201 1103 1281 primatum,
1144 1201 1173 1260 ui
1188 1201 1328 1260 terunti-

163 1281 209 1356 nis
228 1281 305 1341 inter
326 1282 404 1362 ipsos
424 1303 508 1342 causa
529 1293 601 1356 erat,
620 1282 652 1340 iu
668 1301 764 1362 regno
775 1299 829 1339 suo
840 1278 953 1339 nullum
965 1297 1036 1338 esse.
1075 1221 1229 1338 falluntur
1240 1298 1328 1360 ergo,

165 1357 215 1436 qui
227 1355 335 1418 dictum
348 1359 405 1419 boc
417 1359 452 1418 ad
467 1378 569 1419 omnes
588 1357 653 1444 pios
693 1356 838 1417 romiscne
859 1355 1029 1428 extendunt,
1048 1373 1139 1433 quun:
1159 1365 1272 1413 tantum
1292 1375 1328 1414 ex

164 1455 197 1496 re
216 1435 279 1526 ipsa
299 1436 405 1496 doceat
424 1433 566 1511 Christus,
585 1379 725 1496 ridiculos
745 1453 809 1493 esse
828 1430 1007 1513 Apostolos,
1026 1431 1077 1510 qui
1097 1431 1143 1519 de·
1155 1430 1251 1512 gradu
1269 1451 1329 1510 po-

163 1523 276 1570 tentiae
295 1510 342 1572 vel
355 1512 484 1572 'bonoris
504 1512 536 1571 in
556 1510 661 1572 ordine
672 1530 725 1571 suo
738 1509 815 1570 disce
837 1519 912 1582 tant,
931 1507 1000 1587 quia
1014 1507 1143 1567 docendi
1154 1528 1272 1582 munus,
1290 1509 1328 1568 ad

186 1587 246 1647 uod
266 1585 400 1648 destinati
421 1601 515 1662 erant,
535 1587 635 1646 muudi
650 1585 779 1667 imperiis
790 1606 821 1644 nr
844 1585 863 1643 il
877 1583 1091 1644 affinebabeat.
1131 1583 1246 1644 Fateor
1260 1585 1324 1664 qni-

117 1693 121 1716 ι
187 1684 249 1738 em,
272 1675 332 1724 tam
357 1665 393 1724 ad
418 1665 549 1744 privatos
573 1662 707 1723 homines
733 1683 819 1742 quarn
845 1661 880 1722 ad
905 1679 991 1743 reges
1012 1671 1043 1720 et
1059 1661 1250 1751 magistratus
1273 1681 1324 1739 pa-

54 1765 62 1781 ν
165 1750 229 1799 tere
248 1741 324 1800 banc
343 1741 521 1801 doctrinam:
545 1739 614 1818 quia
638 1759 727 1802 uerno
757 1740 786 1798 in
808 1737 1031 1820 Cbristi'grege
1050 1757 1168 1797 censeri
1188 1749 1327 1814 ureretur,

165 1816 221 1874 nisi
242 1815 291 1894 qui
311 1815 364 1875 sub
386 1815 554 1876 humilitatis
572 1817 712 1898 magistro
732 1815 772 1876 ita
792 1813 938 1896 profecit,
965 1825 997 1873 ut
1020 1806 1093 1872 nihil
1117 1812 1176 1872 sibi
1196 1827 1326 1952 arroget,

165 1891 216 1952 sed
236 1889 272 1949 ad
292 1891 449 1951 colendum
471 1892 629 1951 fraternum
650 1911 780 1951 amorem
800 1911 831 1952 se
851 1891 1009 1951 submittat.
1053 1891 1107 1949 Est
1126 1890 1187 1950 boc
1208 1891 1259 1970 qui
1280 1913 1324 1950 em
1371 1957 1372 1966 χ

140 1985 276 2041 -verum,
295 1968 345 2028 sed
368 1965 478 2027 Christi
498 1967 651 2030 consilium
672 1971 722 2047 (ut
740 1967 812 2046 dixi)
831 1965 898 2042 luit,
916 1964 1066 2047 spirituale
1086 1963 1241 2026 Ecclesiae
1258 1989 1324 2030 suae

164 2043 297 2124 regimen
317 2065 333 2104 a
352 2043 478 2104 terrenis
496 2044 625 2125 imperiis
645 2044 823 2120 discernere,
842 2064 880 2104 ne
890 2043 1030 2124 Apostoli
1039 2043 1149 2103 aulicas
1160 2044 1269 2124 gratias
1287 2047 1324 2106 ad

164 2139 195 2181 se
215 2117 421 2180 transferrent:
442 2141 508 2182 nam
528 2134 561 2181 ut
580 2121 703 2201 quisque
722 2121 800 2180 inter
819 2140 958 2200 proceres
977 2141 994 2181 a
1012 2119 1132 2200 regibus
1144 2131 1270 2196 amatur,
1289 2121 1324 2182 ad

165 2215 238 2276 opes
259 2207 288 2256 et
307 2196 505 2276 praefecturas
526 2197 706 2258 conscendit
747 2195 880 2260 Christus
899 2207 997 2256 autern
1015 2195 1153 2258 Pastores
1174 2197 1325 2258 Ecclesiae

164 2291 233 2332 suae
258 2273 407 2354 praeficit,
431 2293 493 2334 non
517 2273 568 2354 qui
594 2274 798 2350 dominentur,
822 2275 873 2334 sed
898 2273 1073 2334 ministrent.
1112 2273 1159 2332 Ita
1180 2273 1325 2336 refellitur

151 2348 420 2429 ,Anabaptistarum
440 2371 535 2424 error,
555 2351 605 2431 qui
625 2371 710 2432 reges
731 2361 761 2412 et
780 2351 963 2442 magistratus
983 2347 1019 2410 ab
1040 2349 1176 2411 Ecclesia
1196 2351 1257 2410 Dei
1276 2373 1321 2411 er-

163 2426 333 2500 terminant,
351 2427 418 2506 quia
433 2426 566 2488 Christus
587 2440 677 2564 neget
695 2427 753 2488 suis
773 2426 920 2506 discipulis
940 2446 1002 2486 esse
1021 2425 1150 2498 similes:
1168 2447 1262 2506 quum
1277 2427 1324 2488 fiat

163 2503 212 2564 bie
226 2503 418 2582 comparatio,
437 2525 499 2563 non
512 2503 627 2564 interC
651 2505 785 2564 ristianos
807 2513 837 2566 et
856 2502 997 2583 profanos
1017 2501 1165 2577 bomines,
1184 2503 1325 2565 sedinter

165 2577 271 2640 officia.
308 2578 394 2640 'Adde
420 2580 500 2660 quod
527 2600 589 2640 non
614 2593 671 2642 tarn
699 2581 850 2640 bominum
870 2599 1011 2660 personas
1029 2579 1159 2658 respexit
1180 2579 1327 2657 Christus,

185 2678 250 2716 uam
269 2656 419 2716 Ecclesiae
438 2678 507 2716 suae
527 2667 642 2718 statum.
679 2657 761 2716 Fieri
781 2655 858 2716 enim
879 2667 989 2736 posset,
1007 2668 1040 2716 ut
1059 2656 1109 2735 qui
1125 2657 1199 2738 pagi
1216 2657 1326 2718 relm-

159 2677 208 2792 dis
233 2733 291 2792 erit
313 2733 464 2807 dominus,
486 2733 571 2792 simul
593 2734 719 2794 docendi
739 2754 858 2813 quoque
878 2754 981 2791 munus
1001 2744 1127 2814 urgente
1148 2734 1327 2795 necessitate

162 2807 260 2870 obeat.
299 2807 358 2868 Sed
372 2807 489 2870 Christo
503 2809 647 2885 satisfuit,
689 2809 738 2868 uid
758 2809 835 2868 ierat
853 2829 957 2868 munus
970 2807 1191 2887 Apostolicum,
1213 2811 1324 2891 etquid

162 2883 199 2944 ab
222 2904 258 2944 eo
279 2883 406 2944 alienum
427 2886 473 2956 sit,
493 2895 627 2944 tractare.
668 2829 830 2958 Quaeritur
848 2885 958 2959 tamen,
978 2883 1191 2962 cuerristus,
1212 2889 1266 2967 qui
1280 2909 1326 2947 or-

162 2959 245 3018 diries
259 2959 290 3018 in
303 2960 435 3021 Ecclesia
446 2961 596 3020 distinctos
609 2960 744 3035 instituit,
764 2961 820 3024 boe
839 2961 908 3020 loco
928 2959 1034 3043 gradus
1055 2983 1160 3023 omnes
1177 2964 1324 3043 repudiet.

161 3035 287 3094 Videtur
307 3035 384 3098 enim
404 3037 445 3097 sic
466 3057 567 3097 omnes
588 3037 724 3115 deiicere,
743 3037 789 3096 vel
809 3037 910 3098 sultem
922 3037 1000 3098 inter
1010 3059 1041 3096 se
1051 3059 1194 3118 aequare,
1215 3053 1250 3100 ut
1262 3041 1324 3098 nul·

145 3109 312 3190 .lus·supra
332 3111 405 3172 alios
425 3113 559 3173 excellat:
584 3114 665 3192 atqui
685 3114 775 3193 longe
796 3113 873 3172 aliud
895 3113 986 3174 dictat
1009 3125 1132 3176 naturae
1157 3117 1249 3176 ratio.
1287 3118 1324 3176 Et

161 3185 267 3246 Paulus
278 3188 427 3248 Ecclesiae
446 3187 577 3270 regimen
599 3189 768 3250 describens
787 3190 829 3250 sic
848 3189 927 3250 varia
946 3184 1106 3262 miiristeria
1125 3205 1278 3268 recenset,
1297 3205 1324 3252 ut

59 3335 60 3341 ἵ
160 3263 351 3354 Apostolatus
371 3263 495 3346 dignitas
514 3265 649 3344 superior
668 3267 704 3326 sit
723 3267 878 3326 Pastorum
898 3266 1014 3328 officio:
1035 3268 1274 3330 etTimotbenm
1294 3289 1324 3328 ac

161 3339 263 3400 Titum
282 3339 359 3402 baud
379 3341 468 3408 dubie
481 3361 514 3401 ex
525 3341 583 3402 Dei
594 3344 732 3402 mandato
747 3365 811 3403 cum
823 3343 998 3403 auctoritate
1008 3342 1071 3403 aliis
1082 3365 1222 3424 praeesse
1236 3345 1323 3406 iubet

160 3415 358 3496 Respondeo,
377 3417 401 3477 si
421 3417 534 3502 singula
555 3420 670 3499 penitus
691 3420 863 3494 excutimus,
883 3420 997 3501 regesi
1020 3441 1067 3482 sos
1087 3441 1150 3480 non
1172 3421 1250 3482 iuste
1270 3443 1323 3481 nec

161 3493 292 3575 legitime
313 3495 468 3570 dominari,
487 3495 541 3559 nisi
562 3497 704 3558 serviant:
725 3497 754 3555 in
777 3497 833 3556 boc
853 3507 952 3556 tamen
973 3442 1094 3557 dilferre
1115 3519 1224 3560 munus
1238 3501 1318 3587 Apo-

160 3570 297 3630 stolieum
313 3591 330 3630 a
346 3583 466 3632 terreno
485 3571 663 3662 principatu,
684 3573 764 3652 quod
784 3593 869 3664 reges
891 3585 920 3632 et
940 3573 1124 3656 magistratus
1135 3597 1188 3634 sua
1200 3585 1319 3634 servabis

156 3662 222 3720 bon
242 3647 373 3728 impedit,
394 3669 547 3727 quominus
565 3649 721 3730 imperent,
741 3651 900 3727 etquidem
914 3671 978 3708 cum
991 3650 1150 3732 magnifico
1163 3651 1319 3731 splendore

161 3735 191 3784 et
209 3743 319 3804 pompa
339 3725 486 3784 emineant
506 3747 592 3804 supra
611 3725 753 3795 subditos.
792 3724 843 3786 Sic
862 3725 968 3800 David,
986 3725 1141 3801 Ezechias,
1163 3726 1259 3788 etalii
1280 3725 1319 3785 si-

158 3801 252 3875 miles,
272 3822 360 3879 quum
379 3801 538 3862 voluntarii
559 3814 656 3862 essent
675 3802 805 3862 omnium
825 3802 917 3877 servi,
943 3821 991 3862 sce
1014 3815 1062 3861 tro
1083 3813 1200 3878 tamen,
1221 3803 1320 3864 diade-

158 3889 236 3938 mate
252 3887 283 3936 et
298 3878 385 3948 solio,
404 3878 525 3958 aliisque
545 3877 707 3960 insignibus
718 3879 837 3938 fuerunt
848 3878 952 3937 ornati.
991 3823 1144 3940 Ecclesiae
1157 3893 1254 3940 autern
1267 3901 1318 3960 gu·

159 3952 295 4014 bernatio
315 3953 389 4013 nibil
409 3954 468 4014 tale
488 3955 623 4030 admittit,
665 3953 892 4016 uiaPastoribus
912 3954 984 4013 nibil
1004 3953 1068 4033 plus
1081 3953 1218 4016 Christus
1237 3957 1318 4017 detn-

158 4019 203 4102 lit,
222 4051 307 4108 quam
327 4043 360 4089 ut
378 4031 503 4090 ministri
521 4032 589 4104 sint,
608 4052 623 4090 a
644 3977 777 4090 dominio
798 4043 896 4091 autem
915 4051 1034 4111 prorsus
1054 4031 1234 4094 abstineant.
1261 4031 1316 4091 llic

160 4124 276 4182 quoque
288 4107 450 4168 notandum
462 4120 515 4182 est,
534 4107 625 4190 magis
646 4107 735 4168 dere
755 4108 815 4188 ipsa
837 4129 923 4188 quam
943 4107 979 4168 de
1000 4107 1111 4168 affectu
1131 4110 1237 4170 baberi
1256 4129 1316 4170 ser·

38 4209 44 4232 1
155 4198 286 4240 monem.
325 4183 365 4242 Se
388 4195 450 4244 arat
468 4183 601 4244 Christus
618 4183 779 4262 Apostolos
799 4206 815 4244 a
836 4205 939 4266 regum
960 4185 1076 4258 ordine,
1096 4207 1160 4248 non
1182 4187 1251 4266 quia
1272 4203 1318 4244 re-

157 4251 243 4334 gibus
262 4277 324 4318 sese
345 4205 457 4319 ellerre
473 4260 575 4336 liceat,
598 4261 649 4320 sed
670 4260 736 4340 quia
757 4261 842 4321 aliter
862 4261 952 4320 babet
971 4261 1053 4343 regia
1074 4263 1212 4323 conditio
1234 4281 1318 4342 quam

156 4334 484 4410 munushpostolicum.
512 4339 595 4418 Ergo
613 4357 703 4416 quum
718 4349 859 4418 utrosque
879 4337 1002 4399 humiles
1023 4359 1085 4400 esse
1106 4339 1224 4414 deceat,
1243 4357 1317 4400 sem·
