2790 4838
359 317 360 327 ,
402 262 662 322 arosrorosuu·
675 273 879 323 rssrtrurro.
1152 269 1209 334 art
1270 261 1273 266 ’

457 349 462 376 l
813 377 818 396 t

75 417 149 500 bos,
175 415 288 486 ‘Filius
314 377 575 483 etiamlhominis
598 413 816 484 confitebitur·
834 417 925 502 illum
952 437 1061 484 coram
1088 419 1210 504 angelis

10 593 11 612 g
75 522 146 586 Ilei.
190 523 221 586 9.
250 519 318 604 Qui
341 528 445 582 autem
470 521 633 602 negaverit
653 539 704 583 me
725 539 831 585 coram
853 517 1052 596 horninibus,
1079 518 1211 606 negati:

76 635 125 686 tur
146 641 260 689 coram
283 617 406 704 augelis
419 619 495 684 Dei.
517 617 805 704 (Eodcrncopite.)
829 621 880 686 51.
900 620 1022 686 Putatis
1043 619 1133 706 quod
1154 643 1211 706 pa-¹

76 705 143 788 ocul
167 725 314 786 venerim
337 723 489 784 missurus
510 721 544 784 in
566 725 700 786 terram?
741 723 827 802 Noa,
848 723 923 786 dico
943 719 1053 798 robis,
1074 724 1139 786 imo
1161 741 1211 787 se·
1257 720 1259 733 '

76 825 288 910 parationem.
325 821 381 916 '5²'
409 820 513 884 Erunt
536 824 626 908 *enim
650 845 690 888 ex
718 823 782 891 hoc
802 826 945 910 quinque
966 825 1001 886 in
1024 821 1122 887 domo
1146 841 1211 888 una

77 923 179 1000 divisi,
201 934 268 988 tres
291 921 444 1001 adversos
466 921 557 1000 duos,
579 933 611 988 et
631 923 697 991 duo
719 937 829 994 contra
852 936 926 991 tres.
967 924 1017 1000 53.
1039 921 1212 991 Dividetur

76 1035 168 1110 poter
190 1021 487 1099 adversaretur,
513 1033 553 1094 let
579 1023 666 1090 filius
687 1025 840 1092 adversus
860 1037 1000 1110 patrem:
1033 1035 1135 1089 mater
1156 1023 1212 1091 atl-

74 1145 188 1189 rersus
210 1124 326 1208 liliam,
349 1133 382 1188 et
402 1119 470 1188 filia
492 1122 644 1190 adversus
664 1137 812 1191 matrem:
842 1115 954 1192 socrus
977 1126 1131 1194 adversus
1152 1149 1212 1194 uu·

76 1247 147 1292 rum
169 1247 274 1304 suam,
298 1237 329 1291 et
350 1247 450 1290 nurus
473 1223 627 1292 adversus
647 1247 773 1292 socrum
795 1249 904 1334 suam..
931 1222 945 1248 ¹*
1169 1211 1179 1228 ²

155 1405 262 1470 Mettis.
285 1411 333 1472 32.
380 1403 484 1468 Ornnis
511 1429 581 1484 ergo
608 1411 660 1486 qui
688 1404 868 1486 confitebitur·
897 1392 951 1466 me.
997 1407 1214 1470 Accommodat

78 1504 159 1543 nunc
179 1483 216 1543 ad
236 1493 421 1573 praesentem
442 1505 540 1560 usum,
569 1486 649 1564 quod
674 1485 711 1546 de
737 1483 839 1544 mortis
859 1495 1032 1564 contemptu
1052 1481 1133 1564 prius
1153 1485 1213 1546 dis-

77 1559 181 1636 seruit,
201 1580 271 1640 quta
291 1560 459 1620 luctandum
479 1561 517 1619 sit
536 1575 638 1622 contra
657 1561 761 1621 mortis
782 1561 946 1636 horrorem,
968 1582 1006 1619 ne
1026 1559 1062 1621 ab
1082 1562 1212 1642 ingenua

77 1637 150 1698 fidei
170 1637 360 1698 consessione
381 1659 434 1698 nos
454 1651 589 1712 revocet,
617 1659 706 1718 quam
724 1637 806 1698 Deus
830 1657 932 1698 severe
954 1637 1057 1720 erigit,
1087 1640 1214 1707 mundus
1239 1679 1244 1696 r

77 1726 179 1774 autem
205 1714 284 1776 serre
309 1735 371 1774 nou
395 1725 503 1794 potest.
540 1717 623 1798 Ergo
648 1715 679 1774 iu
705 1716 784 1775 hunc
808 1714 896 1774 linem
918 1713 1029 1774 Christi
1054 1715 1214 1796 discipulos

78 1791 174 1850 sortes
199 1802 231 1850 et
252 1813 299 1851 ma
343 1791 454 1852 animos
480 1812 541 1852 erse
566 1791 721 1866 convenit,
756 1803 789 1852 ut
807 1811 923 1881 semper
948 1791 1072 1852 accincti
1098 1794 1157 1853 sint
1176 1793 1217 1866 ads

77 1866 261 1958 martyrium.
301 1872 303 1875 ’
328 1888 398 1930 orro
414 1868 523 1929 Christi
534 1869 692 1944 consessio,
712 1869 767 1930 etsi
787 1890 803 1928 a
821 1869 935 1928 maiori
947 1868 1098 1939 hominum
1158 1883 1215 1946 rte,

79 1964 164 2032 quast
190 1967 237 2005 res
264 1945 334 2008 levis
360 1944 537 2028 negligitur,
568 1947 615 2006 hic
639 1959 738 2008 tamen
763 1946 792 2005 in
818 1946 979 2027 praecipuo
1000 1945 1059 2006 Dei
1084 1967 1120 2008 cu
1132 1959 1164 2006 tu
1184 1959 1215 2008 et

77 2019 224 2102 singulari
246 2019 365 2102 pietatis
390 2023 529 2082 exercitio
554 2025 765 2098 censetur,‘et
792 2025 908 2086 merito.
951 2023 1027 2082 Nam
1053 2023 1078 2082 si
1102 2024 1215 2084 terreni

78 2117 168 2177 reges
188 2119 243 2178 pro
263 2098 378 2194 gloriae
396 2112 475 2158 suae'
486 2100 677 2181 amplitudine
696 2099 806 2176 tuepda
814 2099 1015 2183 augendisque
1026 2099 1133 2180 opibus
1143 2101 1215 2160 sub-

81 2175 161 2234 ditos
181 2195 249 2236 suos
269 2177 306 2236 ad
327 2195 406 2236 arma
423 2189 547 2250 vocant,
568 2200 620 2238 cur
638 2197 701 2236 non
719 2177 941 2260 linguarsaltem
962 2188 1094 2236 asserent
1113 2178 1215 2239 fideles

81 2251 220 2312 coelestis
239 2253 318 2334 regis
337 2253 381 2314 sui
401 2252 547 2344 gloriam?
587 2255 688 2328 Quare
708 2267 820 2317 eertum
841 2267 898 2324 est,
925 2271 976 2312 eos
996 2254 1084 2312 tidem
1103 2257 1217 2332 (quana

79 2341 146 2389 tum
165 2330 197 2390 io
217 2350 249 2388 se
267 2332 326 2409 cst)
346 2343 541 2410 exstinguere,
562 2331 612 2410 qni
632 2332 710 2406 intus
721 2351 784 2390 eam
794 2329 990 2410 supprimunt,
1010 2330 1092 2408 quasi
1110 2352 1238 2421 super-·

80 2426 174 2467 vacua
199 2418 276 2467 esset
300 2417 417 2466 externa
442 2407 504 2466 cius
527 2408 683 2486 professio.
720 2407 826 2485 Neque
851 2405 929 2464 enim
954 2406 1060 2478 frustra
1081 2405 1215 2468 Christus
1279 2439 1281 2462 t

81 2481 132 2542 tic
157 2503 214 2544 nos
239 2495 328 2544 vocat
351 2503 419 2543 suos
444 2494 547 2557 testes,
587 2503 712 2573 (prorum
738 2503 790 2542 ore
818 2501 927 2543 nomen
951 2482 1085 2540 suumin
1103 2485 1215 2554 mundo

82 2558 266 2620 celebretur:
286 2559 363 2633 vult,
382 2561 519 2640 inquam,
540 2559 674 2620 Christus
694 2557 819 2618 norrinis
838 2559 882 2618 sui
902 2557 1118 2648 professionepr
1140 2559 1217 2619 salsis

10 2643 12 2656 '
82 2635 281 2718 religionibus
301 2658 340 2717 op
364 2637 424 2697 oni.
464 2636 544 2710 Quia
563 2657 616 2696 res,
629 2635 731 2698 odiosa
752 2647 811 2709 est,
836 2635 923 2694 uobis
942 2633 1143 2694 testimonium
1164 2635 1218 2694 de-

83 2713 218 2788 nuntiat,
238 2735 276 2774 ne
295 2659 440 2776 suslocata
460 2712 550 2774 lateat
568 2714 600 2772 in
621 2713 711 2773 corde
731 2713 870 2789 cuiusque
889 2711 979 2784 fides,
998 2711 1050 2769 sed
1069 2709 1165 2790 palam
1184 2731 1218 2772 se

104 2790 329 2850 toleratcorarn
349 2789 526 2852 homiuibus.
566 2785 706 2870 Quisquis
726 2787 836 2871 refugit
848 2810 880 2847 ac
891 2787 966 2857 silet,
986 2806 1023 2844 an
1035 2786 1098 2846 noir
1111 2787 1218 2848 Filium

116 2867 144 2926 ei
164 2867 333 2928 frustrando
353 2889 384 2928 se
404 2869 499 2948 ipsum
519 2889 553 2926 er
572 2867 631 2928 llei
655 2866 762 2926 familia
787 2863 921 2925 abdicat?
959 2863 1132 2942 Requirttur
1173 2866 1219 2924 ui-

85 2945 154 3004 dem
176 2943 320 3004 illustrior
343 2945 412 3006 fidei
436 2943 584 3004 consessio
609 2965 624 3004 a
652 2941 838 3015 doctoribus,
870 2963 956 3021 quam
982 2939 1019 2999 ab
1050 2941 1162 3001 homini
1183 2963 1219 3004 us

85 3020 220 3100 privatis:
254 3021 362 3082 deiude
387 3019 455 3102 guia
472 3041 541 3080 aron
566 3041 668 3081 omnes
692 3043 727 3081 ae
750 3020 808 3080 uali
831 3019 899 3079 fidei
929 3039 1064 3110 recasura
1092 3019 1219 3109 praediti

87 3109 172 3170 sunt,
206 3118 266 3177 quo
293 3099 415 3178 quisque
441 3097 534 3179 magis
560 3110 712 3178 exsuperat
781 3097 863 3156 iritus
891 3097 990 3170 dones,
1018 3115 1135 3174 praetre
1163 3117 1219 3156 suo

87 3174 224 3254 cannplo
245 3173 343 3234 debet
382 3175 479 3235 Nemo
498 3186 596 3234 tamen
617 3187 660 3236 est
679 3174 824 3248 fidelium,
855 3194 942 3256 quem
962 3193 1025 3232 non
1046 3171 1153 3233 habere
1173 3185 1220 3236 tr-

87 3261 162 3308 stem
182 3251 255 3311 velit
273 3251 365 3315 Filius
384 3251 455 3310 Dei.
494 3249 651 3312 Caeterum
670 3249 896 3331 ubi‚*quauelo‚
917 3250 1045 3330 quoties,
1066 3251 1219 3328 quomodo

89 3339 120 3386 ct
141 3341 283 3408 quatenus
308 3327 475 3408 profitenda
499 3327 537 3387 sit
559 3327 633 3389 fides
655 3340 770 3402 nosue,
800 3341 909 3389 certam
934 3327 1030 3412 legero
1054 3328 1221 3408 praefigere

90 3403 211 3464 difficile
232 3417 291 3479 est,
315 3406 365 3464 sed
385 3407 542 3483 spectanda
563 3417 607 3465 est
626 3405 759 3478 occasio,
789 3425 827 3464 ne
869 3405 998 3484 uisquam
1018 3415 1152 3464 nostrum
1172 3404 1222 3464 ol-

89 3479 158 3540 ficio
169 3502 232 3541 suo
252 3481 287 3542 iu'
295 3491 430 3561 tempore
442 3481 525 3542 desit.
564 3479 711 3544 Petendus
727 3482 839 3543 etiama
883 3481 983 3542 omino
995 3481 1223 3558 estprudentiae

91 3569 123 3615 et
142 3557 322 3618 fortitudinis
341 3555 483 3637 Spiritus,
513 3580 574 3638 quo
601 3559 746 3620 directore
770 3559 893 3620 sciamus
919 3559 991 3638 quid
1010 3556 1160 3634 expediat,
1191 3570 1222 3616 et

89 3633 210 3694 sortiter
229 3655 294 3700 exse
338 3649 435 3709 aruer,
466 3637 677 3715 quod·oerturn
698 3635 753 3695 erit
773 3636 858 3696 nobis
878 3636 1018 3694 mandari.
1061 3632 1224 3714 cooptatos·
1267 3704 1270 3714 1

53 3755 67 3770 ,
91 3725 117 3769 et
134 3711 227 3771 illum.
272 3713 399 3772 Aditur
424 3712 595 3790 promissio,
626 3733 700 3792 quae
726 3712 821 3772 zelum
845 3723 979 3772 nostrum
1005 3711 1058 3770 hac
1083 3707 1114 3766 in
1139 3721 1223 3787 parte

92 3790 243 3848 accendat.
281 3789 436 3850 Notandte
458 3801 554 3852 autem
574 3802 643 3850 suut
661 3790 831 3850 antitheses:
853 3809 920 3848 narn
939 3789 1029 3848 sinos
1043 3783 1223 3846 conserimus

95 3885 161 3922 cum
181 3865 258 3924 Filio
278 3864 353 3939 Dei,
387 3877 584 3946 quam‘turpc
605 3862 800 3926 cst‘nostrum
821 3866 862 3926 illi
881 3864 1081 3928 testimouium
1100 3881 1224 3944 negare,
1308 3861 1317 3874 “

117 3963 185 4000 uum
205 3941 292 4000 nobis
311 3941 362 4001 illc
382 3963 464 4001 suum
483 3943 616 4017 vicissirnp
638 3943 718 4023 quasi
729 3942 977 4022 compensationis
997 3939 1223 4022 locogoll'erat't'

95 3962 127 4075 ἓί
147 4017 287 4078 mortales
307 4029 339 4077 et
356 4017 440 4078 nihili
461 4019 594 4079 homiues
615 4041 679 4080 cum
692 4022 758 4096 Deo
781 4032 811 4079 et
829 4019 941 4100 angelis
960 4027 1082 4092 totaque
1103 4016 1226 4076 coelesti

95 4093 190 4172 gloria
211 4092 400 4168 conserimus,
420 4109 532 4214 (guanto
552 4096 740 4156 excellentius
759 4107 812 4167 est,
853 4097 913 4156 uod
934 4089 1224 4174 promittithristus

96 4192 183 4248 quam
204 4173 285 4250 quorl
305 4171 442 4250 requirit.
471 4175 546 4232 Nam
580 4171 929 4234 uamvisincredulrsint
950 4170 1134 4230 hominesue
1155 4192 1225 4263 per-

63 4271 70 4306 r
96 4248 188 4320 versi,
217 4249 340 4327 perinde
364 4260 462 4308 tamen
491 4194 579 4329 quod(l
594 4249 652 4310 illis
678 4251 824 4311 reddimus
849 4249 1064 4322 testimonium,
1092 4261 1225 4310 aestimat
1275 4318 1281 4332 Ι

100 4323 233 4384 Christus
259 4325 317 4384 acsi
338 4337 415 4388 esset
432 4327 492 4388 Dei
512 4335 541 4384 et
562 4327 734 4408 angelorum
755 4341 915 4405 consessus.
954 4326 1027 4384 Itleo
1048 4327 1125 4404 apud
1145 4327 1225 4384 Mar-
1262 4321 1266 4334 ’

100 4417 167 4460 cum
187 4411 218 4462 et
235 4401 345 4466 Lucam
370 4403 566 4484 unplificaudi
592 4425 677 4469 caasa
702 4403 823 4480 dicitur,
859 4406 892 4463 tn
909 4399 964 4464 lor
979 4405 1063 4483 gerite
1081 4399 1226 4476 reama,
