2778 4838
453 247 535 326 (tsstt
573 241 681 306 ttutier
700 241 884 350 cananaea.)
1068 267 1070 277 ¹
1207 251 1248 313 93

82 395 168 479 quod
188 397 340 458 sedatum
360 415 423 458 esse
443 399 617 477 pronuntiat
636 397 740 464 ouibus

79 487 208 556 testatur
227 473 265 533 ad
283 476 458 534 servandum
479 476 559 555 quod
601 475 716 536 erierat.
755 419 818 536 liam
839 495 927 556 quurn
949 473 1035 541 uobis
1055 473 1145 535 hodie
1164 495 1247 537 tom·

80 551 180 612 munis
200 551 239 612 sit
259 550 321 610 eius
342 551 436 633 gratia
456 573 521 611 cum
542 497 668 626 Iudaeis,
688 552 864 636 colligimus,
883 550 976 632 qualis
995 551 1034 613 sit
1051 563 1152 612 nostra
1172 571 1247 612 con-

80 629 167 702 ditio,
190 630 286 687 donec
304 627 370 712 ipse
389 642 529 708 appareat
548 630 636 690 nobis
655 631 805 690 Servatur.

123 711 206 778 ,ab
246 704 309 764 ttta
333 709 408 764 uenit
430 720 457 764 et
480 707 622 769 odorum.
661 707 788 766 Videtur
812 704 920 767 mulier
944 703 1147 766 obstinatione
1172 727 1247 786 qua-

81 783 148 843 dam
170 781 294 857 luctari,
317 793 351 841 ut
376 781 413 840 ab
437 783 532 843 invito
553 782 663 874 aliquid
684 775 871 874 extorqueat,
896 783 1030 844 sednon
1051 781 1223 844 dubiumes
1295 843 1298 852 Δ

80 861 154 940 quin
176 868 323 938 concepta
343 859 380 918 de
392 859 516 919 blessiae
537 859 671 921 bonitate
690 861 761 921 fides
781 860 860 920 ullam
880 861 920 920 sic
940 859 1121 920 animaverit
1152 796 1248 934 Quod

80 945 180 997 autem
194 935 317 995 Christo
335 935 467 1015 praecise
478 948 619 1018 negante,
640 938 696 998 boc
713 957 775 999 esse
789 937 834 997 sui
851 937 955 1012 oflicii,
975 957 1038 998 earu
1057 957 1119 996 non
1139 937 1247 997 terruit

79 1011 291 1150 gepugnputig,
310 1013 756 1151 ⁰⁶9⁰²d91f⁰¹⁵¹²lf⁰p⁰il²gg
775 1014 844 1104 binc
859 1014 1037 1150 lacturpssest,
1058 1014 1139 1104 quod
1158 1013 1246 1093 peni-

81 1107 726 1258 ..tat{ttt.t‘¹⁰lt,¹..⁰ttz¹.‘“titt
745 1111 984 1241 dimidio,
1004 1109 1265 1250 tttttttttt

80 1242 182 1304 salutis
203 1253 322 1332 nostrae
341 1244 536 1324 prancrpium,
556 1244 637 1324 quod
657 1243 687 1303 in
708 1244 802 1306 verbo
821 1189 881 1304 liei
900 1243 1055 1304 fundatum
1074 1256 1136 1320 est,
1160 1242 1245 1304 nullo
1265 1249 1273 1262 “

80 1321 172 1381 modo
194 1319 283 1380 nobts
303 1319 400 1379 excuti
418 1321 555 1399 patimur.

155 1402 205 1462 m
244 1395 316 1456 Note
333 1393 535 1456 ratdeeonm.
574 1397 635 1456 Iam
657 1395 791 1457 Christus
811 1395 947 1469 duriore,
973 1415 1060 1476 quam
1075 1394 1172 1476 ptius,
1194 1413 1246 1457 re·

79 1493 192 1554 sponsu
222 1493 305 1552 spem
332 1492 452 1534 omnem
479 1475 651 1553 praecidere
676 1473 805 1537 videtur:
832 1491 894 1532 uon
920 1473 998 1532 enirn
1023 1471 1120 1533 solum
1145 1471 1247 1547 docet,

80 1549 222 1632 quicquid
243 1549 392 1684 accepitla
413 1549 502 1640 lfatre
521 1551 634 1643 gratiae
649 1551 765 1612 Iudaeis
785 1549 900 1626 deberi,
920 1561 950 1610 et
969 1548 1026 1640 illis
1047 1567 1109 1610 esse
1123 1547 1244 1684 dispep-

77 1627 591 1794 sems.tsur.:r.;tr
605 1626 1245 1794 tutari.attestatus&aare

78 1801 147 1841 suae
178 1789 307 1870 anticeps
318 1779 376 1840 liat
416 1724 575 1842 ilaeterum
595 1793 628 1842 ut
647 1781 726 1842 clare
740 1781 829 1842 uobis
847 1791 947 1862 pateat
961 1793 1073 1855 sensus,
1091 1777 1245 1842 serendum

177 1879 205 1916 rc
225 1877 324 1916 rocon
502 1879 679 1920 rorumnon
721 1879 837 1918 uacre
902 1877 929 1918 er
971 1875 1089 1930 oua,se
1160 1877 1243 1916 num

81 1801 178 1932 esui
317 1857 514 1938 'pamfli'
700 1878 719 1939 q
777 1855 968 1918 t·ttlt‘d
1091 1857 1192 1916 dtat

79 1953 155 2012 quae
180 1932 318 1994 distincte
342 1934 480 1995 Abrahae
505 1947 536 1995 et
561 1936 623 1996 eius
647 1935 753 2019 generi
776 1933 951 1996 contulerat.
988 1933 1065 1994 Nam
1093 1931 1130 1993 ab
1154 1932 1244 1994 initio

79 2009 182 2070 mundi
201 2009 244 2068 sic
259 2009 353 2069 elima
368 2011 479 2091 ubique
495 2011 552 2072 suit
567 2012 626 2073 Dei
642 2013 770 2086 bonitas,
788 2011 850 2072 imo
871 2009 987 2072 coelunt
1008 2023 1038 2070 et
1056 2022 1167 2070 terram
1186 2009 1243 2069 im-

77 2087 188 2224 plprit,
212 2096 245 2144 ut
265 2097 377 2178 patrem
404 2088 500 2168 ipsum
518 2089 666 2150 senserint
685 2109 788 2150 omnes
807 2087 956 2148 mortales.
995 2086 1057 2148 Sed
1077 2087 1146 2222 quia
1164 2085 1243 2148 filios

125 2165 215 2224 rahae
236 2183 349 2224 mature
375 2164 492 2225 bonore
511 2166 648 2248 dignatus
672 2165 769 2224 firerat
795 2185 882 2245 quam
908 2163 962 2224 reli
987 2185 1055 2222 uum
1103 2183 1243 2224 umanum

79 2261 188 2324 genus,
213 2240 298 2319 panis
318 2240 447 2302 filiorum
467 2241 574 2302 dicitur
593 2241 732 2322 quicquid
751 2241 873 2322 proprie
893 2239 929 2300 ad
949 2185 1029 2300 illam
1049 2239 1243 2319 adoptionem

78 2329 202 2408 spectat,
223 2337 280 2396 qua
299 2316 356 2378 soli
374 2317 477 2408 ludaei
497 2317 585 2378 electi
605 2329 689 2410 erant
707 2317 739 2376 in
759 2317 845 2380 filios.
884 2316 965 2377 Luce
979 2317 1060 2390 solis,
1078 2315 1161 2407 uitali
1179 2315 1241 2397 spi-

77 2393 1243 2550 trattati-¹3,'lttzttt‘t'tttt{23it‘l.².”.‚‘'¹.‘..⁰tt.¹tltttttttt

78 2547 225 2610 Abrabae.
267 2547 368 2622 Quare
389 2548 460 2621 sine,
473 2547 640 2608 discrimine
660 2547 751 2628 vulgo
772 2567 933 2626 exponere,
953 2543 1034 2626 quod
1046 2545 1241 2627 Deussiogu-

77 2625 130 2684 lari
152 2623 309 2715 privilegio
330 2645 422 2704 penes
442 2636 560 2708 gentem
581 2643 669 2684 uuam
683 2625 870 2704 deposuerat,
890 2621 964 2683 nibil
979 2621 1058 2681 aliud
1075 2631 1140 2682 erat
1153 2641 1241 2706 quarn

77 2701 201 2762 abolere
214 2701 273 2760 Der
284 2700 402 2760 foedus:
423 2723 489 2760 nam
511 2702 568 2762 boc
587 2701 680 2760 modo
700 2699 825 2774 Iudaeis,
847 2720 921 2779 quos
941 2693 1244 2782 excellere'decebat,

98 2799 164 2838 ares
184 2774 296 2836 fiebant
314 2789 427 2859 gentes.
465 2779 538 2838 Ideo
560 2775 694 2838 Christus
708 2777 884 2853 proiiciemlt'
901 2775 995 2836 verbo
1014 2775 1124 2849 utitur,
1147 2774 1242 2854 signi-

77 2797 169 2914 lcans
190 2875 252 2913 non
273 2853 350 2914 bene
371 2852 474 2929 locari,
493 2855 574 2933 quod
593 2853 743 2914 Ecclesiae
762 2853 821 2914 Dei
841 2855 970 2916 ablatum
990 2851 1122 2933 profanis
1142 2849 1240 2912 bomi-

76 2930 165 2990 nibus
184 2929 329 3012 vulgatur.
369 2931 437 2992 Hoc
461 2943 558 2993 autem
584 2931 724 3014 restringi
749 2930 841 2992 debet
864 2932 900 2992 ad
924 2942 1039 3010 tempus
1064 2927 1154 3004 illud,
1177 2945 1239 3008 quo

76 3005 161 3066 Deus
176 3007 370 3068 invocabatur
386 3019 499 3068 tantum
515 3009 546 3068 in
562 3007 679 3068 Iudaea.
718 3009 793 3068 Nam
814 3029 849 3069 ex
868 3030 928 3090 quo
949 3006 1057 3070 ascitae
1075 3017 1144 3067 sunt
1163 3025 1239 3088 geu-

77 3095 121 3143 tes
141 3081 173 3142 in
193 3083 376 3146 consortium
396 3085 525 3145 eiusdem
545 3084 643 3146 salutis
664 3085 760 3165 (quod
781 3086 889 3147 lactum
911 3097 970 3159 est,
994 3083 1046 3143 ubi
1066 3101 1121 3163 per
1138 3085 1240 3144 Evan-

76 3159 188 3242 gelium
203 3157 337 3218 Christus
346 3159 455 3242 ubique
472 3161 589 3238 illuxit),
609 3162 755 3222 sublatum
776 3175 821 3224 est
840 3163 1005 3236 discrimen,
1025 3171 1067 3235 ut,
1089 3159 1138 3240 qui
1157 3141 1240 3241 priud

77 3256 166 3301 canes
186 3247 285 3310 erant,
299 3256 389 3326 ‘nunc
407 3250 583 3328 reputentur
600 3237 679 3300 inter
697 3238 784 3300 filios.
824 3237 982 3300 Caetemm
1002 3238 1050 3300 bie
1069 3237 1164 3300 iaceat
1183 3255 1238 3296 ne-

75 3333 158 3374 cesse
171 3324 215 3374 est
226 3313 478 3394 carnrssuperbra,
498 3316 550 3376 ubi
569 3315 712 3391 audimus,
729 3337 786 3376 uos
800 3317 917 3397 origine
930 3335 992 3378 esse
1003 3335 1101 3378 canes.
1138 3313 1238 3374 Maior

98 3391 197 3450 uidem
217 3388 254 3448 ab
274 3389 362 3450 initio
382 3391 438 3450 luit
456 3391 600 3452 humanae
620 3405 742 3453 naturae
762 3393 950 3475 praestantia,
975 3394 1007 3453 in
1027 3413 1084 3472 qua
1105 3389 1239 3474 fulgebat

109 3467 138 3526 ei
156 3465 272 3550 imago,
291 3485 379 3547 quarn
399 3479 510 3529 uttam
528 3468 707 3550 probrosum
725 3490 835 3532 nomeu
855 3470 886 3529 in
905 3481 1010 3552 gentes
1030 3487 1134 3528 omues
1153 3486 1238 3527 com-

75 3553 210 3680 peteret,
230 3543 365 3624 adeoque
389 3545 421 3604 in
440 3545 519 3625 ipsos
539 3565 624 3626 reges
645 3567 720 3628 quos
738 3545 821 3608 Deus
840 3567 894 3609 suo
914 3546 1002 3606 titulo
1022 3545 1160 3626 insignit,
1184 3540 1238 3602 sed

89 3620 148 3681 ecit
165 3621 250 3680 Adae
271 3620 394 3699 perfidia
415 3633 445 3682 et
464 3621 611 3698 delectio,
631 3631 664 3684 nt
682 3623 830 3686 Dominus
849 3624 957 3685 merito
979 3643 1045 3684 cum
1065 3618 1186 3680 canibus
1205 3617 1237 3676 iu

75 3696 292 3776 sterquilinium
314 3697 463 3777 proiiciat,
483 3699 533 3779 qui
548 3699 636 3778 primi
675 3701 784 3760 arentis
800 3701 886 3792 culpa
899 3699 968 3760 sacti
978 3710 1046 3758 sunt
1058 3697 1236 3778 degeneres:

76 3775 237 3854 praecipue
251 3773 303 3834 ubi
319 3774 352 3832 fit
366 3790 431 3836 com
455 3777 548 3836 aratio
565 3776 644 3836 intel·
670 3778 792 3853 adaeus,
811 3791 862 3857 qua
883 3775 1009 3856 exempti
1029 3783 1097 3833 sunt
1116 3793 1134 3830 a
1153 3791 1236 3831 com·
1260 3826 1269 3836 ,

75 3851 159 3912 muni
180 3861 275 3924 sorte,
301 3861 332 3911 et
353 3797 495 3932 gentiles,
522 3851 572 3932 qui
593 3852 724 3914 exsulant
743 3875 760 3916 a
778 3874 875 3938 regno
895 3852 962 3914 Dei.
1003 3849 1117 3910 Clarius
1139 3847 1237 3928 expri-

74 3928 166 3988 mitur
186 3927 341 3989 consitium
363 3928 474 3991 Christi
493 3930 570 4010 apud
589 3929 738 4006 Marcum,
763 3929 815 3992 ubi
840 3929 983 4006 babetur,
1005 3931 1067 3986 stur
1081 3925 1168 4001 prise
1185 3945 1236 3986 sa-

73 4005 283 4096 mer-iflico
322 4007 398 4066 Nam
425 4006 612 4068 Cananaearn
638 4007 780 4068 admonet
803 4017 995 4089 praepostere
1023 4003 1136 4077 facere,
1160 4021 1236 4082 quae

74 4083 157 4143 velut
176 4103 208 4140 tu
227 4080 323 4141 media
344 4101 437 4144 coena
457 4083 488 4143 in
507 4103 636 4143 mensam
655 4083 779 4144 involat.
818 4083 977 4144 Caeterum
998 4079 1128 4161 quamvis
1148 4099 1236 4159 prae-

782 397 892 474 erditis,
912 397 988 457 sicut
1006 395 1078 458 alibi
1088 417 1121 460 se
1132 398 1247 460 venisse
1344 387 1352 404 ⁸

74 4159 163 4240 cipue
183 4160 343 4238 respexerit
362 4161 399 4219 ad
418 4161 591 4222 sumendum
613 4161 649 4221 de
670 4161 727 4222 fide
743 4161 873 4222 mulieris
889 4179 1021 4230 examen,
1040 4156 1235 4218 simultamen
1360 4207 1364 4228 ,

73 4236 188 4312 docuit,
209 4255 295 4314 quam
314 4235 461 4296 horrenda
474 4237 600 4298 Iudaeos
620 4237 695 4300 ultio
713 4248 858 4310 maneret,
879 4235 928 4316 qui
948 4235 1061 4297 bouum
1078 4234 1233 4314 incompa-

71 4313 168 4373 rabile
189 4311 268 4372 ultro
287 4309 343 4371 sibi
363 4311 495 4375 oblatum
515 4311 705 4394 respuebant,
723 4315 804 4396 quod
821 4311 884 4374 aliis
900 4313 1005 4394 cupide
1021 4311 1233 4390 ferventerque

69 4388 283 4472 appetentibus
302 4389 439 4471 negabat.
