2756 4838
64 207 65 213 ἵ
143 235 199 298 184
378 237 382 248 ¹
418 222 533 286 sect.
557 223 638 286 xvt.
677 237 755 283 tran
775 237 809 284 sn
831 235 1034 286 mensnram.

146 379 239 460 ioqui,
258 377 363 470 quibus
382 377 501 461 minime
517 387 616 460 gratus
628 387 692 436 erat
704 373 813 436 Christi
833 375 942 450 bonor,
960 347 1072 435 nletum
1091 373 1248 454 superavit
1266 395 1312 436 ar-

147 458 203 518 dor
222 453 370 528 desiderii,
388 467 422 514 ut
441 474 544 514 vocem
564 452 656 514 libere
676 451 866 512 nihilomiuus
887 450 1073 512 extollerent.

221 539 286 598 31.Ι
310 531 415 592 ruta
432 527 605 606 inmcpolm
643 528 751 588 Mirum
771 539 815 589 est
835 527 946 589 Christi
966 527 1141 608 discipulos,
1167 527 1222 618 qui
1244 527 1313 587 offi-

146 611 182 672 cii
203 620 232 670 et
252 609 435 671 reverentiae
457 627 541 668 causa
561 627 627 670 eum
647 617 822 684 sequuntur,
841 604 916 666 velle
930 604 1051 666 miseros
1073 627 1088 665 a
1109 603 1234 690 Chresti,
1298 643 1311 652 -

145 686 184 747 tia
205 705 318 756 arcere,
332 696 371 762 et
390 695 530 763 quantum
556 683 637 742 inse
668 691 712 740 est
736 681 813 742 viam
840 681 995 762 obstruere
1015 681 1077 741 cius
1097 680 1213 740 virtuti.
1278 681 1312 742 ed

45 810 51 822 ,
111 819 121 828 ,
145 763 202 824 boc
223 761 396 841 plerumque
417 759 480 820 heri
499 758 586 832 solet,
605 768 638 817 ut
656 759 752 818 maior
767 779 839 848 pars
860 776 975 831 eorum,
995 757 1044 837 qui
1065 777 1179 817 nornen
1202 757 1311 818 Christi

144 837 332 918 profitentur,
352 836 388 898 ab
410 836 472 897 cius
492 855 609 894 accessu
629 855 684 895 uos
712 847 809 925 potrus
829 834 969 913 impediat
993 833 1041 894 vel
1071 846 1208 894 moretur
1251 855 1311 893 nam

146 915 269 975 adeum
290 933 344 972 nos
363 912 476 972 invitet.
516 911 548 970 Si
590 931 621 970 cr
641 911 776 971 homines
796 909 862 1001 pios
882 923 913 970 et
932 911 1089 992 simplices,
1110 929 1187 988 quos
1209 856 1248 970 ad
1267 931 1310 970 sc-

149 990 296 1069 quendum
312 987 468 1048 'Christum
488 931 624 1047 trahebat
637 985 733 1067 aliqua
753 986 869 1068 religio,
889 987 1007 1046 molitus
1025 999 1070 1048 est
1087 987 1182 1046 Satan
1200 985 1313 1046 duobus

148 1065 244 1126 coecis
266 1064 448 1125 obstaculum
469 1084 593 1142 ponere,
614 1074 725 1142 quanto
745 1062 776 1123 id
796 1084 840 1122 ma
865 1063 887 1122 is
906 1084 960 1142 per
980 1063 1151 1146 hypocritas
1173 1075 1203 1122 ct
1222 1061 1311 1144 perti-

82 1201 95 1214 ,
121 1197 126 1203 .
147 1142 199 1201 dos
220 1140 339 1216 efficiet,
358 1140 414 1200 nisi
435 1139 521 1199 nobis
541 1150 653 1199 attente
674 1084 863 1202 cavebimusl
882 1139 1055 1200 Constantia
1070 1161 1103 1200 er
1126 1159 1144 1200 ο
1166 1159 1237 1220 opus
1258 1151 1311 1212 est,

147 1237 223 1354 puae
243 1216 452 1297 impedimenta
473 1215 570 1276 omnia
591 1215 788 1290 transcendat,
808 1216 868 1275 imo
890 1236 950 1295 quo
963 1215 1061 1307 plures
1079 1157 1182 1304 obices
1200 1215 1310 1305 ingerit

172 1305 249 1366 atan,
270 1313 306 1354 eo
326 1293 419 1375 magis
444 1291 479 1352 ad
506 1292 632 1352 studium
653 1291 793 1372 precandi
820 1312 873 1352 nos
899 1293 1021 1355 accendi
1046 1303 1203 1367 convenit,
1225 1303 1309 1350 srcutt
1369 1323 1370 1332 2

146 1371 276 1431 videmus
297 1390 405 1431 coecos
426 1367 588 1448 duplicasse
609 1390 692 1428 suurn
712 1367 879 1429 clamorem.

221 1453 268 1512 32.
310 1443 391 1528 (haid
407 1445 502 1518 vohis,
521 1459 553 1504 ut
563 1445 694 1526 jocinus.
735 1444 872 1506 Comiter
898 1456 928 1504 et
953 1443 1083 1580 benippc
1103 1445 1218 1524 rogat,
1243 1443 1310 1522 quid

148 1523 280 1604 cupiant:
302 1525 529 1603 quiastatucrat
548 1541 651 1580 eornm
677 1520 814 1600 precibus
838 1541 981 1583 annuere.

147 1599 228 1659 bium
249 1611 309 1672 est,
336 1599 406 1676 quin
432 1597 572 1676 peculiari
598 1597 725 1676 Spiritus
745 1595 886 1656 instinctu
928 1595 1018 1656 nean
1037 1597 1111 1656 sint:
1140 1596 1211 1685 quia
1231 1595 1311 1654 simui

146 1695 208 1735 non
230 1695 331 1734 ornnes
353 1695 368 1733 a
389 1673 498 1734 morbis
521 1673 724 1751 corporalibus
745 1693 848 1732 eruere
873 1619 937 1734 vult
957 1671 1123 1744 Dominus,
1156 1683 1198 1732 cta
1219 1693 1311 1750 neque

146 1749 319 1829 simpliciter
338 1749 452 1829 precari
472 1749 624 1828 permittit.
663 1748 848 1828 Praescripta
871 1760 916 1810 est
935 1749 1021 1808 nobis
1041 1747 1166 1830 regula,
1187 1748 1268 1884 puid,
1285 1759 1312 1807 et

1053 1540 1130 1598 eque
1158 1519 1240 1579 euim
1260 1519 1311 1579 du·
1369 1579 1370 1586 ,

147 1826 309 1905 quomodo,
329 1836 360 1884 et
380 1829 522 1903 quatenus
543 1836 646 1904 petere
667 1823 841 1886 debeamus:
870 1825 908 1886 ab
937 1843 972 1886 ea
1002 1825 1163 1885 deflectere
1205 1845 1236 1884 as
1255 1843 1310 1884 non
1370 1861 1371 1900 ,

147 1915 201 1974 est,
222 1901 277 1962 nisi
295 1901 442 1960 Dominus
463 1920 570 1961 arcano
589 1899 718 1981 ,Spiritus
738 1912 820 1960 motu
842 1901 990 1980 peculiare
1011 1900 1133 1979 aliquod
1157 1913 1256 1962 votum
1270 1901 1310 1960 di-

147 1989 217 2053 ctet,
238 1977 317 2056 quod
339 1996 406 2035 raro
428 1975 584 2056 contingit.
626 1975 783 2037 Caeterum
811 1977 978 2060 interrogat
1004 1973 1232 2050 coschinus,
1254 1997 1310 2036 non

145 2065 204 2113 tam
226 2053 356 2132 ipsorum
399 2052 511 2112 rivatim
536 2073 620 2112 causa
647 2073 734 2132 quam
754 2051 845 2110 totius
874 2053 988 2134 populi.
1026 2052 1143 2112 Scimus
1166 2053 1261 2126 enim,
1282 2063 1311 2111 ut

146 2131 271 2190 mundus
298 2127 356 2188 Dei
377 2073 534 2188 beneficia.
551 2128 613 2188 sinc
638 2149 725 2188 sensu
752 2129 891 2204 devoret,
922 2129 977 2188 nisi
1005 2127 1129 2189 stimulis
1167 2130 1312 2190 excitetur.

148 2207 232 2287 Ergo
255 2205 388 2267 Christus
408 2225 484 2264 voce
497 2213 555 2264 sua
567 2203 686 2264 turbam
694 2216 835 2264 astantem
850 2207 887 2266 ad
903 2205 1120 2266 observandum
1141 2205 1312 2268 miraculum

143 2281 248 2374 'erigit
268 2281 355 2342 sicuti
375 2281 544 2360 paulopost
559 2280 645 2369 pigno
659 2281 777 2354 risibili,
796 2279 864 2342 dum
879 2293 959 2342 tactu
971 2281 1066 2362 aperit
1077 2281 1195 2341 oculos.
1218 2284 1312 2358 Quum

149 2359 222 2420 dien
233 2358 410 2428 Matthaeus,
430 2357 526 2418 Iesum
538 2355 626 2417 luisse
647 2358 794 2418 misertum
816 2358 1075 2436 (σπιαγχνισθείς),
1095 2379 1159 2419 non
1171 2371 1217 2420 est
1228 2357 1312 2441 parti·

149 2435 258 2570 cp'pium
273 2435 333 2494 eius
347 2433 440 2507 verbi,
451 2455 512 2512 quo
523 2455 618 2526 nuper
628 2434 659 2493 in
671 2453 828 2494 coecorum
842 2441 968 2512 pe'rsona
980 2455 1045 2492 usus
1057 2433 1154 2495 iuerat
1164 2436 1314 2523 (ξιέησον)

145 2511 242 2648 dutem
251 2587 384 2666 exprimit
393 2587 588 2667 Evangelista,
601 2607 663 2646 nou
673 2586 769 2650 solum
776 2585 902 2666 gratuita
915 2584 1049 2646 bonitate
1061 2587 1217 2647 inductum
1232 2587 1315 2646 luisse

149 2664 311 2738 Christum,
330 2676 363 2724 ut
382 2662 449 2722 illos
470 2674 594 2737 sanaret,
615 2661 666 2722 sed
707 2663 754 2722 uia
782 2681 885 2722 eorum
911 2660 988 2722 malo
1016 2662 1183 2723 condoluit.
1224 2663 1314 2724 hieta-

146 2741 241 2821 pbora
262 2739 340 2799 euim
360 2751 473 2818 sumpta
495 2750 539 2798 est
558 2760 574 2798 a
594 2683 774 2812 visceribus,
795 2737 826 2795 in
847 2737 953 2828 quibus
973 2737 1082 2798 residet
1103 2738 1270 2801 humanitas
1289 2751 1317 2798 et

147 2826 247 2875 mutua
268 2814 443 2894 compassio,
485 2835 538 2874 uae
560 2835 614 2874 nos
635 2815 671 2872 ad
713 2815 841 2872 rosimos
862 2813 1003 2875 iuvandos
1024 2814 1136 2875 incitat

224 2891 316 2951 Marc.
336 2897 384 2954 52.
424 2835 515 2950 Frln
533 2903 592 2948 tun.
642 2888 682 2946 Fi
721 2891 868 2950 ‘nomine
888 2911 949 2950 non
970 2903 1084 2950 tantum
1105 2891 1213 2951 fiducia
1233 2913 1315 2952 recu-

147 2964 271 3046 perandi
290 2965 367 3026 visus
386 2966 573 3056 intelligitur,
593 2964 644 3024 sed
654 2963 743 3024 altior
760 2967 922 3044 persuasio,
943 2967 1023 3046 quod
1041 2988 1148 3028 coccus
1162 2967 1210 3027 bic
1222 2969 1314 3027 iesum

148 3053 393 3178 {gnoverd'beslte
407 3042 541 3176 hlespranr
553 3039 690 3176 ‹tlivinitus
710 3042 894 3178 promisppm.
925 3043 987 3103 Nec
999 3063 1072 3177 ἵετο
1093 3043 1219 3178 conilpsa
1250 3063 1316 3135 uae-

170 3135 343 3176 amnorta
384 3137 580 3178 uenaes:
623 3138 668 3176 nra
712 3139 914 3178 rrusvsunus
952 3139 985 3179 ex
1031 3131 1141 3180 eeet
1188 3141 1224 3180 ro

148 3204 293 3271 sumptam
315 3138 498 3252 suissegbanc
519 3137 747 3254 conielsionbm.
788 3193 858 3254 Non
886 3163 963 3254 enim
984 3141 1095 3256 temdhe
1119 3143 1244 3256 Christi
1265 3135 1317 3257 lib1⁵

148 3289 215 3328 men
228 3267 295 3346 filii
314 3265 417 3327 Dauid
435 3291 541 3328 coecus
561 3269 719 3350 imposuit,
742 3269 794 3329 sed
815 3291 880 3330 eum
902 3272 1048 3362 amplexus
1072 3283 1126 3346 est,
1169 3273 1267 3332 ualcm
1286 3295 1317 3333 ex

151 3345 257 3405 divinis
279 3344 406 3404 oraculis
428 3347 549 3406 edoctus
568 3346 667 3406 lucrat
685 3357 851 3406 venturum.
883 3347 968 3407 Fides
982 3360 1078 3408 autem
1089 3294 1212 3408 ascrbsit
1232 3347 1318 3410 Cbri-

150 3433 223 3494 stus,
244 3420 324 3499 quod
347 3441 453 3480 coecus
473 3423 564 3483 visum
585 3423 708 3502 recepit,
728 3423 807 3502 quia,
826 3425 941 3484 tametsi
953 3425 989 3485 ad
1009 3424 1179 3486 incredulos
1201 3445 1318 3505 quoque

150 3499 299 3558 interdum
321 3497 379 3556 Dei
400 3497 490 3557 virtus
511 3509 541 3557 et
561 3499 653 3590 gratia
676 3510 829 3578 penetrat,
855 3521 943 3560 nemo
965 3513 1062 3560 tamen
1084 3501 1147 3560 ciris
1167 3499 1316 3562 beneficiis

148 3575 205 3636 rite
227 3587 258 3634 et
276 3573 391 3634 utiliter
411 3574 527 3646 fruitur,
548 3575 603 3635 nisi
623 3575 673 3654 qui
694 3597 727 3636 ea
749 3573 806 3636 fide
827 3577 967 3656 percipit:
990 3577 1051 3636 imo
1071 3577 1230 3638 incredulis
1248 3599 1315 3636 usus

150 3654 298 3712 donorum
317 3649 378 3710 Dei
399 3651 473 3711 adeo
493 3651 625 3712 salutaris
651 3672 712 3711 non
739 3663 797 3728 est,
822 3663 856 3711 ut
878 3654 971 3746 magis
998 3651 1102 3713 noxius
1121 3653 1171 3718 sit.
1215 3653 1315 3728 Quare

150 3730 223 3788 baec
243 3726 330 3801 salus,
351 3727 431 3788 cuius
453 3727 587 3788 Christus
607 3729 750 3801 meminit,
769 3749 832 3788 non
852 3729 1039 3812 restringitur
1051 3731 1087 3790 ad
1105 3742 1253 3790 externam
1271 3751 1317 3790 sa-

151 3805 292 3876 nitatem,
312 3803 365 3862 sed
388 3825 487 3866 sanam
514 3824 632 3894 qnoque
657 3804 823 3884 salvamque
848 3806 974 3866 animam
999 3806 1238 3886 comprehendit:
1259 3806 1318 3868 acsi

153 3882 265 3942 diceret
287 3878 431 3954 Christus,
451 3880 508 3939 fide
529 3899 650 3940 coecum
672 3881 852 3961 impetrasse,
872 3882 982 3942 utDco
1001 3881 1134 3962 propitio
1155 3883 1219 3943 voti
1239 3903 1319 3944 corn-

155 3977 209 4035 pos
231 3950 325 4016 heret.
357 3955 474 4031 Quodsi
494 3954 563 4014 fidei
579 3968 714 4035 respectu
727 3957 863 4038 dignatus
877 3971 922 4020 est
937 3961 1018 4021 Deus
1029 3979 1164 4035 ,coecum
1183 3981 1235 4020 sua
1254 3981 1319 4043 gra·

156 4033 208 4104 tia,
228 4033 361 4110 sequitur
380 4032 439 4093 lide
458 4031 645 4092 iustificatum
665 4052 736 4092 esse.

232 4109 335 4167 Matth.
360 4115 407 4174 34.
451 4107 571 4186 sequuta
596 4121 663 4168 sunt
686 4129 759 4169 mm.
803 4109 872 4171 Hoc
897 4110 1084 4194 gratitudinis
1112 4111 1231 4194 signum
1259 4111 1322 4186 fuit,

156 4201 264 4244 coecos
290 4183 410 4245 Christo
443 4205 474 4244 se
501 4183 570 4246 dare
595 4183 726 4246 comites.
770 4185 958 4268 Quanquam
987 4207 1060 4248 vero
1091 4188 1242 4250 incertum
1270 4200 1321 4262 est,

158 4257 248 4320 diune
266 4257 325 4318 hoc
338 4259 468 4320 officium
488 4260 704 4339 praestiterint,
718 4261 775 4322 suit
793 4274 892 4324 tamen
912 4263 969 4326 boc
989 4263 1066 4346 grati
1086 4265 1189 4338 animi,
1208 4287 1222 4326 s
1279 4275 1319 4325 ta·

159 4333 254 4396 culrttn
276 4335 386 4416 gratiae
408 4335 519 4397 Christi
538 4335 635 4399 multis
656 4337 685 4398 in
707 4339 758 4402 illo
780 4339 885 4403 itinere
905 4340 1058 4423 praebere.
1109 4341 1202 4406 hddit
1220 4285 1322 4414 mu,

733 4517 817 4596 ¹⁸⁸„

695 4639 705 4666 Α

188 2512 196 2570 i
217 2509 448 2570 misericordiam
470 2509 579 2572 Chrisn
598 2509 809 2590 implorabant,
829 2521 861 2568 ut
873 2529 961 2590 opem
978 2509 1070 2569 ferret
1088 2511 1220 2570 miseris:
1240 2524 1313 2570 nuuc
1371 2543 1372 2592 p
