2768 4856
488 221 823 312 aunlrrnxuvm
1148 259 1212 310 xxv

51 411 100 458 ιιι
118 399 260 480 quidem
283 401 317 460 is
342 400 422 476 fuit,
453 411 487 460 ut
507 401 619 462 Senatu
636 413 734 464 motus
753 401 961 482 abrogataque
973 383 1135 480 liapitanei
1153 421 1210 463 no·

50 477 118 536 uiue
135 477 297 558 privatus
320 479 455 538 viveret.
494 477 691 561 Haerentem
711 479 824 552 omnia,
843 475 898 538 etsi
918 495 1017 538 coram
1037 478 1210 560 Magistratu

49 553 230 632 ιζιιιιιιιιπ,
269 553 346 614 dici
365 567 471 614 tamen
498 571 563 616 non
580 565 678 634 potest
697 567 880 636 quantopere
900 551 984 619 Calvi
1007 576 1055 612 um
1075 575 1210 616 exercue„

48 619 111 688 rint:
149 631 335 712 siquidem
363 650 500 711 eousque
524 629 614 690 semel
633 631 848 712 suspensuris
868 576 1140 692 coaeuslriacosiis
1159 631 1211 690 de-

49 719 157 766 rrntm
178 720 254 782 est,
304 719 346 767 ιιι
367 727 467 788 paene
487 707 605 768 exsertis
621 707 680 768 iam
700 707 819 790 ensibus
836 727 938 788 parum
957 706 1102 796 abfuerit,
1140 708 1210 846 quin
1291 767 1296 786 ,

47 785 144 844 anui·
164 783 339 846 caedibus
362 783 477 844 curiam
496 783 589 863 ipsam
608 797 810 860 cruentareut,
840 803 925 864 quam
944 783 1119 844 sedationem
1158 783 1210 843 'al-

50 859 122 920 riuus
144 883 224 923 cum
254 860 403 942 collegis
421 861 632 939 superveniens
649 861 790 941 'opposito
815 855 955 942 imprimis
978 880 1030 920 suo
1050 861 1140 940 ipsius
1160 881 1209 922 ca-

69 937 106 996 'e
125 937 298 1014 inhibuit,
329 957 506 1017 quanquam
532 936 741 998 sceleratorum
769 938 859 998 factio
887 937 919 996 in
943 936 1025 996 illum
1051 937 1210 1018 praecipue
1250 979 1257 1000 t

63 1025 189 1090 untur,
225 1015 312 1096 ipso
333 1013 533 1074 nihilominus
552 1033 653 1074 eorum
672 1013 782 1076 scelera
806 1025 950 1096 pergente
968 1013 1136 1094 gravissime
1156 1012 1208 1074 de-

49 1091 153 1166 testari,
172 1111 312 1172 eosque
331 1087 511 1182 graiissime
531 1101 619 1170 prout
636 1091 997 1172 merebunturincrqpare.
1022 1091 1127 1170 Neque
1138 1111 1209 1152 vero

49 1187 115 1226 sana
139 1167 205 1228 fnit
231 1168 434 1228 indictorum
458 1165 520 1225 Dei
543 1165 736 1228 denuntiatio.
779 1163 932 1247 Siquidem
956 1186 1011 1248 per
1034 1167 1063 1227 id
1093 1178 1209 1247 tempus

52 1242 177 1305 (ἔπεια
199 1245 362 1324 quidam,
383 1243 456 1303 ciris
478 1241 676 1320 Generensis,
700 1243 843 1304 famosum
861 1242 993 1306 libellum
1011 1243 1158 1323 scripsisse
1179 1253 1209 1302 et

773 1340 812 1380 uo
831 1330 893 1378 tum
912 1319 968 1380 alia
984 1319 1076 1380 multa
1095 1319 1208 1380 nefaria

52 1417 78 1454 ιιι
95 1418 217 1458 sacrm
240 1395 477 1470 mainerium,
507 1408 569 1457 tum
588 1395 676 1458 etiam
695 1341 772 1457 illud
787 1395 926 1474 scriptum
945 1406 1023 1485 erat,
1055 1393 1208 1458 Calvinum

52 1493 110 1532 esse
128 1475 162 1532 in
176 1474 384 1540 Rhodanum
404 1471 669 1553 praecipitandum,
689 1493 774 1534 causa
794 1470 871 1532 dicta
891 1481 923 1532 et
939 1470 1118 1532 infinitarum
1136 1471 1207 1539 alia-

54 1570 112 1608 m
130 1549 199 1610 hias
225 1549 411 1622 hemiarum
436 1561 556 1630 praeter
575 1547 822 1629 exspectationem
845 1547 997 1610 convictus
1017 1548 1119 1628 capitis
1138 1569 1207 1627 sup-

54 1627 140 1760 plicio
159 1571 305 1688 attinctus
327 1639 385 1687 est.
441 1625 525 1700 Quin
549 1624 636 1686 etiam
660 1637 730 1706 post
755 1626 817 1688 eius
835 1624 986 1686 interitum
1008 1623 1146 1686 inventus
1165 1634 1208 1684 est

65 1703 166 1766 'tettu
186 1703 293 1794 ipsius
314 1723 410 1763 mann
431 1703 567 1762 adversus
584 1703 689 1762 Mosen
708 1702 860 1784 ipsumque
879 1699 954 1763 adeo
969 1698 1116 1762 Christum
1134 1719 1207 1780 pro-

55 1779 129 1840 fesso
146 1793 308 1860 mptus,
374 1799 395 1838 o
414 1778 575 1858 impietatis
593 1778 705 1839 scelere
724 1778 844 1840 dubium
863 1799 926 1838 non
947 1789 1030 1855 erat,
1043 1777 1114 1868 quin
1134 1777 1207 1838 alios

3 1866 4 1924 ἶ
55 1855 140 1917 eiam
158 1858 292 1936 aliquot
310 1801 477 1916 irffecisset.
516 1853 640 1935 Scripsit
663 1868 759 1916 autem
786 1855 843 1915 hoc
861 1855 926 1936 ipso
950 1846 1030 1915 inno
1053 1876 1084 1914 ιιι
1104 1853 1217 1914 mediis.
1248 1913 1252 1920 ,

3 1958 4 2002 ι
55 1931 107 1991 ilis
128 1933 360 1994 certaminibus
387 1929 530 1992 Calvinus
553 1931 728 1992 Antidotum
751 1931 886 1992 adversus
910 1929 1078 1992 Tridentini
1104 1930 1205 1991 conci·
1236 1966 1238 1975 ,

3 2030 4 2070 ;
56 2007 157 2070 fausti
177 2010 486 2088 sessionesseptem:
505 2006 892 2090 itemquellntomageusem
905 2002 1204 2090 [tortuositatem]
1258 2070 1262 2080 ,

57 2085 216 2146 ecclesiam
237 2085 338 2148 missis
366 2083 461 2144 literis
487 2083 622 2156 adversus
641 2083 828 2146 Franciscani
853 2084 999 2148 cuiusdam
1018 2083 1134 2144 fraudes
1154 2103 1221 2152 ιιι-ι

56 2175 242 2224 uantum
263 2183 282 2222 a
301 2161 470 2222 Libertinis
497 2157 683 2240 carpocratis
713 2181 846 2224 erromm
875 2181 1021 2223 venenum
1050 2160 1093 2222 ihi
1121 2181 1204 2242 spar-

58 2239 159 2319 gentis
178 2238 384 2301 confirmavit.

52 1341 131 1408 meru
150 1319 448 1403 pulpitosaffrxisse
468 1318 682 1400 deprehensus,
700 1321 732 1378 in

117 2395 226 2472 (sste
245 2393 353 2472 15⁴9.)
373 2394 466 2454 Anno
480 2404 633 2484 sequente,
653 2393 750 2468 idest,
766 2393 987 2476 quadragesimo
998 2401 1103 2454 ocuro
1115 2414 1204 2474 supra

60 2470 371 2550 sesquimillesimum,
391 2469 492 2550 erupit
510 2471 638 2531 ciusdem
657 2469 734 2530 illius
754 2470 890 2530 factionis
909 2469 1034 2560 melum,
1051 2468 1087 2530 iis
1105 2471 1203 2560 (quod
1290 2473 1294 2500 ¹

62 2545 1204 2701 fratelli?{tl„ttttttlttttiztt’essfftttt‘ttt
1262 2593 1269 2605 '

65 2697 187 2760 inmte
203 2721 287 2761 auno
301 2701 461 2762 Genevam
479 2699 629 2760 venissent
647 2710 679 2760 et
698 2699 864 2758 orationem
884 2697 915 2757 in
938 2698 1050 2758 Senatu
1068 2698 1204 2777 gravissi-

66 2794 138 2836 nn
164 2778 202 2839 de
229 2777 453 2856 componendis
478 2775 599 2837 dissidiis
623 2773 807 2849 habuissent,
838 2771 962 2835 Calvino
988 2774 1104 2854 quidem
1129 2773 1204 2836 nihil

66 2851 141 2914 aliud
183 2875 254 2914 uam
274 2853 519 2914 emendationem
538 2874 652 2914 morum
673 2851 854 2932 postulante,
872 2849 1019 2910 ‘Perriuo
1044 2870 1116 2912 vero
1136 2873 1202 2912 cum

64 2929 122 2988 mis
140 2875 218 2990 edlu
238 2951 304 2991 nnn
323 2929 500 3003 simulante,
530 2941 562 2989 ιιι
582 2928 735 3009 pristinum
756 2926 852 2988 locum
872 2928 1035 3008 reciperet,
1054 2939 1115 2988 tum
1135 2928 1202 3008 quiq

66 3006 131 3064 den
148 3007 213 3068 visa
233 3019 303 3068 sunt
323 3007 426 3066 omnia
446 3005 627 3084 composita,
649 3006 702 3066 sed
722 3004 808 3065 hunis
826 3004 897 3064 viris
915 3003 1083 3084 impositum
1104 3005 1202 3084 potius

67 3081 171 3158 faisse,
188 3104 241 3144 res
258 3083 325 3164 ipsa
343 3103 414 3143 mon
434 3082 645 3160 comprobavit
682 3078 809 3142 Perrino
829 3079 971 3160 siquidem
990 3081 1126 3142 restituto
1147 3103 1201 3142 eo·
1232 3141 1236 3154 ,
1271 3082 1274 3092 ’
1305 3113 1308 3127 ·

181 3181 249 3221 sese
273 3159 381 3220 extulit
405 3157 613 3220 sceleratorum
638 3157 825 3249 improbitas,
863 3168 897 3216 ut
918 3155 1088 3218 thoracibus
1112 3157 1199 3238 etiam

2 3298 4 3313 ,
66 3256 103 3314 qu
191 3257 241 3296 am
259 3236 292 3296 in
312 3236 411 3296 crucis
428 3233 549 3294 modum
569 3235 708 3308 dissectus,
727 3233 832 3312 quibus
850 3253 914 3292 sese
933 3243 1036 3294 mutuo
1055 3253 1200 3316 agnosce·

66 3323 146 3386 rent,
176 3301 274 3392 palan
295 3322 470 3385 uterentur,
499 3311 598 3370 etalii
615 3311 673 3371 suis
693 3309 812 3388 canibus
832 3307 1082 3372 Calvininomen
1101 3311 1200 3392 impu..

65 3401 179 3462 uerat,
198 3389 252 3450 alii
272 3387 435 3450 Calvinum
454 3387 485 3445 in
506 3383 630 3448 (lainam
649 3385 910 3460 transformarent,
928 3405 991 3446 nou
1011 3387 1095 3465 pauci
1114 3389 1201 3450 deni-

67 3483 125 3542 que
151 3466 229 3526 ill’na
255 3467 329 3528 odio
355 3463 507 3524 abstinere
524 3483 557 3524 se
577 3485 593 3522 a
614 3460 718 3524 Coena
737 3461 861 3522 Domini
883 3471 1069 3525 testarentur.
1109 3465 1203 3540 Quae

2 3518 8 3665 t
66 3538 1202 3696 “eumrecreassemusmerses

3 3684 10 3765 Ι
68 3691 177 3754 xvm
195 3693 363 3757 Decembr.
383 3691 512 3754 sollenni
530 3691 719 3754 iureiurando
737 3691 848 3752 sancita
867 3657 984 3752 rursusi
1001 3702 1045 3752 est
1064 3699 1196 3770 ἀμνηςιιι,

4 3788 9 3839 ι
65 3771 117 3830 sed
136 3771 208 3834 haec
228 3771 329 3832 omnia
351 3791 408 3852 per
426 3767 642 3830 simulationem
661 3769 739 3828 facta
758 3767 856 3842 fuisse,
875 3787 930 3828 uec
943 3767 1023 3829 aliud
1034 3779 1095 3832 tum
1106 3786 1198 3844 quae-

4 3892 9 3907 .
66 3845 160 3908 siritu
179 3847 360 3922 Petrinum,
386 3867 474 3924 ᾳιιιιιι
492 3858 526 3905 ut
543 3843 724 3926 syndicatum
745 3844 866 3924 adeptus
885 3844 996 3926 aditum
1014 3843 1071 3906 sibi
1090 3854 1121 3902 et
1138 3844 1199 3904 suia
1291 3869 1298 3876 ·

67 3923 103 3981 ad
119 3925 219 3987 omnia
262 3923 400 3986 emenda
417 3923 508 4014 magis
528 3942 561 3982 ac
579 3921 671 4003 magis
690 3919 886 4002 patefaceret,
916 3930 1037 4004 eventus
1056 3940 1202 4000 compro--

69 3995 150 4062 taric
191 3946 336 4062 Gallium
358 4010 457 4061 autern
476 3998 537 4060 ustie
555 3997 826 4060 concertationibus
845 4017 908 4058 non
925 3996 1016 4085 quo
1027 3998 1197 4072 noncessit,

4 4096 9 4171 Ι
66 4095 161 4138 nem
183 4079 275 4137 etiam
293 4075 381 4166 quasi
398 4076 432 4134 in
452 4076 515 4136 otio
534 4095 583 4134 sen
593 4072 739 4154 Epistulas
752 4071 836 4134 Pauli
855 4072 1025 4135 doctissimis
1044 4093 1195 4135 commen·
1223 4115 1229 4126 „

2 4180 10 4229 ι
66 4153 143 4213 fariis
162 4153 334 4228 illustrarat,
354 4164 387 4212 et
406 4151 529 4212 Interim
548 4148 619 4212 illud
639 4150 719 4229 quod
738 4160 861 4222 vocant,
901 4149 1096 4214 essumdandis
1117 4151 1196 4214 Ger·
1287 4207 1295 4218 ,

4 4244 8 4271 ¹
67 4229 186 4290 manicis
205 4228 340 4290 ecclesiis
359 4225 491 4302 editum,
509 4227 696 4319 'gravissimo
715 4226 825 4317 scripto
849 4165 1000 4298 refutavit,
1038 4245 1195 4304 veramque
1224 4231 1226 4238 ’

5 4298 12 4343 ¹
66 4303 271 4368 instaurandae
287 4301 453 4368 “ecclesiae·
479 4316 626 4366 rationem
660 4303 803 4365 ostendat:
841 4299 1028 4382 Astrologiae
1067 4301 1194 4440 denique
1310 4349 1323 4369 ,

66 4401 149 4458 quan
166 4381 352 4456 iudiciariam
371 4393 498 4456 vocant,
524 4380 570 4444 cui
590 4377 752 4460 plusculum
772 4377 906 4450 tribuere
922 4395 984 4438 uon
999 4378 1089 4458 pauci
1108 4379 1138 4440 vi
1160 4397 1191 4439 e-
