2766 4834
484 108 490 146 l

457 253 519 332 (te
542 251 624 314 lesus
643 250 811 340 spritu).
1151 261 1190 324 st

48 405 156 474 zareth
178 409 216 473 in
228 405 399 482 Iudaeam,
420 409 456 473 in
477 403 589 474 urbem
601 407 720 488 David,
740 431 823 496 quae
844 421 980 491 vocatur
994 409 1191 494 Bethlehem,

45 513 134 595 (quja
157 519 234 574 erat
257 530 302 573 ex
321 507 423 574 domo
440 495 480 574 'et
501 513 693 595 cognatione
712 509 848 592 David),
869 513 898 578 5.
919 513 965 578 Ut
985 511 1194 600 profiteretur
1279 508 1281 522 '

46 633 112 674 rom
135 609 252 674 Maria
276 607 442 695 desponsa
463 608 645 690 eibiuxore,
664 632 748 702 puae
773 624 840 676 erat
849 633 1038 699 praegnans.
1079 615 1110 678 6.
1131 615 1194 679 Ac·

46 710 121 774 cidit
153 723 270 776 autem
304 731 404 796 quum
425 709 480 774 ibi
508 721 630 789 essent,
662 711 815 798 completi
840 725 914 780 sunt
941 714 1011 778 dies
1038 713 1193 800 pariendi.

46 812 72 874 7.
99 811 142 874 Bt
170 813 311 896 peperit
337 808 443 874 filium
471 831 562 875 suum
584 813 830 897 primogenitum
852 823 898 896 ¹ac'
916 811 1025 879 lesciis
1053 835 1125 878 eum
1147 817 1225 878 in-,

47 909 165 987 volvit,
195 909 440 997 reclinaritque
465 931 537 978 eum
568 914 602 976 in
624 917 789 1000 praesepi,
820 913 911 1002 quod
937 936 1006 981 uon
1035 927 1120 982 esset
1147 917 1194 981 eis

48 1010 138 1078 locos
159 1014 198 1076 in
224 1009 423 1104 diversorio.
921 1103 938 1138 .

121 1169 241 1229 Narrat
260 1169 372 1244 Lucas,
393 1168 544 1250 quonmdo
564 1168 674 1230 sactum
694 1169 799 1246 suerit,
818 1181 852 1230 ut
871 1183 1040 1233 nasceretur
1060 1173 1195 1238 Christus

52 1245 79 1304 in
107 1244 188 1306 urbe
216 1245 415 1320 Bethlehem,
444 1267 534 1325 quum
557 1247 650 1306 Maria
675 1260 769 1308 mater
794 1247 856 1308 eius
887 1247 957 1308 alibi
988 1249 1110 1332 degeret
1137 1251 1196 1312 iam

52 1324 144 1400 partui
165 1321 281 1382 vicina.
319 1323 366 1382 ,tc
386 1321 513 1403 primum
533 1322 660 1384 excludit
679 1324 837 1384 humanum
856 1323 1021 1400 consilium,
1041 1349 1130 1406 quum
1150 1327 1196 1388 di-

51 1400 106 1474 cit,
131 1399 254 1480 loseph
280 1409 313 1460 et
337 1399 462 1460 hieriam
485 1397 588 1460 relicta
612 1401 703 1460 domo
727 1400 797 1460 illuc
821 1399 950 1473 venisse,
980 1412 1014 1460 ut
1036 1405 1198 1464 secundum

53 1474 195 1536 familiam
216 1497 254 1536 ac
274 1487 399 1556 gentem
418 1495 499 1536 snam
514 1474 735 1556 profiterentur.
775 1477 808 1536 Si
828 1477 894 1537 data
908 1496 1000 1556 opera
1020 1489 1050 1538 et
1061 1479 1198 1540 consulto

54 1551 149 1612 lecum
169 1563 358 1626 mutassent,
383 1563 417 1612 ut
437 1564 555 1634 pareret
572 1553 666 1612 Maria
679 1552 720 1616 ain
739 1553 929 1626 Bethlehem,
952 1564 1067 1614 tantum
1091 1554 1122 1614 in
1142 1553 1199 1614 ho-

54 1629 142 1689 mines
163 1630 251 1708 ipsos
270 1629 383 1688 intenti
403 1649 544 1690 essemus:
564 1650 643 1690 nunc
662 1651 751 1704 vero,
771 1651 860 1711 quum
879 1629 952 1690 nihil
972 1630 1050 1692 aliud
1070 1631 1200 1692 habeant

57 1705 265 1784 propositum,
299 1725 388 1796 quam
412 1716 447 1764 nt
465 1704 589 1798 Augusti
614 1706 879 1844 edictoupareant,
910 1705 978 1768 ratis
1004 1707 1200 1799 agnoscimus,

57 1801 102 1840 eos
122 1801 295 1842 coecorum
314 1793 408 1842 instar
426 1782 486 1842 Der
503 1803 593 1842 manu
612 1782 700 1844 smsse
719 1783 788 1847 riuc
809 1785 962 1858 deductos,
980 1781 1031 1845 ubr
1048 1784 1200 1847 Christum

57 1857 134 1948 nasei
157 1857 312 1939 oportuit.
362 1858 490 1918 Videtur
516 1858 634 1938 quidem
659 1857 718 1920 hoc
744 1881 806 1922 esse
831 1860 1002 1936 fortuitum,
1031 1859 1118 1922 sicuti
1142 1861 1200 1922 alia

57 1953 165 2010 omma,
187 1955 268 2014 quae
289 1945 374 1996 certo
395 1934 548 1994 hominum
568 1931 692 1996 consilio
712 1959 775 1998 uon
784 1949 938 2020 reguntur,
957 1937 1096 1999 fortunae
1110 1938 1200 1998 ascri-

51 1992 130 2070 bunt
155 2010 284 2091 profani
309 2010 460 2072 homines:
489 2011 576 2102 atqui¹
595 2033 657 2072 non
682 2013 853 2094 simpliciter
876 2014 1023 2096 respicere
1049 2014 1201 2089 convenit,

59 2087 127 2164 quid
155 2097 300 2169 geratur,
325 2087 378 2148 sed
403 2086 433 2146 in
453 2109 625 2149 memoriam
643 2089 728 2149 simul
753 2093 853 2154 venire
878 2091 984 2167 debet,
1008 2092 1079 2172 quid
1100 2091 1199 2152 multis
1318 2084 1319 2092 ἵ

59 2175 126 2223 ante
152 2163 283 2224 saeculis
307 2161 492 2244 praedictum
517 2165 606 2224 suerit
629 2185 646 2227 a
666 2167 834 2248 Propheta,
865 2180 896 2229 et
919 2165 1102 2248 comparatio
1123 2167 1202 2228 clare

59 2241 217 2316 ostendet,
242 2260 308 2300 non
327 2241 391 2300 sine
412 2240 582 2302 admirabile
601 2241 659 2302 Dei
678 2244 865 2322 providentia
885 2265 1004 2306 censum
1022 2255 1094 2305 tunc
1114 2243 1204 2306 luisse

61 2317 236 2398 edieurmqa
263 2313 392 2378 Caesare
417 2317 568 2400 Augusto,
592 2329 623 2378 et
640 2319 750 2399 Ioseph
777 2333 808 2380 et
831 2320 955 2386 Mariam
981 2322 1070 2382 domo
1095 2321 1203 2401 pedem

60 2393 685 2532 Bitt’siitttlittihtttlt
702 2396 1205 2534 'iiiii‘iini‘iiliiii'siir

685 2514 696 2547 l

65 2565 208 2623 quorsum
234 2541 377 2620 tendant,
402 2559 511 2606 rectam
535 2559 635 2607 tamen
660 2547 736 2608 viam
763 2559 882 2621 tenere,
907 2549 974 2627 quia
1025 2569 1075 2608 eus
1101 2567 1205 2608 corum

65 2623 156 2700 pedes
177 2621 292 2703 dirigit.
334 2623 400 2682 Nec
418 2622 514 2686 minus
533 2623 565 2682 in
585 2643 622 2684 eo
642 2642 673 2684 se
715 2623 809 2684 rosert
828 2623 1006 2685 admirabilis
1024 2622 1084 2682 Dei
1103 2623 1205 2702 prori-

66 2699 176 2774 dentia,
198 2700 281 2779 quod
300 2699 486 2780 tyrannicum
505 2701 545 2760 im
568 2699 660 2760 etium
709 2699 799 2759 ariam
817 2699 908 2760 domo
927 2700 1061 2772 extrahit,
1080 2710 1113 2759 ut
1133 2719 1206 2778 pro-

66 2775 167 2853 phetia
193 2776 233 2836 im
258 2774 363 2836 lentur.
408 2775 521 2839 Locum
540 2721 622 2837 brus
646 2795 701 2856 per
725 2775 907 2856 Prophetanr
931 2773 1135 2860 designaverat
1157 2777 1208 2910 qut

87 2865 171 2912 ostra
192 2853 221 2912 vi
244 2852 391 2929 ebimus),
416 2853 469 2912 ubi
487 2851 585 2913 filium'
597 2873 681 2914 suum
700 2853 779 2914 nasci
798 2853 900 2914 vellet:
926 2853 982 2913 nisi
1007 2855 1035 2916 vi
1055 2873 1162 2932 compu
1175 2873 1206 2912 sa

82 2929 172 2990 uisset
192 2929 307 3004 Maria,
330 2927 413 2990 domi
432 2950 536 3010 parere
555 2939 704 2990 statuerat.
743 2929 833 2990 Iubet
851 2931 999 3013 Augustus
1019 2950 1139 2991 censum
1157 2927 1208 3008 agi

70 3006 99 3066 in
119 3005 250 3081 Iudaea,
275 3017 306 3066 et
324 3005 459 3086 singulos
484 3007 698 3082 comendare,
721 3017 756 3068 ut
777 3027 907 3069 annuum
931 3008 1039 3070 deinde
1062 3005 1207 3068 trihutum

68 3084 221 3163 pendant,
247 3082 328 3162 quod
348 3084 429 3162 prius
453 3081 589 3143 solebant
606 3082 674 3144 Deo
698 3085 841 3163 pendere.
882 3084 929 3144 Ita
954 3084 1095 3166 profanus
1115 3085 1206 3144 homo

71 3161 106 3221 ad
130 3179 162 3220 se
184 3158 281 3238 rapit,
306 3158 489 3238 quod·Deus
513 3179 530 3219 a
550 3159 664 3241 populo
683 3180 736 3220 suo
763 3161 879 3252 exigere
903 3161 1028 3224 solebat.
1075 3161 1109 3223 id
1133 3181 1207 3222 vero

91 3236 197 3296 erinde
218 3248 294 3311 erat,
314 3235 373 3295 acsi
392 3236 519 3305 ludaeos
538 3255 658 3316 prorsus
678 3236 734 3296 sihi
754 3237 891 3298 addicens
902 3249 1016 3300 vetaret
1034 3239 1156 3317 posthac
1176 3237 1209 3300 in

71 3259 129 3372 bei
149 3310 268 3392 populo
290 3311 413 3372 censeri.
453 3312 554 3387 Quum
573 3313 613 3373 ita
633 3313 672 3374 ad
690 3312 822 3376 ultimam
842 3313 1078 3406 desperationem
1087 3327 1209 3378 rentum
1244 3333 1249 3358 ι

75 3402 133 3464 est,
164 3399 196 3447 et
221 3388 362 3452 ridentur
386 3388 487 3450 ludaei
511 3387 542 3448 in
568 3401 743 3470 perpetuum
773 3411 789 3450 a
812 3391 872 3452 Dei
897 3391 1021 3472 irnperio
1047 3393 1154 3454 resecti
1178 3401 1211 3451 et

75 3463 193 3526 alienati
213 3485 294 3538 esse,
321 3485 383 3527 non
408 3465 504 3527 solum
522 3465 605 3526 Deus
623 3478 748 3547 repente
776 3479 806 3528 et
831 3477 950 3549 praeter
969 3469 1100 3532 omnium
1126 3475 1210 3549 spem

76 3539 238 3603 remedium
258 3541 390 3618 adhibet,
409 3543 460 3604 sed
478 3541 568 3623 impia
587 3541 636 3602 illa
656 3544 812 3624 tyrannide
832 3546 869 3605 ad
888 3544 1090 3606 redimendum
1110 3565 1210 3634 popu-

74 3618 133 3678 lum
149 3640 240 3681 suum
261 3618 363 3678 utitur.
401 3621 475 3680 Nam
487 3619 611 3680 Praeses
623 3619 692 3756 ¹qve}
713 3619 842 3700 quisquis
861 3619 918 3682 luit
936 3621 986 3683 ille
1001 3621 1133 3682 Caesares
1153 3619 1218 3680 rni-‘

76 3697 193 3773 nister),
215 3696 285 3786 dum
306 3694 488 3786 exsequitur,
509 3697 589 3774 quod
608 3696 631 3756 s'
650 3697 665 3788 ⁸i
679 3697 859 3790 'infandarum'
873 3709 927 3773 est,
947 3718 1069 3760 arcanus
1088 3707 1133 3758 est
1151 3695 1211 3788 Dei

77 3771 966 3937 titttattilttffta¹¹tltttttlttthttltttttt
984 3773 1212 3939 iiiiissffcsif

81 3937 156 3998 nom
172 3944 189 3984 a
209 3924 270 3985 suis
290 3922 435 3984 natalibus
453 3925 511 3985 Dei
530 3945 620 3988 manu
639 3926 815 4007 productum
836 3948 908 3989 esse.
951 3929 1056 4004 Neque
1077 3943 1156 3985 eorm
1175 3926 1213 3988 ed

83 3999 145 4060 idei
165 3998 377 4064 certitudinem
400 3998 458 4060 hoc
500 4023 583 4063 arum
603 4001 688 4077 iacit,
738 4005 798 4064 uod
817 4004 916 4065 subito
941 4016 973 4064 et
991 4013 1110 4082 praeter
1128 4023 1216 4066 suum

82 4077 232 4138 arbitrium
256 4087 351 4140 tracta
376 4073 432 4137 t’uit
486 4078 546 4141 aria
571 4078 603 4139 in
626 4077 732 4144 Betble
755 4101 816 4158 em,
845 4093 878 4140 ut
902 4079 972 4142 inde
999 4078 1133 4160 prodiret
1152 4079 1214 4143 lle-

39 4195 46 4208 .
84 4153 228 4235 demptos,
247 4153 336 4215 sicuti
356 4151 427 4213 oiim
446 4155 605 4236 promissus
625 4167 697 4216 erat.
1063 4191 1067 4200 ·

152 4237 181 4298 1.
224 4229 323 4292 Totus
340 4227 425 4292 ordia.
469 4231 552 4292 Haec
576 4231 778 4324 synecdoche,
824 4253 893 4292 uum
939 4229 1024 4294 assim
1048 4231 1154 4322 usiuta
1177 4234 1215 4296 sit

84 4305 221 4369 Romanis
244 4305 454 4387 scriptonhus,
479 4307 551 4368 dura
569 4309 663 4370 videri
687 4331 751 4371 non
770 4253 869 4371 debet.
912 4253 976 4370 ileo
996 4307 1118 4399 dubpto,
1142 4310 1214 4390 quin

84 4385 216 4450 mutu
237 4381 400 4468 provinciis
424 4383 588 4449 communis
612 4384 704 4450 suerit
721 4385 771 4449 hic
789 4405 910 4466 census,
934 4397 968 4449 ut
985 4405 1078 4467 magu
1101 4385 1215 4449 tolera-
