<?xml version="1.0" encoding="UTF-8"?>
<!DOCTYPE html PUBLIC "-//W3C//DTD XHTML 1.0 Transitional//EN"
    "http://www.w3.org/TR/xhtml1/DTD/xhtml1-transitional.dtd">
<html xmlns="http://www.w3.org/1999/xhtml" xml:lang="en" lang="en">
 <head>
  <title>
</title>
<meta http-equiv="Content-Type" content="text/html;charset=utf-8" />
  <meta name='ocr-system' content='tesseract 3.04.00' />
  <meta name='ocr-capabilities' content='ocr_page ocr_carea ocr_par ocr_line ocrx_word'/>
</head>
<body>
  <div class='ocr_page' id='page_1' title='image "./innovumtestamen00calvgoog_0281.png"; bbox 0 0 2790 4838; ppageno 0'>
   <div class='ocr_carea' id='block_1_1' title="bbox 114 219 951 304">
    <p class='ocr_par' dir='ltr' id='par_1_1' title="bbox 114 219 951 304">
     <span class='ocr_line' id='line_1_1' title="bbox 114 219 951 304; baseline -0.01 0"><span class='ocrx_word' id='word_1_1' title='bbox 114 243 149 304; x_wconf 86' lang='lat' dir='ltr'>m</span> <span class='ocrx_word' id='word_1_2' title='bbox 424 235 577 300; x_wconf 81' lang='lat' dir='ltr'>sscrro</span> <span class='ocrx_word' id='word_1_3' title='bbox 599 234 667 298; x_wconf 80' lang='lat' dir='ltr'>vn.</span> <span class='ocrx_word' id='word_1_4' title='bbox 687 237 907 302; x_wconf 58' lang='lat' dir='ltr'>unacum„</span> <span class='ocrx_word' id='word_1_5' title='bbox 942 219 951 226; x_wconf 85' lang='lat'>&#39;</span> 
     </span>
    </p>
   </div>
   <div class='ocr_carea' id='block_1_2' title="bbox 113 371 1280 4462">
    <p class='ocr_par' dir='ltr' id='par_1_2' title="bbox 113 371 1234 1752">
     <span class='ocr_line' id='line_1_2' title="bbox 113 371 1232 472; baseline 0.001 -23"><span class='ocrx_word' id='word_1_6' title='bbox 113 391 221 452; x_wconf 80' lang='lat' dir='ltr'>lsestari</span> <span class='ocrx_word' id='word_1_7' title='bbox 232 371 290 472; x_wconf 81' lang='lat' dir='ltr'>Dei</span> <span class='ocrx_word' id='word_1_8' title='bbox 309 389 456 465; x_wconf 87' lang='lat' dir='ltr'>virtutem,</span> <span class='ocrx_word' id='word_1_9' title='bbox 475 390 577 471; x_wconf 85' lang='lat' dir='ltr'>illique</span> <span class='ocrx_word' id='word_1_10' title='bbox 597 389 765 472; x_wconf 89' lang='lat' dir='ltr'>impositum</span> <span class='ocrx_word' id='word_1_11' title='bbox 785 389 873 450; x_wconf 82' lang='lat' dir='ltr'>luisse</span> <span class='ocrx_word' id='word_1_12' title='bbox 886 410 1001 463; x_wconf 87' lang='lat' dir='ltr'>munus,</span> <span class='ocrx_word' id='word_1_13' title='bbox 1020 400 1055 450; x_wconf 86' lang='lat' dir='ltr'>ut</span> <span class='ocrx_word' id='word_1_14' title='bbox 1064 387 1122 449; x_wconf 84' lang='lat' dir='ltr'>Dei</span> <span class='ocrx_word' id='word_1_15' title='bbox 1133 409 1232 472; x_wconf 85' lang='lat' dir='ltr'>prae-</span> 
     </span>
     <span class='ocr_line' id='line_1_3' title="bbox 114 466 1234 548; baseline 0 -22"><span class='ocrx_word' id='word_1_16' title='bbox 114 468 211 528; x_wconf 73' lang='lat' dir='ltr'>entiam</span> <span class='ocrx_word' id='word_1_17' title='bbox 236 467 380 528; x_wconf 78' lang='lat' dir='ltr'>miraculis</span> <span class='ocrx_word' id='word_1_18' title='bbox 407 468 597 528; x_wconf 74' lang='lat' dir='ltr'><strong>demonstret.</strong></span> <span class='ocrx_word' id='word_1_19' title='bbox 651 469 695 528; x_wconf 89' lang='lat' dir='ltr'>lta</span> <span class='ocrx_word' id='word_1_20' title='bbox 720 469 801 548; x_wconf 92' lang='lat' dir='ltr'>qnod</span> <span class='ocrx_word' id='word_1_21' title='bbox 825 467 884 528; x_wconf 91' lang='lat' dir='ltr'>Dei</span> <span class='ocrx_word' id='word_1_22' title='bbox 910 466 1061 546; x_wconf 88' lang='lat' dir='ltr'>proprium</span> <span class='ocrx_word' id='word_1_23' title='bbox 1087 478 1133 526; x_wconf 81' lang='lat' dir='ltr'>est</span> <span class='ocrx_word' id='word_1_24' title='bbox 1160 487 1234 527; x_wconf 86' lang='lat' dir='ltr'>non</span> 
     </span>
     <span class='ocr_line' id='line_1_4' title="bbox 114 542 1232 624; baseline 0 -22"><span class='ocrx_word' id='word_1_25' title='bbox 114 543 257 604; x_wconf 88' lang='lat' dir='ltr'>anseribit</span> <span class='ocrx_word' id='word_1_26' title='bbox 275 542 475 623; x_wconf 73' lang='lat' dir='ltr'><strong>superstitiose</strong></span> <span class='ocrx_word' id='word_1_27' title='bbox 493 545 524 604; x_wconf 88' lang='lat' dir='ltr'>i&#39;n</span> <span class='ocrx_word' id='word_1_28' title='bbox 543 543 710 620; x_wconf 89' lang='lat' dir='ltr'>hominem,</span> <span class='ocrx_word' id='word_1_29' title='bbox 740 545 809 620; x_wconf 89' lang='lat' dir='ltr'>sed,</span> <span class='ocrx_word' id='word_1_30' title='bbox 834 543 904 624; x_wconf 93' lang='lat' dir='ltr'>quid</span> <span class='ocrx_word' id='word_1_31' title='bbox 924 543 1060 606; x_wconf 84' lang='lat' dir='ltr'>divinitus</span> <span class='ocrx_word' id='word_1_32' title='bbox 1080 542 1119 604; x_wconf 87' lang='lat' dir='ltr'>sit</span> <span class='ocrx_word' id='word_1_33' title='bbox 1137 565 1232 603; x_wconf 89' lang='lat' dir='ltr'>man-</span> 
     </span>
     <span class='ocr_line' id='line_1_5' title="bbox 114 619 1232 699; baseline 0.002 -21"><span class='ocrx_word' id='word_1_34' title='bbox 114 633 186 680; x_wconf 81' lang='lat' dir='ltr'>atum</span> <span class='ocrx_word' id='word_1_35' title='bbox 219 619 339 680; x_wconf 85' lang='lat' dir='ltr'>Christo</span> <span class='ocrx_word' id='word_1_36' title='bbox 363 633 518 699; x_wconf 90' lang='lat' dir='ltr'>reputans,</span> <span class='ocrx_word' id='word_1_37' title='bbox 547 621 612 680; x_wconf 93' lang='lat' dir='ltr'>solo</span> <span class='ocrx_word' id='word_1_38' title='bbox 637 621 730 683; x_wconf 84' lang='lat' dir='ltr'>verbo</span> <span class='ocrx_word' id='word_1_39' title='bbox 756 641 858 680; x_wconf 87' lang='lat' dir='ltr'>sanare</span> <span class='ocrx_word' id='word_1_40' title='bbox 883 641 999 680; x_wconf 79' lang='lat' dir='ltr'>semum</span> <span class='ocrx_word' id='word_1_41' title='bbox 1023 638 1106 679; x_wconf 90' lang='lat' dir='ltr'>suum</span> <span class='ocrx_word' id='word_1_42' title='bbox 1134 641 1232 699; x_wconf 89' lang='lat' dir='ltr'>posse</span> 
     </span>
     <span class='ocr_line' id='line_1_6' title="bbox 114 695 1230 780; baseline 0.001 -25"><span class='ocrx_word' id='word_1_43' title='bbox 114 697 190 756; x_wconf 65' lang='lat' dir='ltr'>redit.</span> <span class='ocrx_word' id='word_1_44' title='bbox 236 696 268 755; x_wconf 89' lang='lat' dir='ltr'>Si</span> <span class='ocrx_word' id='word_1_45' title='bbox 295 695 358 775; x_wconf 90' lang='lat' dir='ltr'>quis</span> <span class='ocrx_word' id='word_1_46' title='bbox 383 697 521 776; x_wconf 83' lang='lat' dir='ltr'>excipiat,</span> <span class='ocrx_word' id='word_1_47' title='bbox 551 697 623 758; x_wconf 84' lang='lat' dir='ltr'>nihil</span> <span class='ocrx_word' id='word_1_48' title='bbox 649 701 711 758; x_wconf 84' lang='lat' dir='ltr'>esse</span> <span class='ocrx_word' id='word_1_49' title='bbox 731 697 823 780; x_wconf 83' lang='lat' dir='ltr'>magis</span> <span class='ocrx_word' id='word_1_50' title='bbox 842 697 910 758; x_wconf 89' lang='lat' dir='ltr'>Deo</span> <span class='ocrx_word' id='word_1_51' title='bbox 931 695 1101 776; x_wconf 91' lang='lat' dir='ltr'>proprium,</span> <span class='ocrx_word' id='word_1_52' title='bbox 1157 716 1230 756; x_wconf 89' lang='lat' dir='ltr'>uam</span> 
     </span>
     <span class='ocr_line' id='line_1_7' title="bbox 114 717 1228 863; baseline 0 -31"><span class='ocrx_word' id='word_1_53' title='bbox 114 773 179 833; x_wconf 68' lang='lat' dir='ltr'>erbo</span> <span class='ocrx_word' id='word_1_54' title='bbox 200 773 342 853; x_wconf 88' lang='lat' dir='ltr'>perlicere</span> <span class='ocrx_word' id='word_1_55' title='bbox 358 773 444 863; x_wconf 71' lang='lat' dir='ltr'>quod</span> <span class='ocrx_word' id='word_1_56' title='bbox 463 773 506 832; x_wconf 92' lang='lat' dir='ltr'>illi</span> <span class='ocrx_word' id='word_1_57' title='bbox 525 773 616 835; x_wconf 88' lang='lat' dir='ltr'>visum</span> <span class='ocrx_word' id='word_1_58' title='bbox 637 785 697 847; x_wconf 88' lang='lat' dir='ltr'>est,</span> <span class='ocrx_word' id='word_1_59' title='bbox 722 795 777 834; x_wconf 89' lang='lat' dir='ltr'>nec</span> <span class='ocrx_word' id='word_1_60' title='bbox 798 794 885 852; x_wconf 89' lang='lat' dir='ltr'>posse</span> <span class='ocrx_word' id='word_1_61' title='bbox 903 793 1046 834; x_wconf 90' lang='lat' dir='ltr'>summum</span> <span class='ocrx_word' id='word_1_62' title='bbox 1067 717 1153 834; x_wconf 78' lang='lat' dir='ltr'>istud</span> <span class='ocrx_word' id='word_1_63' title='bbox 1167 773 1228 832; x_wconf 92' lang='lat' dir='ltr'>im-</span> 
     </span>
     <span class='ocr_line' id='line_1_8' title="bbox 114 847 1230 930; baseline -0.001 -21"><span class='ocrx_word' id='word_1_64' title='bbox 114 849 200 909; x_wconf 77' lang='lat' dir='ltr'>erium</span> <span class='ocrx_word' id='word_1_65' title='bbox 225 849 288 910; x_wconf 92' lang='lat' dir='ltr'>sine</span> <span class='ocrx_word' id='word_1_66' title='bbox 311 847 465 930; x_wconf 80' lang='lat' dir='ltr'>sacrilegio</span> <span class='ocrx_word' id='word_1_67' title='bbox 489 849 607 910; x_wconf 85' lang='lat' dir='ltr'>mortsli</span> <span class='ocrx_word' id='word_1_68' title='bbox 632 851 744 911; x_wconf 80' lang='lat' dir='ltr'>homini</span> <span class='ocrx_word' id='word_1_69' title='bbox 763 851 904 924; x_wconf 87' lang='lat' dir='ltr'>concedi,</span> <span class='ocrx_word' id='word_1_70' title='bbox 937 849 1030 910; x_wconf 77' lang='lat' dir='ltr'>facilis</span> <span class='ocrx_word' id='word_1_71' title='bbox 1050 849 1158 909; x_wconf 89' lang='lat' dir='ltr'>iterum</span> <span class='ocrx_word' id='word_1_72' title='bbox 1179 861 1230 910; x_wconf 90' lang='lat' dir='ltr'>est</span> 
     </span>
     <span class='ocr_line' id='line_1_9' title="bbox 114 925 1228 1010; baseline 0.002 -28"><span class='ocrx_word' id='word_1_73' title='bbox 114 925 248 1005; x_wconf 80' lang='lat' dir='ltr'>sponsio.</span> <span class='ocrx_word' id='word_1_74' title='bbox 278 925 421 1002; x_wconf 81' lang='lat' dir='ltr'>Quamvis</span> <span class='ocrx_word' id='word_1_75' title='bbox 441 925 585 988; x_wconf 81' lang='lat' dir='ltr'>Centurio</span> <span class='ocrx_word' id='word_1_76' title='bbox 607 945 669 987; x_wconf 91' lang='lat' dir='ltr'>non</span> <span class='ocrx_word' id='word_1_77' title='bbox 688 927 882 1010; x_wconf 75' lang='lat' dir='ltr'>distingueret</span> <span class='ocrx_word' id='word_1_78' title='bbox 900 937 959 985; x_wconf 91' lang='lat' dir='ltr'>tam</span> <span class='ocrx_word' id='word_1_79' title='bbox 979 925 1138 1000; x_wconf 78' lang='lat' dir='ltr'>subtiliter,</span> <span class='ocrx_word' id='word_1_80' title='bbox 1159 945 1228 984; x_wconf 91' lang='lat' dir='ltr'>non</span> 
     </span>
     <span class='ocr_line' id='line_1_10' title="bbox 115 1002 1228 1092; baseline 0.002 -33"><span class='ocrx_word' id='word_1_81' title='bbox 115 1022 182 1062; x_wconf 93' lang='lat' dir='ltr'>men</span> <span class='ocrx_word' id='word_1_82' title='bbox 210 1003 283 1064; x_wconf 88' lang='lat' dir='ltr'>hanc</span> <span class='ocrx_word' id='word_1_83' title='bbox 303 1002 467 1082; x_wconf 91' lang='lat' dir='ltr'>potentiam</span> <span class='ocrx_word' id='word_1_84' title='bbox 487 1004 613 1064; x_wconf 89' lang='lat' dir='ltr'>hominis</span> <span class='ocrx_word' id='word_1_85' title='bbox 632 1003 780 1078; x_wconf 87' lang='lat' dir='ltr'>mortalis,</span> <span class='ocrx_word' id='word_1_86' title='bbox 811 1003 861 1064; x_wconf 91' lang='lat' dir='ltr'>sed</span> <span class='ocrx_word' id='word_1_87' title='bbox 881 1003 940 1062; x_wconf 90' lang='lat' dir='ltr'>Dei</span> <span class='ocrx_word' id='word_1_88' title='bbox 953 1002 1051 1092; x_wconf 53' lang='lat' dir='ltr'>n&#39;erlro</span> <span class='ocrx_word' id='word_1_89' title='bbox 1071 1003 1228 1076; x_wconf 84' lang='lat' dir='ltr'>tribuisse,</span> 
     </span>
     <span class='ocr_line' id='line_1_11' title="bbox 114 1077 1226 1160; baseline 0 -24"><span class='ocrx_word' id='word_1_90' title='bbox 114 1078 164 1139; x_wconf 83' lang='lat' dir='ltr'>rius</span> <span class='ocrx_word' id='word_1_91' title='bbox 188 1077 352 1140; x_wconf 87' lang='lat' dir='ltr'>ministrnm</span> <span class='ocrx_word' id='word_1_92' title='bbox 378 1099 440 1140; x_wconf 87' lang='lat' dir='ltr'>esse</span> <span class='ocrx_word' id='word_1_93' title='bbox 467 1079 616 1141; x_wconf 83' lang='lat' dir='ltr'>Christum</span> <span class='ocrx_word' id='word_1_94' title='bbox 643 1093 726 1143; x_wconf 91' lang='lat' dir='ltr'>certo</span> <span class='ocrx_word' id='word_1_95' title='bbox 746 1100 897 1160; x_wconf 79' lang='lat' dir='ltr'>persuasus</span> <span class='ocrx_word' id='word_1_96' title='bbox 918 1089 992 1140; x_wconf 92' lang='lat' dir='ltr'>erat:</span> <span class='ocrx_word' id='word_1_97' title='bbox 1024 1080 1081 1140; x_wconf 88' lang='lat' dir='ltr'>hoc</span> <span class='ocrx_word' id='word_1_98' title='bbox 1100 1078 1145 1138; x_wconf 90' lang='lat' dir='ltr'>illi</span> <span class='ocrx_word' id='word_1_99' title='bbox 1164 1079 1226 1136; x_wconf 88' lang='lat' dir='ltr'>mi-</span> 
     </span>
     <span class='ocr_line' id='line_1_12' title="bbox 117 1154 1226 1239; baseline 0.002 -27"><span class='ocrx_word' id='word_1_100' title='bbox 117 1177 162 1214; x_wconf 90' lang='lat' dir='ltr'>me</span> <span class='ocrx_word' id='word_1_101' title='bbox 187 1155 308 1216; x_wconf 91' lang='lat' dir='ltr'>dubium</span> <span class='ocrx_word' id='word_1_102' title='bbox 333 1166 404 1215; x_wconf 88' lang='lat' dir='ltr'>erat.</span> <span class='ocrx_word' id='word_1_103' title='bbox 441 1157 525 1236; x_wconf 83' lang='lat' dir='ltr'>Ergo</span> <span class='ocrx_word' id='word_1_104' title='bbox 545 1179 634 1236; x_wconf 91' lang='lat' dir='ltr'>qnum</span> <span class='ocrx_word' id='word_1_105' title='bbox 655 1159 732 1239; x_wconf 88' lang='lat' dir='ltr'>apud</span> <span class='ocrx_word' id='word_1_106' title='bbox 754 1157 903 1220; x_wconf 88' lang='lat' dir='ltr'>Christum</span> <span class='ocrx_word' id='word_1_107' title='bbox 923 1154 1056 1236; x_wconf 89' lang='lat' dir='ltr'>deposita</span> <span class='ocrx_word' id='word_1_108' title='bbox 1076 1168 1156 1217; x_wconf 91' lang='lat' dir='ltr'>esset</span> <span class='ocrx_word' id='word_1_109' title='bbox 1173 1175 1226 1214; x_wconf 88' lang='lat' dir='ltr'>sa-</span> 
     </span>
     <span class='ocr_line' id='line_1_13' title="bbox 114 1229 1226 1314; baseline -0.001 -24"><span class='ocrx_word' id='word_1_110' title='bbox 114 1229 210 1291; x_wconf 82' lang='lat' dir='ltr'>rtionis</span> <span class='ocrx_word' id='word_1_111' title='bbox 230 1231 338 1314; x_wconf 83' lang='lat' dir='ltr'>gratia,</span> <span class='ocrx_word' id='word_1_112' title='bbox 361 1231 437 1292; x_wconf 90' lang='lat' dir='ltr'>hanc</span> <span class='ocrx_word' id='word_1_113' title='bbox 457 1232 615 1294; x_wconf 87' lang='lat' dir='ltr'>coelestem</span> <span class='ocrx_word' id='word_1_114' title='bbox 634 1234 770 1296; x_wconf 82' lang='lat' dir='ltr'>virtutem</span> <span class='ocrx_word' id='word_1_115' title='bbox 791 1253 852 1293; x_wconf 88' lang='lat' dir='ltr'>esse</span> <span class='ocrx_word' id='word_1_116' title='bbox 872 1253 1051 1314; x_wconf 81' lang='lat' dir='ltr'>agnoscens,</span> <span class='ocrx_word' id='word_1_117' title='bbox 1069 1254 1133 1294; x_wconf 91' lang='lat' dir='ltr'>non</span> <span class='ocrx_word' id='word_1_118' title='bbox 1155 1231 1226 1292; x_wconf 91' lang='lat' dir='ltr'>alli-</span> 
     </span>
     <span class='ocr_line' id='line_1_14' title="bbox 114 1308 1226 1390; baseline 0.003 -25"><span class='ocrx_word' id='word_1_119' title='bbox 114 1319 134 1366; x_wconf 70' lang='grc' dir='ltr'>ιι</span> <span class='ocrx_word' id='word_1_120' title='bbox 157 1309 290 1390; x_wconf 90' lang='lat' dir='ltr'>corporis</span> <span class='ocrx_word' id='word_1_121' title='bbox 314 1308 512 1387; x_wconf 80' lang='lat' dir='ltr'>praesentiae,</span> <span class='ocrx_word' id='word_1_122' title='bbox 541 1311 593 1370; x_wconf 90' lang='lat' dir='ltr'>sed</span> <span class='ocrx_word' id='word_1_123' title='bbox 617 1309 709 1374; x_wconf 88' lang='lat' dir='ltr'>verbo</span> <span class='ocrx_word' id='word_1_124' title='bbox 730 1321 886 1370; x_wconf 88' lang='lat' dir='ltr'>contentus</span> <span class='ocrx_word' id='word_1_125' title='bbox 906 1321 965 1382; x_wconf 87' lang='lat' dir='ltr'>est,</span> <span class='ocrx_word' id='word_1_126' title='bbox 996 1329 1029 1370; x_wconf 83' lang='lat' dir='ltr'>er</span> <span class='ocrx_word' id='word_1_127' title='bbox 1049 1330 1110 1388; x_wconf 95' lang='lat' dir='ltr'>quo</span> <span class='ocrx_word' id='word_1_128' title='bbox 1130 1309 1226 1369; x_wconf 90' lang='lat' dir='ltr'>talem</span> 
     </span>
     <span class='ocr_line' id='line_1_15' title="bbox 114 1383 1222 1468; baseline 0.002 -27"><span class='ocrx_word' id='word_1_129' title='bbox 114 1405 139 1441; x_wconf 94' lang='lat' dir='ltr'>m</span> <span class='ocrx_word' id='word_1_130' title='bbox 160 1385 280 1466; x_wconf 89' lang='lat' dir='ltr'>prodire</span> <span class='ocrx_word' id='word_1_131' title='bbox 299 1384 402 1446; x_wconf 77' lang='lat' dir='ltr'>credit.</span> <span class='ocrx_word' id='word_1_132' title='bbox 440 1383 620 1464; x_wconf 82' lang='lat' dir='ltr'>Similitudo,</span> <span class='ocrx_word' id='word_1_133' title='bbox 641 1407 727 1468; x_wconf 90' lang='lat' dir='ltr'>quam</span> <span class='ocrx_word' id='word_1_134' title='bbox 748 1386 866 1448; x_wconf 78' lang='lat' dir='ltr'>adducit</span> <span class='ocrx_word' id='word_1_135' title='bbox 884 1384 1040 1461; x_wconf 86' lang='lat' dir='ltr'>Centurio,</span> <span class='ocrx_word' id='word_1_136' title='bbox 1060 1404 1151 1464; x_wconf 93' lang='lat' dir='ltr'>quum</span> <span class='ocrx_word' id='word_1_137' title='bbox 1172 1384 1222 1444; x_wconf 92' lang='lat' dir='ltr'>di-</span> 
     </span>
     <span class='ocr_line' id='line_1_16' title="bbox 114 1457 1223 1554; baseline 0.002 -37"><span class='ocrx_word' id='word_1_138' title='bbox 114 1470 139 1534; x_wconf 92' lang='lat' dir='ltr'>t,</span> <span class='ocrx_word' id='word_1_139' title='bbox 162 1481 193 1522; x_wconf 91' lang='lat' dir='ltr'>se</span> <span class='ocrx_word' id='word_1_140' title='bbox 213 1460 363 1523; x_wconf 84' lang='lat' dir='ltr'>homiuem</span> <span class='ocrx_word' id='word_1_141' title='bbox 383 1457 446 1522; x_wconf 81' lang='lat' dir='ltr'>esse</span> <span class='ocrx_word' id='word_1_142' title='bbox 466 1474 540 1538; x_wconf 79' lang='lat' dir='ltr'>etc,</span> <span class='ocrx_word' id='word_1_143' title='bbox 559 1483 622 1526; x_wconf 88' lang='lat' dir='ltr'>non</span> <span class='ocrx_word' id='word_1_144' title='bbox 643 1478 687 1524; x_wconf 86' lang='lat' dir='ltr'>est</span> <span class='ocrx_word' id='word_1_145' title='bbox 706 1486 739 1526; x_wconf 86' lang='lat' dir='ltr'>ex</span> <span class='ocrx_word' id='word_1_146' title='bbox 760 1463 823 1554; x_wconf 87' lang='lat' dir='ltr'>pari</span> <span class='ocrx_word' id='word_1_147' title='bbox 842 1475 974 1543; x_wconf 87' lang='lat' dir='ltr'>sumpta,</span> <span class='ocrx_word' id='word_1_148' title='bbox 992 1475 1025 1522; x_wconf 89' lang='lat' dir='ltr'>ut</span> <span class='ocrx_word' id='word_1_149' title='bbox 1044 1463 1223 1544; x_wconf 88' lang='lat' dir='ltr'>loquuntur,</span> 
     </span>
     <span class='ocr_line' id='line_1_17' title="bbox 115 1538 1222 1630; baseline 0.001 -33"><span class='ocrx_word' id='word_1_150' title='bbox 115 1539 132 1597; x_wconf 95' lang='lat' dir='ltr'>d</span> <span class='ocrx_word' id='word_1_151' title='bbox 158 1548 311 1620; x_wconf 88' lang='lat' dir='ltr'>comparat</span> <span class='ocrx_word' id='word_1_152' title='bbox 334 1538 429 1602; x_wconf 89' lang='lat' dir='ltr'>minos</span> <span class='ocrx_word' id='word_1_153' title='bbox 454 1559 521 1598; x_wconf 90' lang='lat' dir='ltr'>cum</span> <span class='ocrx_word' id='word_1_154' title='bbox 546 1542 660 1601; x_wconf 93' lang='lat' dir='ltr'>maiori.</span> <span class='ocrx_word' id='word_1_155' title='bbox 698 1541 837 1602; x_wconf 75' lang='lat' dir='ltr'>Divinam</span> <span class='ocrx_word' id='word_1_156' title='bbox 857 1539 935 1599; x_wconf 94' lang='lat' dir='ltr'>enim</span> <span class='ocrx_word' id='word_1_157' title='bbox 955 1538 1108 1614; x_wconf 84' lang='lat' dir='ltr'>virtutem,</span> <span class='ocrx_word' id='word_1_158' title='bbox 1141 1560 1222 1630; x_wconf 89' lang='lat' dir='ltr'>quae</span> 
     </span>
     <span class='ocr_line' id='line_1_18' title="bbox 132 1601 1221 1750; baseline 0.001 -75"><span class='ocrx_word' id='word_1_159' title='bbox 132 1616 163 1675; x_wconf 90' lang='lat' dir='ltr'>in</span> <span class='ocrx_word' id='word_1_160' title='bbox 184 1615 305 1675; x_wconf 86' lang='lat' dir='ltr'>Christo</span> <span class='ocrx_word' id='word_1_161' title='bbox 324 1613 458 1694; x_wconf 76' lang='lat' dir='ltr'>profert,</span> <span class='ocrx_word' id='word_1_162' title='bbox 486 1616 578 1750; x_wconf 86' lang='lat' dir='ltr'>pluris</span> <span class='ocrx_word' id='word_1_163' title='bbox 597 1617 730 1679; x_wconf 88' lang='lat' dir='ltr'>aestimat</span> <span class='ocrx_word' id='word_1_164' title='bbox 749 1637 838 1698; x_wconf 89' lang='lat' dir='ltr'>quam</span> <span class='ocrx_word' id='word_1_165' title='bbox 856 1615 1026 1696; x_wconf 89' lang='lat' dir='ltr'>imperium,</span> <span class='ocrx_word' id='word_1_166' title='bbox 1052 1601 1134 1697; x_wconf 86' lang='lat' dir='ltr'>qnod</span> <span class='ocrx_word' id='word_1_167' title='bbox 1153 1636 1221 1696; x_wconf 89' lang='lat' dir='ltr'>rpse</span> 
     </span>
     <span class='ocr_line' id='line_1_19' title="bbox 114 1691 561 1752; baseline 0.004 -3"><span class='ocrx_word' id='word_1_168' title='bbox 114 1691 209 1751; x_wconf 71' lang='lat' dir='ltr'>rbebat</span> <span class='ocrx_word' id='word_1_169' title='bbox 227 1691 257 1749; x_wconf 92' lang='lat' dir='ltr'>in</span> <span class='ocrx_word' id='word_1_170' title='bbox 277 1709 378 1752; x_wconf 82' lang='lat' dir='ltr'>servos</span> <span class='ocrx_word' id='word_1_171' title='bbox 398 1701 428 1752; x_wconf 82' lang='lat' dir='ltr'>et</span> <span class='ocrx_word' id='word_1_172' title='bbox 446 1693 486 1751; x_wconf 89' lang='lat' dir='ltr'>mi</span> <span class='ocrx_word' id='word_1_173' title='bbox 499 1692 561 1752; x_wconf 88' lang='lat' dir='ltr'>itcs.</span> 
     </span>
    </p>

    <p class='ocr_par' dir='ltr' id='par_1_3' title="bbox 114 1764 1280 4142">
     <span class='ocr_line' id='line_1_20' title="bbox 156 1764 1219 1859; baseline -0.006 -27"><span class='ocrx_word' id='word_1_174' title='bbox 156 1773 202 1832; x_wconf 86' lang='lat'>10.</span> <span class='ocrx_word' id='word_1_175' title='bbox 230 1765 314 1826; x_wconf 79' lang='lat' dir='ltr'>Iasus</span> <span class='ocrx_word' id='word_1_176' title='bbox 332 1764 493 1830; x_wconf 63' lang='lat' dir='ltr'>adseram</span> <span class='ocrx_word' id='word_1_177' title='bbox 510 1783 559 1828; x_wconf 81' lang='lat' dir='ltr'>est.</span> <span class='ocrx_word' id='word_1_178' title='bbox 597 1769 728 1830; x_wconf 88' lang='lat' dir='ltr'>Tametsi</span> <span class='ocrx_word' id='word_1_179' title='bbox 748 1770 778 1830; x_wconf 90' lang='lat' dir='ltr'>in</span> <span class='ocrx_word' id='word_1_180' title='bbox 800 1767 896 1829; x_wconf 88' lang='lat' dir='ltr'>Deum</span> <span class='ocrx_word' id='word_1_181' title='bbox 918 1789 979 1830; x_wconf 91' lang='lat' dir='ltr'>non</span> <span class='ocrx_word' id='word_1_182' title='bbox 999 1767 1143 1859; x_wconf 91' lang='lat' dir='ltr'>competit</span> <span class='ocrx_word' id='word_1_183' title='bbox 1162 1768 1219 1828; x_wconf 89' lang='lat' dir='ltr'>ad-</span> 
     </span>
     <span class='ocr_line' id='line_1_21' title="bbox 114 1843 1219 1926; baseline 0.004 -24"><span class='ocrx_word' id='word_1_184' title='bbox 114 1843 206 1916; x_wconf 85' lang='lat' dir='ltr'>iratio,</span> <span class='ocrx_word' id='word_1_185' title='bbox 225 1843 292 1922; x_wconf 90' lang='lat' dir='ltr'>qnia</span> <span class='ocrx_word' id='word_1_186' title='bbox 313 1861 347 1904; x_wconf 84' lang='lat' dir='ltr'>ex</span> <span class='ocrx_word' id='word_1_187' title='bbox 366 1843 454 1906; x_wconf 87' lang='lat' dir='ltr'>rebus</span> <span class='ocrx_word' id='word_1_188' title='bbox 472 1845 557 1906; x_wconf 86' lang='lat' dir='ltr'>novis</span> <span class='ocrx_word' id='word_1_189' title='bbox 576 1846 625 1908; x_wconf 89' lang='lat' dir='ltr'>vel</span> <span class='ocrx_word' id='word_1_190' title='bbox 644 1846 803 1926; x_wconf 89' lang='lat' dir='ltr'>inopinatis</span> <span class='ocrx_word' id='word_1_191' title='bbox 823 1846 927 1921; x_wconf 90' lang='lat' dir='ltr'>oritur,</span> <span class='ocrx_word' id='word_1_192' title='bbox 947 1846 975 1904; x_wconf 92' lang='lat' dir='ltr'>in</span> <span class='ocrx_word' id='word_1_193' title='bbox 998 1845 1150 1907; x_wconf 85' lang='lat' dir='ltr'>Chrrstum</span> <span class='ocrx_word' id='word_1_194' title='bbox 1169 1855 1219 1906; x_wconf 91' lang='lat' dir='ltr'>ta-</span> 
     </span>
     <span class='ocr_line' id='line_1_22' title="bbox 114 1921 1220 2000; baseline 0.001 -20"><span class='ocrx_word' id='word_1_195' title='bbox 114 1941 161 1995; x_wconf 90' lang='lat' dir='ltr'>en,</span> <span class='ocrx_word' id='word_1_196' title='bbox 191 1931 334 2000; x_wconf 88' lang='lat' dir='ltr'>quatenus</span> <span class='ocrx_word' id='word_1_197' title='bbox 358 1939 417 1980; x_wconf 85' lang='lat' dir='ltr'>una</span> <span class='ocrx_word' id='word_1_198' title='bbox 441 1941 508 1982; x_wconf 90' lang='lat' dir='ltr'>cum</span> <span class='ocrx_word' id='word_1_199' title='bbox 531 1943 620 1984; x_wconf 90' lang='lat' dir='ltr'>carne</span> <span class='ocrx_word' id='word_1_200' title='bbox 641 1935 741 1982; x_wconf 87' lang='lat' dir='ltr'>nostra</span> <span class='ocrx_word' id='word_1_201' title='bbox 761 1921 904 1984; x_wconf 90' lang='lat' dir='ltr'>humanos</span> <span class='ocrx_word' id='word_1_202' title='bbox 923 1923 1047 1983; x_wconf 85' lang='lat' dir='ltr'>allectus</span> <span class='ocrx_word' id='word_1_203' title='bbox 1066 1921 1220 1998; x_wconf 80' lang='lat' dir='ltr'>induerat,</span> 
     </span>
     <span class='ocr_line' id='line_1_23' title="bbox 114 1995 1217 2098; baseline 0.002 -42"><span class='ocrx_word' id='word_1_204' title='bbox 114 1998 185 2066; x_wconf 92' lang='lat' dir='ltr'>dere</span> <span class='ocrx_word' id='word_1_205' title='bbox 210 1995 316 2076; x_wconf 78' lang='lat' dir='ltr'>potuit.</span> <span class='ocrx_word' id='word_1_206' title='bbox 358 1995 423 2064; x_wconf 82' lang='lat' dir='ltr'>Iam</span> <span class='ocrx_word' id='word_1_207' title='bbox 443 1999 524 2079; x_wconf 92' lang='lat' dir='ltr'>quod</span> <span class='ocrx_word' id='word_1_208' title='bbox 545 1999 719 2098; x_wconf 91' lang='lat' dir='ltr'>pronuntiat</span> <span class='ocrx_word' id='word_1_209' title='bbox 738 1999 887 2074; x_wconf 88' lang='lat' dir='ltr'>Christus,</span> <span class='ocrx_word' id='word_1_210' title='bbox 915 2021 952 2059; x_wconf 82' lang='lat' dir='ltr'>rra</span> <span class='ocrx_word' id='word_1_211' title='bbox 969 2003 1001 2059; x_wconf 77' lang='lat' dir='ltr'>in</span> <span class='ocrx_word' id='word_1_212' title='bbox 1018 1997 1133 2059; x_wconf 79' lang='lat' dir='ltr'>[sraela</span> <span class='ocrx_word' id='word_1_213' title='bbox 1149 2003 1217 2079; x_wconf 76' lang='grc' dir='ltr'>φη·-</span> 
     </span>
     <span class='ocr_line' id='line_1_24' title="bbox 114 2071 1217 2156; baseline 0.003 -23"><span class='ocrx_word' id='word_1_214' title='bbox 114 2096 142 2133; x_wconf 83' lang='lat' dir='ltr'>m</span> <span class='ocrx_word' id='word_1_215' title='bbox 162 2085 274 2132; x_wconf 70' lang='lat' dir='ltr'>mom</span> <span class='ocrx_word' id='word_1_216' title='bbox 295 2093 327 2132; x_wconf 85' lang='lat' dir='ltr'>sa</span> <span class='ocrx_word' id='word_1_217' title='bbox 341 2071 438 2156; x_wconf 77' lang='lat' dir='ltr'>fldem</span> <span class='ocrx_word' id='word_1_218' title='bbox 462 2077 616 2154; x_wconf 68' lang='lat' dir='ltr'>domasse,</span> <span class='ocrx_word' id='word_1_219' title='bbox 648 2075 758 2138; x_wconf 90' lang='lat' dir='ltr'>dictum</span> <span class='ocrx_word' id='word_1_220' title='bbox 783 2089 828 2136; x_wconf 89' lang='lat' dir='ltr'>est</span> <span class='ocrx_word' id='word_1_221' title='bbox 851 2077 1012 2136; x_wconf 87' lang='lat' dir='ltr'>secundum</span> <span class='ocrx_word' id='word_1_222' title='bbox 1033 2075 1120 2155; x_wconf 87' lang='lat' dir='ltr'>quid,</span> <span class='ocrx_word' id='word_1_223' title='bbox 1150 2097 1217 2136; x_wconf 92' lang='lat' dir='ltr'>non</span> 
     </span>
     <span class='ocr_line' id='line_1_25' title="bbox 114 2147 1223 2236; baseline 0.007 -27"><span class='ocrx_word' id='word_1_224' title='bbox 114 2148 255 2230; x_wconf 83' lang='lat' dir='ltr'>upliciter.</span> <span class='ocrx_word' id='word_1_225' title='bbox 298 2147 375 2210; x_wconf 85' lang='lat' dir='ltr'>Nam</span> <span class='ocrx_word' id='word_1_226' title='bbox 399 2151 424 2210; x_wconf 86' lang='lat' dir='ltr'>si</span> <span class='ocrx_word' id='word_1_227' title='bbox 448 2151 613 2236; x_wconf 79' lang='lat' dir='ltr'>colligimus</span> <span class='ocrx_word' id='word_1_228' title='bbox 638 2172 740 2214; x_wconf 91' lang='lat' dir='ltr'>omnes</span> <span class='ocrx_word' id='word_1_229' title='bbox 765 2153 832 2214; x_wconf 82' lang='lat' dir='ltr'>fidei</span> <span class='ocrx_word' id='word_1_230' title='bbox 857 2164 973 2232; x_wconf 88' lang='lat' dir='ltr'>partes,</span> <span class='ocrx_word' id='word_1_231' title='bbox 1000 2153 1103 2213; x_wconf 85' lang='lat' dir='ltr'>saltem</span> <span class='ocrx_word' id='word_1_232' title='bbox 1122 2153 1154 2212; x_wconf 87' lang='lat' dir='ltr'>in</span> <span class='ocrx_word' id='word_1_233' title='bbox 1175 2174 1223 2216; x_wconf 91' lang='lat' dir='ltr'>eo.</span> 
     </span>
     <span class='ocr_line' id='line_1_26' title="bbox 114 2223 1216 2312; baseline 0.005 -26"><span class='ocrx_word' id='word_1_234' title='bbox 114 2223 250 2286; x_wconf 86' lang='lat' dir='ltr'>aecelluit</span> <span class='ocrx_word' id='word_1_235' title='bbox 267 2225 378 2287; x_wconf 85' lang='lat' dir='ltr'>Mariae</span> <span class='ocrx_word' id='word_1_236' title='bbox 397 2227 485 2303; x_wconf 82' lang='lat' dir='ltr'>fides,</span> <span class='ocrx_word' id='word_1_237' title='bbox 516 2231 597 2311; x_wconf 93' lang='lat' dir='ltr'>qnod</span> <span class='ocrx_word' id='word_1_238' title='bbox 616 2251 648 2290; x_wconf 92' lang='lat' dir='ltr'>se</span> <span class='ocrx_word' id='word_1_239' title='bbox 667 2249 702 2289; x_wconf 88' lang='lat' dir='ltr'>ex</span> <span class='ocrx_word' id='word_1_240' title='bbox 721 2228 835 2310; x_wconf 86' lang='lat' dir='ltr'>Spiritu</span> <span class='ocrx_word' id='word_1_241' title='bbox 853 2239 956 2288; x_wconf 87' lang='lat' dir='ltr'>sancto</span> <span class='ocrx_word' id='word_1_242' title='bbox 977 2230 1041 2290; x_wconf 85' lang='lat' dir='ltr'>lore</span> <span class='ocrx_word' id='word_1_243' title='bbox 1061 2229 1216 2312; x_wconf 78' lang='lat' dir='ltr'>gravidam</span> 
     </span>
     <span class='ocr_line' id='line_1_27' title="bbox 114 2303 1214 2390; baseline 0.002 -26"><span class='ocrx_word' id='word_1_244' title='bbox 114 2303 215 2378; x_wconf 84' lang='lat' dir='ltr'>edidit,</span> <span class='ocrx_word' id='word_1_245' title='bbox 243 2313 277 2370; x_wconf 86' lang='lat' dir='ltr'>ut</span> <span class='ocrx_word' id='word_1_246' title='bbox 301 2303 408 2365; x_wconf 86' lang='lat' dir='ltr'>Filium</span> <span class='ocrx_word' id='word_1_247' title='bbox 432 2305 491 2366; x_wconf 88' lang='lat' dir='ltr'>Dei</span> <span class='ocrx_word' id='word_1_248' title='bbox 514 2307 700 2390; x_wconf 83' lang='lat' dir='ltr'>unigenitum</span> <span class='ocrx_word' id='word_1_249' title='bbox 725 2317 857 2386; x_wconf 84' lang='lat' dir='ltr'>pareret:</span> <span class='ocrx_word' id='word_1_250' title='bbox 892 2305 998 2366; x_wconf 89' lang='lat' dir='ltr'>deinde</span> <span class='ocrx_word' id='word_1_251' title='bbox 1038 2307 1101 2366; x_wconf 88' lang='lat' dir='ltr'>uod</span> <span class='ocrx_word' id='word_1_252' title='bbox 1119 2307 1214 2366; x_wconf 87' lang='lat' dir='ltr'>lilium</span> 
     </span>
     <span class='ocr_line' id='line_1_28' title="bbox 128 2327 1214 2463; baseline 0.004 -22"><span class='ocrx_word' id='word_1_253' title='bbox 128 2401 160 2441; x_wconf 91' lang='lat' dir='ltr'>se</span> <span class='ocrx_word' id='word_1_254' title='bbox 179 2391 280 2440; x_wconf 88' lang='lat' dir='ltr'>natum</span> <span class='ocrx_word' id='word_1_255' title='bbox 300 2382 430 2460; x_wconf 86' lang='lat' dir='ltr'>amplexa</span> <span class='ocrx_word' id='word_1_256' title='bbox 451 2393 495 2443; x_wconf 90' lang='lat' dir='ltr'>est</span> <span class='ocrx_word' id='word_1_257' title='bbox 513 2393 651 2463; x_wconf 84' lang='lat' dir='ltr'>tanqotm</span> <span class='ocrx_word' id='word_1_258' title='bbox 672 2383 814 2444; x_wconf 83' lang='lat' dir='ltr'>factorem</span> <span class='ocrx_word' id='word_1_259' title='bbox 832 2404 925 2458; x_wconf 90' lang='lat' dir='ltr'>suum,</span> <span class='ocrx_word' id='word_1_260' title='bbox 944 2327 1106 2463; x_wconf 85' lang='lat' dir='ltr'>mundique</span> <span class='ocrx_word' id='word_1_261' title='bbox 1120 2385 1214 2445; x_wconf 88' lang='lat' dir='ltr'>totius</span> 
     </span>
     <span class='ocr_line' id='line_1_29' title="bbox 118 2456 1213 2552; baseline 0.006 -36"><span class='ocrx_word' id='word_1_262' title='bbox 118 2456 212 2518; x_wconf 87' lang='lat' dir='ltr'>ificem</span> <span class='ocrx_word' id='word_1_263' title='bbox 236 2469 267 2518; x_wconf 93' lang='lat' dir='ltr'>et</span> <span class='ocrx_word' id='word_1_264' title='bbox 290 2457 408 2518; x_wconf 88' lang='lat' dir='ltr'>unicum</span> <span class='ocrx_word' id='word_1_265' title='bbox 433 2459 674 2552; x_wconf 85' lang='lat' dir='ltr'>Redemptorem.</span> <span class='ocrx_word' id='word_1_266' title='bbox 719 2461 779 2520; x_wconf 88' lang='lat' dir='ltr'>Sed</span> <span class='ocrx_word' id='word_1_267' title='bbox 807 2460 876 2520; x_wconf 86' lang='lat' dir='ltr'>duas</span> <span class='ocrx_word' id='word_1_268' title='bbox 901 2459 1023 2521; x_wconf 85' lang='lat' dir='ltr'>maxime</span> <span class='ocrx_word' id='word_1_269' title='bbox 1048 2461 1088 2521; x_wconf 88' lang='lat' dir='ltr'>ob</span> <span class='ocrx_word' id='word_1_270' title='bbox 1110 2481 1213 2523; x_wconf 87' lang='lat' dir='ltr'>causas</span> 
     </span>
     <span class='ocr_line' id='line_1_30' title="bbox 115 2533 1211 2618; baseline 0.005 -25"><span class='ocrx_word' id='word_1_271' title='bbox 115 2533 210 2595; x_wconf 83' lang='lat' dir='ltr'>rristus</span> <span class='ocrx_word' id='word_1_272' title='bbox 229 2534 318 2596; x_wconf 91' lang='lat' dir='ltr'>fidem</span> <span class='ocrx_word' id='word_1_273' title='bbox 337 2535 463 2598; x_wconf 84' lang='lat' dir='ltr'>hominis</span> <span class='ocrx_word' id='word_1_274' title='bbox 484 2537 601 2618; x_wconf 82' lang='lat' dir='ltr'>genulis</span> <span class='ocrx_word' id='word_1_275' title='bbox 621 2537 760 2618; x_wconf 87' lang='lat' dir='ltr'>praetulit</span> <span class='ocrx_word' id='word_1_276' title='bbox 780 2536 911 2598; x_wconf 88' lang='lat' dir='ltr'>omnium</span> <span class='ocrx_word' id='word_1_277' title='bbox 928 2536 1105 2598; x_wconf 88' lang='lat' dir='ltr'>Indaeorum</span> <span class='ocrx_word' id='word_1_278' title='bbox 1125 2537 1211 2598; x_wconf 87' lang='lat' dir='ltr'>fidei:</span> 
     </span>
     <span class='ocr_line' id='line_1_31' title="bbox 115 2613 1280 2696; baseline 0.003 -26"><span class='ocrx_word' id='word_1_279' title='bbox 115 2633 181 2692; x_wconf 92' lang='lat' dir='ltr'>mpe</span> <span class='ocrx_word' id='word_1_280' title='bbox 208 2614 288 2691; x_wconf 91' lang='lat' dir='ltr'>qnod</span> <span class='ocrx_word' id='word_1_281' title='bbox 313 2631 348 2671; x_wconf 81' lang='lat' dir='ltr'>ex</span> <span class='ocrx_word' id='word_1_282' title='bbox 371 2613 490 2674; x_wconf 90' lang='lat' dir='ltr'>modico</span> <span class='ocrx_word' id='word_1_283' title='bbox 516 2625 546 2674; x_wconf 93' lang='lat' dir='ltr'>et</span> <span class='ocrx_word' id='word_1_284' title='bbox 569 2615 653 2675; x_wconf 88' lang='lat' dir='ltr'>tenni</span> <span class='ocrx_word' id='word_1_285' title='bbox 677 2614 829 2675; x_wconf 89' lang='lat' dir='ltr'>doctrinae</span> <span class='ocrx_word' id='word_1_286' title='bbox 855 2626 941 2696; x_wconf 82' lang='lat' dir='ltr'>gustu</span> <span class='ocrx_word' id='word_1_287' title='bbox 964 2624 1061 2676; x_wconf 81' lang='lat' dir='ltr'>tantus</span> <span class='ocrx_word' id='word_1_288' title='bbox 1088 2635 1121 2676; x_wconf 86' lang='lat' dir='ltr'>ac</span> <span class='ocrx_word' id='word_1_289' title='bbox 1148 2627 1210 2675; x_wconf 85' lang='lat' dir='ltr'>tam</span> <span class='ocrx_word' id='word_1_290' title='bbox 1279 2651 1280 2662; x_wconf 31' lang='grc' dir='ltr'><strong>κ</strong></span> 
     </span>
     <span class='ocr_line' id='line_1_32' title="bbox 115 2688 1211 2830; baseline 0.004 -82"><span class='ocrx_word' id='word_1_291' title='bbox 115 2701 197 2770; x_wconf 71' lang='lat' dir='ltr'>pente</span> <span class='ocrx_word' id='word_1_292' title='bbox 223 2688 333 2750; x_wconf 84' lang='lat' dir='ltr'>lructus</span> <span class='ocrx_word' id='word_1_293' title='bbox 353 2709 385 2750; x_wconf 88' lang='lat' dir='ltr'>se</span> <span class='ocrx_word' id='word_1_294' title='bbox 406 2690 565 2769; x_wconf 77' lang='lat' dir='ltr'>proferret.</span> <span class='ocrx_word' id='word_1_295' title='bbox 603 2691 708 2770; x_wconf 90' lang='lat' dir='ltr'>Neque</span> <span class='ocrx_word' id='word_1_296' title='bbox 729 2689 808 2752; x_wconf 87' lang='lat' dir='ltr'>euim</span> <span class='ocrx_word' id='word_1_297' title='bbox 828 2691 885 2750; x_wconf 88' lang='lat' dir='ltr'>hoc</span> <span class='ocrx_word' id='word_1_298' title='bbox 904 2691 1025 2830; x_wconf 51' lang='lat' dir='ltr'>vulsssre</span> <span class='ocrx_word' id='word_1_299' title='bbox 1046 2692 1118 2766; x_wconf 84' lang='lat' dir='ltr'>luit,</span> <span class='ocrx_word' id='word_1_300' title='bbox 1149 2692 1211 2752; x_wconf 93' lang='lat' dir='ltr'>Dei</span> 
     </span>
     <span class='ocr_line' id='line_1_33' title="bbox 115 2765 1210 2850; baseline 0.006 -26"><span class='ocrx_word' id='word_1_301' title='bbox 115 2777 226 2841; x_wconf 89' lang='lat' dir='ltr'>tutem,</span> <span class='ocrx_word' id='word_1_302' title='bbox 246 2785 320 2843; x_wconf 89' lang='lat' dir='ltr'>quae</span> <span class='ocrx_word' id='word_1_303' title='bbox 339 2775 453 2825; x_wconf 89' lang='lat' dir='ltr'>tantum</span> <span class='ocrx_word' id='word_1_304' title='bbox 472 2765 611 2827; x_wconf 89' lang='lat' dir='ltr'>scintillas</span> <span class='ocrx_word' id='word_1_305' title='bbox 632 2768 770 2846; x_wconf 91' lang='lat' dir='ltr'>quasdam</span> <span class='ocrx_word' id='word_1_306' title='bbox 788 2767 883 2828; x_wconf 92' lang='lat' dir='ltr'>iacere</span> <span class='ocrx_word' id='word_1_307' title='bbox 903 2767 933 2826; x_wconf 92' lang='lat' dir='ltr'>in</span> <span class='ocrx_word' id='word_1_308' title='bbox 985 2769 1074 2830; x_wconf 86' lang='lat' dir='ltr'>bristo</span> <span class='ocrx_word' id='word_1_309' title='bbox 1097 2791 1210 2850; x_wconf 87' lang='lat' dir='ltr'>coepe-</span> 
     </span>
     <span class='ocr_line' id='line_1_34' title="bbox 115 2841 1208 2940; baseline 0.008 -42"><span class='ocrx_word' id='word_1_310' title='bbox 115 2863 133 2916; x_wconf 90' lang='lat'>:,</span> <span class='ocrx_word' id='word_1_311' title='bbox 162 2853 221 2900; x_wconf 88' lang='lat' dir='ltr'>tam</span> <span class='ocrx_word' id='word_1_312' title='bbox 247 2841 402 2921; x_wconf 80' lang='lat' dir='ltr'>magnifice</span> <span class='ocrx_word' id='word_1_313' title='bbox 429 2842 607 2933; x_wconf 89' lang='lat' dir='ltr'>praedicare.</span> <span class='ocrx_word' id='word_1_314' title='bbox 649 2842 768 2904; x_wconf 87' lang='lat' dir='ltr'>Deinde</span> <span class='ocrx_word' id='word_1_315' title='bbox 793 2865 883 2923; x_wconf 91' lang='lat' dir='ltr'>quum</span> <span class='ocrx_word' id='word_1_316' title='bbox 904 2845 1004 2906; x_wconf 86' lang='lat' dir='ltr'>Iudaei</span> <span class='ocrx_word' id='word_1_317' title='bbox 1023 2847 1089 2926; x_wconf 89' lang='lat' dir='ltr'>plus</span> <span class='ocrx_word' id='word_1_318' title='bbox 1109 2867 1208 2940; x_wconf 83' lang='lat' dir='ltr'>aequo</span> 
     </span>
     <span class='ocr_line' id='line_1_35' title="bbox 115 2915 1212 3004; baseline 0.007 -28"><span class='ocrx_word' id='word_1_319' title='bbox 115 2917 197 2977; x_wconf 70' lang='lat' dir='ltr'>,ernis</span> <span class='ocrx_word' id='word_1_320' title='bbox 221 2917 311 2998; x_wconf 85' lang='lat' dir='ltr'>signis</span> <span class='ocrx_word' id='word_1_321' title='bbox 335 2915 442 2977; x_wconf 77' lang='lat' dir='ltr'>intents</span> <span class='ocrx_word' id='word_1_322' title='bbox 467 2917 581 2994; x_wconf 82' lang='lat' dir='ltr'>forent,</span> <span class='ocrx_word' id='word_1_323' title='bbox 612 2917 661 2978; x_wconf 85' lang='lat' dir='ltr'>hic</span> <span class='ocrx_word' id='word_1_324' title='bbox 686 2919 775 2980; x_wconf 89' lang='lat' dir='ltr'>homo</span> <span class='ocrx_word' id='word_1_325' title='bbox 802 2921 919 3004; x_wconf 81' lang='lat' dir='ltr'>gentilis</span> <span class='ocrx_word' id='word_1_326' title='bbox 944 2921 1056 2982; x_wconf 90' lang='lat' dir='ltr'>nullum</span> <span class='ocrx_word' id='word_1_327' title='bbox 1083 2945 1115 2985; x_wconf 88' lang='lat' dir='ltr'>re</span> <span class='ocrx_word' id='word_1_328' title='bbox 1139 2925 1212 2984; x_wconf 86' lang='lat' dir='ltr'>urrit</span> 
     </span>
     <span class='ocr_line' id='line_1_36' title="bbox 115 2992 1209 3075; baseline 0.008 -24"><span class='ocrx_word' id='word_1_329' title='bbox 115 2993 184 3052; x_wconf 81' lang='lat' dir='ltr'>ilrile</span> <span class='ocrx_word' id='word_1_330' title='bbox 204 2992 379 3075; x_wconf 85' lang='lat' dir='ltr'>symbolum,</span> <span class='ocrx_word' id='word_1_331' title='bbox 397 2995 449 3056; x_wconf 91' lang='lat' dir='ltr'>scd</span> <span class='ocrx_word' id='word_1_332' title='bbox 469 2995 579 3054; x_wconf 90' lang='lat' dir='ltr'>nudum</span> <span class='ocrx_word' id='word_1_333' title='bbox 598 2993 720 3058; x_wconf 87' lang='lat' dir='ltr'>verbum</span> <span class='ocrx_word' id='word_1_334' title='bbox 739 2996 796 3056; x_wconf 87' lang='lat' dir='ltr'>sibi</span> <span class='ocrx_word' id='word_1_335' title='bbox 814 2997 1090 3060; x_wconf 85' lang='lat' dir='ltr'>sulficeretestatur.</span> <span class='ocrx_word' id='word_1_336' title='bbox 1153 3023 1209 3062; x_wconf 91' lang='lat' dir='ltr'>en-</span> 
     </span>
     <span class='ocr_line' id='line_1_37' title="bbox 116 3070 1209 3166; baseline 0.009 -38"><span class='ocrx_word' id='word_1_337' title='bbox 116 3091 152 3130; x_wconf 89' lang='lat' dir='ltr'>us</span> <span class='ocrx_word' id='word_1_338' title='bbox 176 3070 213 3128; x_wconf 93' lang='lat' dir='ltr'>ad</span> <span class='ocrx_word' id='word_1_339' title='bbox 238 3089 305 3130; x_wconf 90' lang='lat' dir='ltr'>eum</span> <span class='ocrx_word' id='word_1_340' title='bbox 329 3080 393 3128; x_wconf 89' lang='lat' dir='ltr'>erat</span> <span class='ocrx_word' id='word_1_341' title='bbox 420 3070 568 3146; x_wconf 87' lang='lat' dir='ltr'>Christus,</span> <span class='ocrx_word' id='word_1_342' title='bbox 598 3093 659 3132; x_wconf 90' lang='lat' dir='ltr'>non</span> <span class='ocrx_word' id='word_1_343' title='bbox 685 3073 765 3152; x_wconf 93' lang='lat' dir='ltr'>quod</span> <span class='ocrx_word' id='word_1_344' title='bbox 791 3095 865 3166; x_wconf 89' lang='lat' dir='ltr'>opus</span> <span class='ocrx_word' id='word_1_345' title='bbox 885 3087 977 3150; x_wconf 90' lang='lat' dir='ltr'>esset,</span> <span class='ocrx_word' id='word_1_346' title='bbox 1007 3077 1058 3137; x_wconf 92' lang='lat' dir='ltr'>sed</span> <span class='ocrx_word' id='word_1_347' title='bbox 1077 3089 1111 3138; x_wconf 92' lang='lat' dir='ltr'>ut</span> <span class='ocrx_word' id='word_1_348' title='bbox 1130 3077 1209 3138; x_wconf 89' lang='lat' dir='ltr'>hanc</span> 
     </span>
     <span class='ocr_line' id='line_1_38' title="bbox 116 3144 1208 3232; baseline 0.012 -28"><span class='ocrx_word' id='word_1_349' title='bbox 116 3167 132 3204; x_wconf 83' lang='lat' dir='ltr'>s</span> <span class='ocrx_word' id='word_1_350' title='bbox 157 3145 245 3205; x_wconf 83' lang='lat' dir='ltr'>fidem</span> <span class='ocrx_word' id='word_1_351' title='bbox 269 3144 420 3225; x_wconf 85' lang='lat' dir='ltr'>probaret.</span> <span class='ocrx_word' id='word_1_352' title='bbox 465 3147 567 3221; x_wconf 80' lang='lat' dir='ltr'>Quare</span> <span class='ocrx_word' id='word_1_353' title='bbox 593 3149 651 3209; x_wconf 89' lang='lat' dir='ltr'>hoc</span> <span class='ocrx_word' id='word_1_354' title='bbox 677 3162 849 3230; x_wconf 75' lang='lat' dir='ltr'>praesertim</span> <span class='ocrx_word' id='word_1_355' title='bbox 869 3154 989 3212; x_wconf 87' lang='lat' dir='ltr'>nomine</span> <span class='ocrx_word' id='word_1_356' title='bbox 1010 3153 1100 3232; x_wconf 85' lang='lat' dir='ltr'>ipsam</span> <span class='ocrx_word' id='word_1_357' title='bbox 1122 3176 1208 3217; x_wconf 90' lang='lat' dir='ltr'>com-</span> 
     </span>
     <span class='ocr_line' id='line_1_39' title="bbox 116 3222 1208 3312; baseline 0.012 -33"><span class='ocrx_word' id='word_1_358' title='bbox 116 3222 206 3297; x_wconf 87' lang='lat' dir='ltr'>ndat,</span> <span class='ocrx_word' id='word_1_359' title='bbox 256 3222 316 3282; x_wconf 89' lang='lat' dir='ltr'>uod</span> <span class='ocrx_word' id='word_1_360' title='bbox 332 3223 506 3312; x_wconf 65' lang='lat' dir='ltr'>acquiescat</span> <span class='ocrx_word' id='word_1_361' title='bbox 528 3224 559 3284; x_wconf 91' lang='lat' dir='ltr'>in</span> <span class='ocrx_word' id='word_1_362' title='bbox 584 3227 664 3286; x_wconf 91' lang='lat' dir='ltr'>nudo</span> <span class='ocrx_word' id='word_1_363' title='bbox 683 3228 786 3288; x_wconf 85' lang='lat' dir='ltr'>verbo.</span> <span class='ocrx_word' id='word_1_364' title='bbox 827 3228 908 3303; x_wconf 90' lang='lat' dir='ltr'>Quid</span> <span class='ocrx_word' id='word_1_365' title='bbox 929 3228 1046 3290; x_wconf 83' lang='lat' dir='ltr'>lecisset</span> <span class='ocrx_word' id='word_1_366' title='bbox 1063 3231 1111 3292; x_wconf 84' lang='lat' dir='ltr'>vel</span> <span class='ocrx_word' id='word_1_367' title='bbox 1132 3255 1208 3292; x_wconf 85' lang='lat' dir='ltr'>unus</span> 
     </span>
     <span class='ocr_line' id='line_1_40' title="bbox 123 3243 1207 3387; baseline 0.011 -29"><span class='ocrx_word' id='word_1_368' title='bbox 123 3243 295 3378; x_wconf 82' lang='lat' dir='ltr'>Apostolis?</span> <span class='ocrx_word' id='word_1_369' title='bbox 313 3300 402 3375; x_wconf 80' lang='lat' dir='ltr'>Veni,</span> <span class='ocrx_word' id='word_1_370' title='bbox 420 3300 562 3376; x_wconf 88' lang='lat' dir='ltr'>Domine,</span> <span class='ocrx_word' id='word_1_371' title='bbox 580 3303 646 3364; x_wconf 83' lang='lat' dir='ltr'>vide</span> <span class='ocrx_word' id='word_1_372' title='bbox 666 3314 696 3364; x_wconf 90' lang='lat' dir='ltr'>et</span> <span class='ocrx_word' id='word_1_373' title='bbox 714 3316 813 3387; x_wconf 86' lang='lat' dir='ltr'>tange.</span> <span class='ocrx_word' id='word_1_374' title='bbox 851 3306 909 3365; x_wconf 90' lang='lat' dir='ltr'>llic</span> <span class='ocrx_word' id='word_1_375' title='bbox 930 3327 1025 3386; x_wconf 88' lang='lat' dir='ltr'>neque</span> <span class='ocrx_word' id='word_1_376' title='bbox 1045 3307 1207 3370; x_wconf 89' lang='lat' dir='ltr'>adventum</span> 
     </span>
     <span class='ocr_line' id='line_1_41' title="bbox 116 3375 1206 3510; baseline 0.012 -77"><span class='ocrx_word' id='word_1_377' title='bbox 116 3375 266 3510; x_wconf 68' lang='lat' dir='ltr'>poralem,</span> <span class='ocrx_word' id='word_1_378' title='bbox 284 3395 382 3456; x_wconf 88' lang='lat' dir='ltr'>neque</span> <span class='ocrx_word' id='word_1_379' title='bbox 401 3387 511 3438; x_wconf 79' lang='lat' dir='ltr'>tactam</span> <span class='ocrx_word' id='word_1_380' title='bbox 531 3379 686 3454; x_wconf 85' lang='lat' dir='ltr'>desiderat,</span> <span class='ocrx_word' id='word_1_381' title='bbox 704 3382 757 3441; x_wconf 90' lang='lat' dir='ltr'>sed</span> <span class='ocrx_word' id='word_1_382' title='bbox 776 3393 888 3442; x_wconf 90' lang='lat' dir='ltr'>tantum</span> <span class='ocrx_word' id='word_1_383' title='bbox 901 3383 1206 3447; x_wconf 87' lang='lat' dir='ltr'>ellicaciaeinclusum</span> 
     </span>
     <span class='ocr_line' id='line_1_42' title="bbox 116 3451 1206 3528; baseline 0.013 -18"><span class='ocrx_word' id='word_1_384' title='bbox 116 3475 119 3510; x_wconf 75' lang='lat' dir='ltr'>e</span> <span class='ocrx_word' id='word_1_385' title='bbox 142 3452 164 3511; x_wconf 91' lang='lat' dir='ltr'>it</span> <span class='ocrx_word' id='word_1_386' title='bbox 183 3451 214 3512; x_wconf 92' lang='lat' dir='ltr'>in</span> <span class='ocrx_word' id='word_1_387' title='bbox 225 3451 330 3528; x_wconf 82' lang='lat' dir='ltr'>verbo,</span> <span class='ocrx_word' id='word_1_388' title='bbox 349 3465 383 3514; x_wconf 86' lang='lat' dir='ltr'>nt</span> <span class='ocrx_word' id='word_1_389' title='bbox 393 3453 463 3516; x_wconf 89' lang='lat' dir='ltr'>inde</span> <span class='ocrx_word' id='word_1_390' title='bbox 476 3468 584 3518; x_wconf 87' lang='lat' dir='ltr'>certam</span> <span class='ocrx_word' id='word_1_391' title='bbox 597 3455 697 3516; x_wconf 81' lang='lat' dir='ltr'>famuli</span> <span class='ocrx_word' id='word_1_392' title='bbox 707 3457 828 3518; x_wconf 89' lang='lat' dir='ltr'>salntem</span> <span class='ocrx_word' id='word_1_393' title='bbox 839 3479 884 3519; x_wconf 86' lang='lat' dir='ltr'>exs</span> <span class='ocrx_word' id='word_1_394' title='bbox 908 3472 994 3520; x_wconf 76' lang='lat' dir='ltr'>estet</span> <span class='ocrx_word' id='word_1_395' title='bbox 1026 3461 1093 3522; x_wconf 90' lang='lat' dir='ltr'>Hoc</span> <span class='ocrx_word' id='word_1_396' title='bbox 1104 3476 1206 3524; x_wconf 89' lang='lat' dir='ltr'>autem</span> 
     </span>
     <span class='ocr_line' id='line_1_43' title="bbox 116 3479 1204 3615; baseline 0.014 -29"><span class='ocrx_word' id='word_1_397' title='bbox 116 3528 192 3588; x_wconf 89' lang='lat' dir='ltr'>noris</span> <span class='ocrx_word' id='word_1_398' title='bbox 206 3551 269 3590; x_wconf 90' lang='lat' dir='ltr'>non</span> <span class='ocrx_word' id='word_1_399' title='bbox 281 3528 419 3608; x_wconf 85' lang='lat' dir='ltr'>hominis,</span> <span class='ocrx_word' id='word_1_400' title='bbox 438 3532 489 3592; x_wconf 88' lang='lat' dir='ltr'>sed</span> <span class='ocrx_word' id='word_1_401' title='bbox 498 3532 557 3592; x_wconf 93' lang='lat' dir='ltr'>Dei</span> <span class='ocrx_word' id='word_1_402' title='bbox 570 3531 663 3594; x_wconf 86' lang='lat' dir='ltr'>verbo</span> <span class='ocrx_word' id='word_1_403' title='bbox 674 3534 785 3611; x_wconf 86' lang='lat' dir='ltr'>asserit,</span> <span class='ocrx_word' id='word_1_404' title='bbox 806 3536 856 3615; x_wconf 92' lang='lat' dir='ltr'>qui</span> <span class='ocrx_word' id='word_1_405' title='bbox 869 3479 1130 3598; x_wconf 68' lang='lat' dir='ltr'>clristumuatuir</span> <span class='ocrx_word' id='word_1_406' title='bbox 1141 3561 1204 3600; x_wconf 91' lang='lat' dir='ltr'>non</span> 
     </span>
     <span class='ocr_line' id='line_1_44' title="bbox 117 3606 1206 3696; baseline 0.012 -32"><span class='ocrx_word' id='word_1_407' title='bbox 117 3617 213 3666; x_wconf 86' lang='lat' dir='ltr'>vatum</span> <span class='ocrx_word' id='word_1_408' title='bbox 234 3627 295 3666; x_wconf 88' lang='lat' dir='ltr'>esse</span> <span class='ocrx_word' id='word_1_409' title='bbox 315 3606 480 3684; x_wconf 90' lang='lat' dir='ltr'>hominem,</span> <span class='ocrx_word' id='word_1_410' title='bbox 508 3611 560 3670; x_wconf 92' lang='lat' dir='ltr'>sed</span> <span class='ocrx_word' id='word_1_411' title='bbox 579 3611 758 3689; x_wconf 85' lang='lat' dir='ltr'>Prophetam</span> <span class='ocrx_word' id='word_1_412' title='bbox 779 3611 916 3673; x_wconf 84' lang='lat' dir='ltr'>divinitus</span> <span class='ocrx_word' id='word_1_413' title='bbox 935 3614 1062 3674; x_wconf 87' lang='lat' dir='ltr'>missurn.</span> <span class='ocrx_word' id='word_1_414' title='bbox 1101 3617 1206 3696; x_wconf 82' lang='lat' dir='ltr'>Atque</span> 
     </span>
     <span class='ocr_line' id='line_1_45' title="bbox 117 3682 1203 3823; baseline 0.013 -83"><span class='ocrx_word' id='word_1_415' title='bbox 117 3704 136 3743; x_wconf 93' lang='lat' dir='ltr'>c</span> <span class='ocrx_word' id='word_1_416' title='bbox 156 3682 257 3823; x_wconf 52' lang='lat' dir='ltr'>colliqi</span> <span class='ocrx_word' id='word_1_417' title='bbox 276 3695 377 3765; x_wconf 85' lang='lat' dir='ltr'>potest</span> <span class='ocrx_word' id='word_1_418' title='bbox 394 3685 540 3768; x_wconf 84' lang='lat' dir='ltr'>generalis</span> <span class='ocrx_word' id='word_1_419' title='bbox 559 3685 675 3768; x_wconf 79' lang='lat' dir='ltr'>regula:</span> <span class='ocrx_word' id='word_1_420' title='bbox 697 3689 825 3767; x_wconf 84' lang='lat' dir='ltr'>quamvis</span> <span class='ocrx_word' id='word_1_421' title='bbox 842 3689 964 3750; x_wconf 87' lang='lat' dir='ltr'>salutem</span> <span class='ocrx_word' id='word_1_422' title='bbox 977 3701 1108 3752; x_wconf 85' lang='lat' dir='ltr'>nostram</span> <span class='ocrx_word' id='word_1_423' title='bbox 1119 3692 1203 3754; x_wconf 90' lang='lat' dir='ltr'>Deus</span> 
     </span>
     <span class='ocr_line' id='line_1_46' title="bbox 119 3760 1203 3846; baseline 0.006 -25"><span class='ocrx_word' id='word_1_424' title='bbox 119 3781 207 3822; x_wconf 86' lang='lat' dir='ltr'>carne</span> <span class='ocrx_word' id='word_1_425' title='bbox 256 3760 338 3822; x_wconf 85' lang='lat' dir='ltr'>bristi</span> <span class='ocrx_word' id='word_1_426' title='bbox 358 3762 460 3842; x_wconf 88' lang='lat' dir='ltr'>perfici</span> <span class='ocrx_word' id='word_1_427' title='bbox 479 3761 616 3839; x_wconf 81' lang='lat' dir='ltr'>voluerit,</span> <span class='ocrx_word' id='word_1_428' title='bbox 637 3773 668 3822; x_wconf 90' lang='lat' dir='ltr'>et</span> <span class='ocrx_word' id='word_1_429' title='bbox 686 3767 874 3827; x_wconf 81' lang='lat' dir='ltr'>sacramentis</span> <span class='ocrx_word' id='word_1_430' title='bbox 895 3766 1029 3846; x_wconf 87' lang='lat' dir='ltr'>quotidie</span> <span class='ocrx_word' id='word_1_431' title='bbox 1050 3765 1116 3828; x_wconf 90' lang='lat' dir='ltr'>obsi</span> <span class='ocrx_word' id='word_1_432' title='bbox 1141 3782 1203 3844; x_wconf 87' lang='lat' dir='ltr'>net,</span> 
     </span>
     <span class='ocr_line' id='line_1_47' title="bbox 117 3789 1202 3921; baseline 0.01 -25"><span class='ocrx_word' id='word_1_433' title='bbox 117 3849 245 3898; x_wconf 84' lang='lat' dir='ltr'>stamen</span> <span class='ocrx_word' id='word_1_434' title='bbox 266 3836 470 3899; x_wconf 82' lang='lat' dir='ltr'>certitudinem</span> <span class='ocrx_word' id='word_1_435' title='bbox 491 3859 525 3899; x_wconf 86' lang='lat' dir='ltr'>ex</span> <span class='ocrx_word' id='word_1_436' title='bbox 544 3841 636 3900; x_wconf 88' lang='lat' dir='ltr'>verbo</span> <span class='ocrx_word' id='word_1_437' title='bbox 657 3843 814 3921; x_wconf 85' lang='lat' dir='ltr'>petendam</span> <span class='ocrx_word' id='word_1_438' title='bbox 834 3864 905 3904; x_wconf 89' lang='lat' dir='ltr'>esse.</span> <span class='ocrx_word' id='word_1_439' title='bbox 945 3845 1006 3904; x_wconf 89' lang='lat' dir='ltr'>Nisi</span> <span class='ocrx_word' id='word_1_440' title='bbox 1027 3845 1106 3904; x_wconf 89' lang='lat' dir='ltr'>cuim</span> <span class='ocrx_word' id='word_1_441' title='bbox 1117 3789 1202 3907; x_wconf 56' lang='lat' dir='ltr'>Klaec</span> 
     </span>
     <span class='ocr_line' id='line_1_48' title="bbox 118 3915 1200 4002; baseline 0.008 -29"><span class='ocrx_word' id='word_1_442' title='bbox 118 3915 158 3975; x_wconf 90' lang='lat' dir='ltr'>ho</span> <span class='ocrx_word' id='word_1_443' title='bbox 179 3915 312 3974; x_wconf 80' lang='lat' dir='ltr'>defertur</span> <span class='ocrx_word' id='word_1_444' title='bbox 330 3915 499 3991; x_wconf 85' lang='lat' dir='ltr'>auctoritas,</span> <span class='ocrx_word' id='word_1_445' title='bbox 518 3927 550 3974; x_wconf 92' lang='lat' dir='ltr'>ut</span> <span class='ocrx_word' id='word_1_446' title='bbox 569 3927 736 3994; x_wconf 84' lang='lat' dir='ltr'>statuamus,</span> <span class='ocrx_word' id='word_1_447' title='bbox 755 3919 876 3980; x_wconf 81' lang='lat' dir='ltr'>simulac</span> <span class='ocrx_word' id='word_1_448' title='bbox 897 3920 1034 4002; x_wconf 88' lang='lat' dir='ltr'>loquutus</span> <span class='ocrx_word' id='word_1_449' title='bbox 1054 3934 1099 3982; x_wconf 87' lang='lat' dir='ltr'>est</span> <span class='ocrx_word' id='word_1_450' title='bbox 1117 3923 1200 3984; x_wconf 88' lang='lat' dir='ltr'>Deus</span> 
     </span>
     <span class='ocr_line' id='line_1_49' title="bbox 117 3991 1202 4085; baseline 0.011 -36"><span class='ocrx_word' id='word_1_451' title='bbox 117 4014 119 4026; x_wconf 92' lang='lat'><em>·</em></span> <span class='ocrx_word' id='word_1_452' title='bbox 144 3991 308 4066; x_wconf 88' lang='lat' dir='ltr'>ministros,</span> <span class='ocrx_word' id='word_1_453' title='bbox 335 3991 453 4051; x_wconf 89' lang='lat' dir='ltr'>remissa</span> <span class='ocrx_word' id='word_1_454' title='bbox 480 3991 567 4051; x_wconf 89' lang='lat' dir='ltr'>nobis</span> <span class='ocrx_word' id='word_1_455' title='bbox 587 4013 649 4053; x_wconf 88' lang='lat' dir='ltr'>esse</span> <span class='ocrx_word' id='word_1_456' title='bbox 667 4007 804 4085; x_wconf 87' lang='lat' dir='ltr'>peccata,</span> <span class='ocrx_word' id='word_1_457' title='bbox 833 4018 945 4078; x_wconf 90' lang='lat' dir='ltr'>nosque</span> <span class='ocrx_word' id='word_1_458' title='bbox 965 3997 1117 4060; x_wconf 87' lang='lat' dir='ltr'>restitutos</span> <span class='ocrx_word' id='word_1_459' title='bbox 1139 4019 1202 4061; x_wconf 85' lang='lat' dir='ltr'>esse</span> 
     </span>
     <span class='ocr_line' id='line_1_50' title="bbox 117 4067 920 4142; baseline 0.007 -16"><span class='ocrx_word' id='word_1_460' title='bbox 117 4067 214 4142; x_wconf 87' lang='lat' dir='ltr'>vitam,</span> <span class='ocrx_word' id='word_1_461' title='bbox 233 4078 296 4128; x_wconf 91' lang='lat' dir='ltr'>tota</span> <span class='ocrx_word' id='word_1_462' title='bbox 315 4068 414 4128; x_wconf 88' lang='lat' dir='ltr'>salutis</span> <span class='ocrx_word' id='word_1_463' title='bbox 432 4067 695 4130; x_wconf 39' lang='lat' dir='ltr'>fiduciafconcidrt.</span> <span class='ocrx_word' id='word_1_464' title='bbox 747 4080 753 4092; x_wconf 83' lang='lat'><strong><em>¹</em></strong></span> <span class='ocrx_word' id='word_1_465' title='bbox 910 4109 920 4118; x_wconf 91' lang='lat'>-</span> 
     </span>
    </p>

    <p class='ocr_par' dir='ltr' id='par_1_4' title="bbox 118 4141 1199 4462">
     <span class='ocr_line' id='line_1_51' title="bbox 141 4141 1199 4230; baseline 0.007 -24"><span class='ocrx_word' id='word_1_466' title='bbox 141 4151 187 4207; x_wconf 90' lang='lat'>11.</span> <span class='ocrx_word' id='word_1_467' title='bbox 225 4143 320 4204; x_wconf 80' lang='lat' dir='ltr'>Multi</span> <span class='ocrx_word' id='word_1_468' title='bbox 340 4141 378 4202; x_wconf 80' lang='lat' dir='ltr'>ud</span> <span class='ocrx_word' id='word_1_469' title='bbox 401 4147 509 4204; x_wconf 62' lang='lat' dir='ltr'>meno</span> <span class='ocrx_word' id='word_1_470' title='bbox 530 4157 582 4205; x_wconf 82' lang='lat' dir='ltr'>etc.</span> <span class='ocrx_word' id='word_1_471' title='bbox 622 4145 716 4208; x_wconf 86' lang='lat' dir='ltr'>Sicuti</span> <span class='ocrx_word' id='word_1_472' title='bbox 742 4149 773 4210; x_wconf 86' lang='lat' dir='ltr'>in</span> <span class='ocrx_word' id='word_1_473' title='bbox 793 4169 920 4230; x_wconf 87' lang='lat' dir='ltr'>persona</span> <span class='ocrx_word' id='word_1_474' title='bbox 939 4150 1041 4210; x_wconf 77' lang='lat' dir='ltr'>famuli</span> <span class='ocrx_word' id='word_1_475' title='bbox 1063 4151 1199 4214; x_wconf 88' lang='lat' dir='ltr'>Christus</span> 
     </span>
     <span class='ocr_line' id='line_1_52' title="bbox 118 4217 1197 4359; baseline 0.01 -82"><span class='ocrx_word' id='word_1_476' title='bbox 118 4217 174 4278; x_wconf 83' lang='lat' dir='ltr'>tiae</span> <span class='ocrx_word' id='word_1_477' title='bbox 203 4239 271 4280; x_wconf 86' lang='lat' dir='ltr'>snae</span> <span class='ocrx_word' id='word_1_478' title='bbox 300 4218 592 4302; x_wconf 79' lang='lat' dir='ltr'>libamenetquasi</span> <span class='ocrx_word' id='word_1_479' title='bbox 613 4223 759 4359; x_wconf 79' lang='lat' dir='ltr'>primitias</span> <span class='ocrx_word' id='word_1_480' title='bbox 783 4225 919 4308; x_wconf 83' lang='lat' dir='ltr'>gentibus</span> <span class='ocrx_word' id='word_1_481' title='bbox 945 4224 1117 4308; x_wconf 88' lang='lat' dir='ltr'>proposuit,</span> <span class='ocrx_word' id='word_1_482' title='bbox 1156 4229 1197 4289; x_wconf 88' lang='lat' dir='ltr'>sic</span> 
     </span>
     <span class='ocr_line' id='line_1_53' title="bbox 118 4294 1198 4384; baseline 0.01 -31"><span class='ocrx_word' id='word_1_483' title='bbox 118 4315 138 4354; x_wconf 86' lang='lat' dir='ltr'>rs</span> <span class='ocrx_word' id='word_1_484' title='bbox 163 4294 325 4356; x_wconf 89' lang='lat' dir='ltr'>dominium</span> <span class='ocrx_word' id='word_1_485' title='bbox 347 4297 498 4378; x_wconf 78' lang='lat' dir='ltr'>specimen</span> <span class='ocrx_word' id='word_1_486' title='bbox 525 4317 589 4358; x_wconf 91' lang='lat' dir='ltr'>esse</span> <span class='ocrx_word' id='word_1_487' title='bbox 633 4313 701 4361; x_wconf 86' lang='lat' dir='ltr'>oret</span> <span class='ocrx_word' id='word_1_488' title='bbox 725 4302 839 4364; x_wconf 77' lang='lat' dir='ltr'>futurae</span> <span class='ocrx_word' id='word_1_489' title='bbox 863 4305 995 4384; x_wconf 78' lang='lat' dir='ltr'>gentium</span> <span class='ocrx_word' id='word_1_490' title='bbox 1020 4305 1198 4380; x_wconf 85' lang='lat' dir='ltr'>vocationis,</span> 
     </span>
     <span class='ocr_line' id='line_1_54' title="bbox 118 4371 1196 4462; baseline 0.012 -29"><span class='ocrx_word' id='word_1_491' title='bbox 118 4371 304 4454; x_wconf 81' lang='lat' dir='ltr'>rgeudaeque</span> <span class='ocrx_word' id='word_1_492' title='bbox 328 4395 383 4455; x_wconf 90' lang='lat' dir='ltr'>per</span> <span class='ocrx_word' id='word_1_493' title='bbox 407 4385 503 4438; x_wconf 83' lang='lat' dir='ltr'>totum</span> <span class='ocrx_word' id='word_1_494' title='bbox 528 4374 669 4441; x_wconf 87' lang='lat' dir='ltr'>mundum</span> <span class='ocrx_word' id='word_1_495' title='bbox 693 4377 776 4442; x_wconf 83' lang='lat' dir='ltr'>fidei:</span> <span class='ocrx_word' id='word_1_496' title='bbox 807 4382 1007 4462; x_wconf 78' lang='lat' dir='ltr'>neque‘enim</span> <span class='ocrx_word' id='word_1_497' title='bbox 1026 4393 1142 4448; x_wconf 79' lang='lat' dir='ltr'>tautum</span> <span class='ocrx_word' id='word_1_498' title='bbox 1162 4405 1196 4446; x_wconf 86' lang='lat' dir='ltr'>cx</span> 
     </span>
    </p>
   </div>
   <div class='ocr_carea' id='block_1_3' title="bbox 0 0 1400 4838">
    <p class='ocr_par' dir='ltr' id='par_1_5' title="bbox 0 0 1400 4838">
     <span class='ocr_line' id='line_1_55' title="bbox 0 0 1400 4838; baseline 0 0"><span class='ocrx_word' id='word_1_499' title='bbox 0 0 1400 4838; x_wconf 95' lang='lat' dir='ltr'> </span> 
     </span>
    </p>
   </div>
  </div>
 </body>
</html>
