2764 4846
178 243 306 316 xxx-vlu
574 249 630 311 10.
651 247 821 311 catvtttt
840 247 941 308 VITA

116 378 118 386 i
181 365 336 472 horutori
356 365 669 476 caturcensi-ucria,
687 399 824 470 scholam·
838 413 908 462 octo
929 419 1090 479 puerorum
1110 395 1324 534 praeceptori-

181 483 236 546 bus
266 496 296 544 et
318 480 457 576 publicis
481 477 636 540 hebraicae
663 489 706 569 et·
723 498 848 559 graecae
878 475 995 558 linguae
1025 496 1059 536 ac
1091 475 1114 533 P
1138 475 1324 566 ilosophiae,

181 555 369 651 Theolograe
390 556 517 634 demque
544 553 762 635 professorrbua
790 565 924 614 ornatam
943 553 1010 644 Dep
1033 552 1156 643 Optimo
1176 551 1325 631 Maximo,

73 644 76 654 ¹
140 647 142 652 ’
185 636 315 698 sollenat
340 627 397 695 rilu
418 631 713 711 frequentissimoque
735 631 766 692 in
786 643 874 692 coetu
899 632 930 690 in
955 650 1093 710 prrmarro
1112 627 1225 708 templo
1246 649 1325 708 per—

181 713 265 790 lectis
284 724 345 779 tum
365 708 492 799 primum
513 720 601 788 atque
623 708 779 787 expressis,
800 728 874 797 quae
895 707 931 768 ad
952 706 1120 766 utilissimae
1140 725 1174 766 ac
1194 705 1324 764 sanctis-

182 788 271 850 simae
291 785 482 849 institutionis
503 806 585 846 usum
607 795 644 844 et
658 784 912 853 confirmationem
932 793 1104 865 perpetuam
1119 781 1325 860 pertinerent,

182 862 309 940 sollenrti
329 861 547 943 quodammodo
568 861 627 920 ritu
647 871 843 922 consecraret.

257 1018 375 1098 (1560.)
413 993 503 1076 rinno
524 1012 658 1096 proximo
679 1025 804 1093 sequuto
825 1025 961 1150 gravatos
981 974 1156 1072 isrinvidia
1178 1009 1325 1072 Calvinus

182 1113 198 1154 a
219 1091 386 1166 nonnullis,
406 1091 488 1182 quasi
509 1091 649 1180 quosdam
669 1091 805 1181 adversus
851 1089 1013 1152 ranciscurn
1033 1088 1074 1149 11.
1095 1087 1212 1177 paterni
1230 1087 1326 1221 '‘pissi

182 1169 338 1232 haeredem
344 1179 535 1242 concitasset,
544 1187 595 1227 eos
601 1165 775 1241 videliceta
787 1163 1261 1245 quorumcasuhmbosraartumu
1274 1175 1325 1224 tus

184 1245 390 1382 [d'Ambor'seq
401 1266 510 1313 nornen
522 1235 653 1310 auditum
664 1255 717 1316 cst,
737 1265 826 1332 quum
840 1243 978 1304 Calvinus
989 1241 1063 1321 ipse,
1084 1241 1165 1318 quod
1178 1239 1324 1299 omnibus

183 1334 319 1385 constare
338 1321 451 1396 uouit,
476 1319 616 1400 quicquid
637 1319 698 1379 hoc*
713 1318 770 1378 furt
788 1339 939 1398 nunquam
959 1317 1150 1390 intellexerit,
1169 1317 1325 1396 ut‘palam

183 1409 213 1460 et
232 1419 307 1458 voce
328 1408 361 1458 et
376 1396 491 1477 scriptis
513 1396 549 1456 ad
570 1395 679 1469 amieos
699 1395 790 1456 literis
811 1407 855 1456 est
874 1395 1052 1456 testificatus.
1100 1393 1218 1453 Eodem
1237 1413 1324 1454 anno

183 1472 342 1536 Stancarus
364 1473 483 1553 quidem
503 1473 680 1532 Mantuanus
701 1471 797 1550 (fatali
817 1471 956 1532 videlicet
975 1469 1100 1533 Polonis
1119 1469 1219 1545 Italia)
1239 1489 1324 1530 assc-

183 1571 249 1615 rere
270 1549 385 1631 coepit,
419 1549 570 1611 Christum
594 1567 657 1607 non
682 1567 744 1610 esse
771 1548 827 1610 nisi
845 1550 1006 1610 secundum
1033 1563 1151 1608 carnem
1170 1545 1328 1606 Mediato-

183 1649 261 1688 rcm:
300 1626 458 1688 Arianismi
479 1624 647 1684 insimulans
667 1637 858 1704 quotcunque
884 1625 967 1684 illum
987 1623 1135 1696 dicerent,
1174 1633 1326 1702 quatenus

183 1704 272 1773 etiarn
291 1701 451 1777 Deurest,
470 1701 666 1763 Mediatorem
687 1721 766 1776 esse,
816 1701 988 1764 uasidilium
1008 1701 1141 1760 facerent
1155 1710 1243 1796 patre
1263 1699 1326 1760 mi-

179 1785 296 1842 tiorem.
335 1779 420 1838 Hauc
441 1776 614 1841 calumniam
636 1789 666 1838 et
685 1787 780 1864 totum
795 1721 858 1839 boc
878 1777 995 1858 dogma,
1037 1797 1105 1836 uum
1125 1773 1174 1836 alu
1193 1787 1226 1836 ut
1245 1775 1326 1834 Phi-

182 1850 203 1916 li
227 1877 280 1992 pus
301 1865 332 1915 ct
351 1855 464 1935 Martyr
483 1854 576 1916 solide
597 1853 773 1926 refutarunt,
793 1868 854 1914 tum
876 1853 962 1913 etiarn
984 1797 1123 1913 Cilvinus
1143 1851 1326 1933 rogantibus

181 1877 306 1994 rionis
325 1931 511 2011 perbreviter
531 1929 664 2011 quidem,
695 1931 754 1990 sed·
767 1950 891 1991 nervose
918 1931 1077 1989 admodum
1096 1928 1244 2008 coarguit:
1276 1927 1326 1986 si-

182 2008 301 2086 mulque
321 2009 505 2143 prospiciens
526 2008 608 2086 quod
626 2027 693 2066 mox
714 2007 827 2080 evenit,
847 2006 977 2066 futurum
996 2002 1149 2076 lidelicet,
1174 2015 1207 2064 ut
1227 2003 1324 2064 Stan-

92 2122 96 2131 =
183 2082 241 2158 cari
262 2083 378 2144 reiutan
401 2107 409 2143 ι
429 2083 525 2143 studio
546 2082 682 2142 nonnulli
703 2082 916 2163 imperitiores,
945 2082 1000 2142 nisi
1025 2081 1081 2141 sibi
1102 2090 1256 2154 carerent,
1287 2079 1324 2138 in

183 2181 318 2225 errorem
334 2160 546 2224 Tritheitarum
566 2158 746 2233 inciderent,
779 2159 886 2224 diserte
903 2158 1112 2249 praemonuit,
1137 2168 1171 2216 ut
1190 2177 1205 2216 a
1225 2157 1325 2216 Blan-

148 2254 150 2263 ’
183 2237 265 2298 drata
286 2247 317 2296 et
336 2237 399 2296 aliis
419 2258 485 2296 eum
503 2235 633 2314 sequutis
653 2236 710 2296 sibi
731 2247 868 2296 caventes
887 2257 928 2298 stc
955 2247 1135 2308 assererent,
1168 2233 1326 2294 Christum

137 2372 140 2383 ,
184 2333 246 2374 esse
264 2313 425 2374 secundum
444 2324 598 2391 utramque
618 2324 751 2372 naturam
763 2313 968 2387 Mediatorem,
988 2323 1021 2370 ut
1040 2311 1152 2370 interea
1165 2309 1324 2370 Deitatem

183 2388 392 2468 inaequalitate
422 2409 540 2470 quoque
572 2389 689 2448 inducta
715 2377 777 2448 nein
802 2387 1043 2468 multiplicarent.
1081 2387 1148 2447 sed·
1163 2386 1268 2445 frustra
1290 2386 1325 2446 id

183 2463 304 2540 iactum,
345 2466 404 2526 uod
425 2465 532 2544 adeos
552 2463 668 2541 attinet,
689 2464 790 2544 quise
811 2463 889 2524 ultro
933 2465 1058 2525 crditum
1079 2463 1204 2524 iverunt
1239 2461 1323 2522 Tum

185 2562 304 2621 quoque
371 2537 505 2604 aldenses
517 2539 656 2616 Bobemi,
677 2561 750 2620 quos
769 2552 887 2615 rorant,
907 2485 1022 2602 ‹luobus
1042 2537 1180 2598 iratribus
1200 2537 1325 2599 adCal-

183 2617 283 2680 rinrun
302 2618 406 2694 missis,
425 2615 567 2697 quaedam
587 2617 624 2677 ab
646 2637 683 2678 eo
703 2629 772 2676 sunt
787 2618 825 2677 dc
837 2616 984 2700 religione
995 2614 1194 2698 percunctati:
1215 2613 1326 2695 quibus

184 2693 236 2756 ille
255 2694 331 2756 sicut
349 2715 404 2775 par
423 2705 488 2755 erat
507 2693 637 2774 benigne
648 2691 800 2768 satisfecit,
821 2709 872 2753 eos
893 2694 981 2754 etiam
1001 2693 1182 2766 cohortatus,
1201 2704 1234 2752 ut
1253 2711 1325 2752 cum

184 2767 456 2852 reliquis'ecolesiis
472 2789 536 2830 sese
556 2790 676 2848 prorsus
695 2768 921 2851 coniungerent
945 2771 1062 2831 Eodem
1076 2781 1212 2848 tempore
1231 2789 1324 2846 quum

41 2924 44 2936 1
141 2845 146 2858 “
185 2867 252 2939 non
269 2848 355 2927 pauci
376 2847 416 2926 pii
437 2844 528 2918 Galli,
547 2856 616 2924 post
634 2844 744 2904 Mariae
764 2846 897 2926 Reginae
918 2858 1060 2922 mortem,
1078 2845 1220 2927 singulari
1239 2865 1326 2904 sere-

184 2943 319 2983 nrssrmae
338 2922 470 3002 Reginae
481 2921 667 2980 Elisabethae
692 2919 801 3002 pietate
816 2934 847 2982 et
861 2923 1039 2984 humanitate
1061 2921 1129 2982 lreti
1140 2923 1171 2980 in
1184 2921 1326 3002 Angliam

185 2997 251 3062 refu
274 3010 367 3072 erent,
387 3009 582 3078 peterentque
601 2999 756 3060 reverendi
775 2999 831 3060 viri
850 2999 997 3060 Edmundi
1014 2997 1162 3060 Griudalli
1180 2997 1328 3078 Episcopi

186 3017 383 3168 borbinensis
404 3093 532 3164 assensu,
552 3085 585 3132 ut
598 3073 720 3136 Genava
741 3075 917 3149 mitteretur,
938 3075 988 3212 qui
1009 3075 1161 3137 ecclesiam
1174 3073 1327 3135 Gallicam

187 3151 249 3225 rlbc
269 3161 473 3226 constitueret,
492 3171 596 3210 missus
616 3161 662 3211 est
681 3170 718 3211 eo
737 3151 878 3214 Nicotaus
895 3152 940 3214 Ga
955 3152 1029 3213 asius
1049 3150 1287 3212 [amillarissimus
1309 3174 1328 3212 a

186 3227 284 3288 multis
305 3227 362 3286 iam
382 3227 466 3286 annis
487 3222 612 3286 Calvino
633 3225 758 3308 collega,
779 3239 809 3287 et
829 3229 910 3290 cuius
930 3227 1088 3309 plurimum
1108 3236 1200 3310 opera
1218 3227 1250 3286 in
1271 3249 1327 3288 ex-

188 3303 332 3384 cipiendis
358 3302 473 3364 dictatis
496 3300 644 3368 utebatur.
683 3303 743 3365 Sed
770 3303 896 3366 Calvino
922 3305 997 3366 nibil
1014 3305 1162 3386 antiquius
1182 3303 1327 3365 ecclesia-

188 3401 254 3456 rqm
273 3379 480 3446 aedificau'one
501 3377 564 3440 luit
936 3403 944 3414 ·
1067 3384 1074 3404 “

264 3533 380 3611 (taor.)
403 3531 559 3594 Caeterum
569 3544 700 3594 extremo
713 3555 792 3594 anno
803 3533 928 3594 MDLX.
938 3546 1007 3614 post
1017 3531 1165 3596 Francisci
1178 3533 1218 3592 ΙΙ.
1231 3531 1326 3617 Regis

189 3608 304 3670 obitum
323 3608 410 3688 plane
430 3609 634 3689 repentinum,
655 3623 685 3670 et
706 3611 822 3690 quidem
844 3632 881 3671 eo
902 3611 968 3690 ipso
987 3624 1159 3684 momento,
1184 3631 1243 3690 quo
1264 3611 1326 3672 iam

191 3697 276 3746 erant
300 3685 340 3744 ita
365 3687 518 3766 desperata
544 3687 658 3760 omnia,
689 3699 722 3746 ut
747 3685 781 3746 iis
800 3686 883 3748 Deus
901 3707 976 3746 unus
996 3687 1107 3748 mederi
1128 3699 1244 3766 posset,
1274 3690 1325 3748 vix

124 3766 129 3788 “
191 3760 297 3822 inierat
315 3783 440 3846 regnum
461 3759 586 3824 Carolus
607 3763 658 3822 IX.
679 3763 774 3823 adbuc
797 3785 888 3854 puer,
916 3785 1005 3843 quum
1027 3763 1178 3822 Genevam
1200 3784 1254 3844 per
1275 3787 1326 3826 ca·-

191 3837 378 3900 duccatorcm
400 3838 504 3899 allatae
523 3850 592 3900 sunt
611 3839 672 3900 eius
693 3839 813 3900 nomine
832 3843 957 3920 scrrptac
970 3839 1082 3914 literae,
1102 3839 1323 3918 quibusmissos

103 3995 107 4003 Ι
190 3915 259 3976 inde
280 3915 472 3996 querebatur,
512 3914 562 3994 qui
587 3936 711 4006 regnum
739 3913 854 3976 Galliae
880 3915 1051 3990 turbarent,
1090 3917 1271 4007 petebatque
1292 3931 1327 3978 ut

190 4011 257 4070 mox
275 4003 497 4064 revocarentur,
517 3991 576 4051 alio
599 4015 627 4052 ur
646 4011 683 4052 se'
697 3991 864 4052 iustissimas
883 3992 1068 4054 ulciscendae
1087 3993 1211 4054 iniuriae
1225 4015 1336 4064 causas

190 4087 253 4128 non
269 4067 549 4148 praetermissurum.
617 4079 718 4128 ocatus
738 4068 877 4130 aScnatu
896 4067 1033 4130 Calvinus
1052 4091 1105 4130 suo
1127 4069 1324 4151 collegarum-

191 4164 248 4278 que
268 4143 389 4206 nomine
409 4141 578 4222 respondit,
598 4165 645 4219 sc,
664 4143 833 4223 petentibus
854 4145 977 4208 Gallicis
999 4145 1144 4220 ecclesiis,
1172 4160 1323 4226 spectatae

214 4220 260 4280 dei
280 4233 311 4280 et
330 4219 462 4300 integrae
483 4220 558 4278 vitae
580 4219 762 4298 hominibus,
789 4243 862 4302 quos
884 4243 947 4282 cam
973 4223 1009 4282 ad
1028 4244 1090 4282 rem
1109 4223 1236 4283 idoneos
1256 4225 1325 4286 sore

191 4296 359 4376 sperabant,
378 4308 514 4356 auctores
535 4297 759 4376 hortatoresque
780 4297 883 4373 luisse,
902 4321 940 4358 ue
961 4299 1071 4378 patriae
1089 4301 1120 4360 in
1140 4311 1200 4372 tam
1219 4314 1324 4362 sancto

118 4417 121 4426 .
191 4369 488 4444 ccclesia'e'vidclicet
507 4393 579 4452 pure
604 4373 800 4434 instituendae
826 4375 949 4459 negotio
968 4396 1087 4437 suorum
1111 4397 1200 4456 opem
1221 4391 1324 4457 postu-
