2790 4838
177 225 295 316 ma*
428 330 433 343 .
525 283 530 296 .
613 203 913 304 sremomn'

180 397 311 462 extendit
334 397 371 459 ad
396 415 497 458 omnes
523 405 683 468 creaturas,
717 403 790 452 uta
817 392 923 456 maiori
948 393 984 454 ad
1009 394 1104 452 minus
1130 375 1320 456 demonstret
1385 423 1386 472 l

178 476 321 558 peculiari
346 475 408 536 eius
430 472 578 554 praesidio
602 492 656 530 nos
680 469 798 530 serrari.
842 469 1019 530 passerculis
1045 471 1119 530 nihil
1145 470 1208 532 sere
1227 471 1319 532 vilius
1385 479 1386 506 r

107 596 111 612 .
180 566 225 616 est
249 555 322 632 (cluo
349 551 427 612 enirn
453 570 514 610 asse
539 561 609 608 tunc
632 545 797 606 venibantz'
817 546 863 606 tel
888 559 922 606 nt
946 547 1038 608 Lucas
1064 547 1154 622 dicim
1183 548 1319 628 quinque
1385 609 1386 618 ,

180 631 295 692 duobus
320 627 448 702 assibus)
473 637 504 685 et
529 637 627 684 tamen
651 623 688 682 ad
713 623 791 713 ipsos
819 641 938 706 quoque
962 617 1090 684 tuendos
1117 619 1248 688 intentius
1271 637 1319 686 est
1385 651 1386 698 y

179 707 238 768 Dei
269 704 385 776 oeulos,
417 713 452 760 nt
475 700 556 762 nihil·
575 699 700 759 fortuito
726 699 781 758 illis
807 700 1020 760 areidatr‘lln
1047 701 1199 762 bertinum
1222 701 1319 762 vitam
1385 707 1386 744 ἓ

179 782 360 863 negligeret,
392 777 441 857 qni
467 779 503 838 de
527 776 699 857 passerculis
724 788 767 836 est
790 773 953 837 sollicitis?
993 775 1150 858 Caeterum
1176 777 1236 838 duo
1266 777 1316 838 lric
1385 821 1386 824 ,

178 858 308 919 notanda
331 865 412 916 sunt:
442 875 509 913 nam
530 853 627 934 primo
647 853 737 934 longe
757 850 842 912 aliter
859 853 918 912 Dei
939 853 1155 935 providentiam
1177 854 1317 916 Christus
1385 927 1386 930 Ἰ

83 975 85 978 -
178 929 294 1006 definit,
320 951 405 1012 quam
425 930 509 991 multi
529 928 712 1009 philosophis
732 949 792 987 non
813 929 974 1004 absimiles,
996 931 1060 1010 qui,
1081 929 1151 990 lieet
1168 933 1316 992 nuendum

177 1007 500 1089 divinitusgubernari
518 1003 650 1081 tradant,
682 1005 833 1065 confusam
853 1018 951 1066 tamen
972 1007 1187 1087 providentiam
1208 1008 1317 1091 insagi-

176 1097 301 1156 nantur‚
321 1085 379 1146 acsi
398 1081 628 1162 Dens.singrrlas
647 1093 793 1144 creaturas
812 1103 873 1140 non
893 1085 1062 1166 respiceret
1091 1085 1239 1156 Christus
1261 1109 1316 1144 au-
1385 1123 1386 1164 ;

83 1165 85 1168 ’
144 1219 148 1227 ,
176 1175 235 1222 tem
262 1161 450 1241 pronuntiat,
480 1159 617 1219 distincte
636 1158 764 1240 singular
783 1171 929 1220 creaturas
947 1160 1001 1220 sub
1021 1161 1081 1220 Dei
1101 1183 1188 1231 marm
1210 1174 1241 1220 et
1261 1185 1315 1222 cu-

176 1238 272 1303 stodia
296 1259 374 1310 esse,
403 1249 437 1296 ut
462 1235 537 1295 nihil
561 1235 599 1295 sit
617 1235 753 1297 fortunae
774 1236 945 1314 expositum.
982 1238 1057 1300 Nam
1078 1249 1159 1298 certe
1178 1239 1237 1297 Dei
1259 1260 1315 1298 ro-

109 1374 114 1386 ,
176 1315 272 1376 luntas
297 1311 519 1395 contingentiae
545 1312 720 1392 opponitur:
751 1319 847 1392 deque
868 1315 1044 1374 tamen‘hoc
1062 1315 1153 1383 ruodo
1174 1316 1317 1376 statuitur

177 1387 268 1453 tamir
294 1388 481 1462 Stoicorum,
512 1389 580 1468 quia
597 1387 680 1448 aliud
697 1401 741 1450 est
761 1389 961 1449 necessitatem
982 1385 1136 1470 multiplici
1156 1411 1315 1451 canrsarum

176 1491 252 1530 nexu
271 1466 443 1550 implicitam
462 1467 592 1546 fingere,
621 1465 701 1524 aliud
720 1463 864 1526 subiicere
884 1465 943 1525 Ilei
962 1467 1085 1528 arbitrio
1105 1480 1203 1528 tntum
1224 1489 1314 1527 mun·
1385 1469 1386 1508 ³

177 1549 246 1608 dum
271 1557 302 1606 et
325 1544 453 1628 singulas
473 1544 534 1604 eius
553 1554 659 1620 partes.
699 1542 734 1600 In
754 1543 815 1622 ipsa
836 1542 953 1620 quidem
972 1555 1192 1604 rerumnatura
1208 1546 1315 1622 *tatem
1385 1601 1386 1612 ,

177 1641 241 1684 esre
261 1621 510 1702 contingentiam,
525 1618 584 1756 aeq¹
596 1617 669 1676 nihil
689 1637 780 1678 coeco
801 1617 937 1680 fortunae
957 1631 1055 1681 rotatu
1075 1621 1212 1681 accidere
1233 1623 1316 1696 dico,
1385 1671 1386 1680 ,

176 1700 228 1760 nbi
246 1699 419 1760 moderatur
436 1695 495 1756 Dei
514 1695 562 1754 vol
585 1705 659 1754 otas.
698 1695 837 1754 Secundo
858 1697 1019 1757 nouaclum
1039 1709 1097 1772 est,
1116 1698 1313 1759 consideran-

176 1779 195 1838 d
263 1795 326 1835 esse
334 1773 396 1834 Dei
413 1771 639 1852 providentiam,
660 1791 721 1830 non
741 1782 775 1830 ut
794 1771 901 1842 curiosi
922 1785 954 1832 et
970 1775 1038 1834 vani
1058 1773 1191 1834 homines
1202 1775 1315 1850 sotem,

175 1797 286 1914 aeadlm
309 1849 396 1910 nobie
424 1847 546 1908 malteria
571 1847 608 1906 sit
634 1847 772 1924 fiduciae,
801 1866 915 1927 nosque
940 1849 975 1910 ad
994 1850 1092 1911 Deum
1111 1850 1313 1912 invocandum
1385 1907 1386 1912 ,

175 1928 338 1989 sollicitet*v
361 1927 467 2004 Neque
487 1925 566 1984 enim
584 1923 653 1983 ideo
674 1923 772 1998 docet,
791 1924 868 2004 pilos
887 1945 989 1986 omnes
1009 1927 1110 2008 capitis
1130 1930 1227 1988 nostri
1247 1950 1312 1989 ess-c

176 2016 356 2078 numeratos,
375 2013 408 2060 ut
428 1999 546 2062 frivolas
566 2000 781 2080 speculationes
801 2001 874 2078 alat,
893 2004 945 2062 sed
965 2014 997 2062 ut
1016 2006 1146 2084 pendere
1167 2005 1312 2067 discam
1385 2025 1386 2030 ¹

176 2103 192 2146 a
212 2091 334 2162 paterna
353 2079 414 2138 Dei
433 2099 511 2150 cura,
532 2097 619 2158 quam
638 2098 694 2158 pro
715 2079 822 2138 caduca
843 2078 896 2139 hae
915 2079 1006 2140 earne
1024 2081 1109 2162 gerit
1151 2088 1159 2128 ἰ

251 2151 299 2223 al,
342 2155 408 2215 Voa
425 2157 523 2232 pluris
545 2157 620 2214 eatis.
659 2155 725 2213 Hoc
750 2154 781 2213 in
805 2175 917 2238 genere
943 2179 1044 2218 verum
1071 2170 1122 2232 est¹
1139 2158 1176 2216 de
1198 2161 1313 2220 eunetis

174 2233 359 2308 hominibus,
391 2229 515 2312 qnorum
536 2231 628 2314 gratia
649 2230 761 2294 conditi
780 2245 848 2292 sunt
867 2233 1046 2313 passerculit·
1069 2235 1191 2326 proprie
1210 2245 1311 2296 tamen
1385 2281 1386 2288 1

110 2366 114 2376 .
176 2313 213 2372 de
232 2311 314 2370 Filiis
333 2309 392 2370 Dei
412 2309 536 2370 habetur
554 2325 668 2383 sermo,
699 2307 749 2388 qni
769 2308 827 2368 alio
848 2331 934 2389 quam
954 2311 1110 2370 creationis
1129 2333 1193 2372 rure
1214 2314 1311 2372 excel-

175 2389 249 2450 lunt.
294 2387 452 2449 Caeterum
478 2385 603 2468 dignitas
628 2405 691 2446 non
715 2385 799 2446 aliter
825 2385 1011 2448 inlumines
1032 2389 1191 2470 competit,
1221 2409 1311 2471 quam

175 2465 301 2549 gratuita
319 2464 380 2525 Dei
398 2463 610 2549 aestimatione.

220 2715 305 2798 (88.)
348 2697 517 2778 ΜΑΤΤΗ.
539 2711 578 2774 Χ.
618 2712 669 2775 32.
692 2709 807 2775 Omnis
823 2711 919 2798 ergo,
952 2715 1006 2799 qui
1029 2712 1237 2778 confitebitur
1259 2737 1312 2780 me
1366 2757 1386 2776 ..

176 2839 283 2890 noram
305 2811 502 2887 hominibus
524 2811 707 2877 confitebor
729 2822 761 2876 et
781 2811 876 2878 illum
896 2835 1003 2879 eoram
1026 2815 1231 2894 Patremon,
1253 2818 1314 2902 qui
1385 2863 1386 2892 .

176 2923 212 2984 in
237 2916 338 3001 coelis
365 2924 422 2979 est.
467 2914 518 2977 33.
552 2911 709 2998 Quisquis
735 2921 839 3000 autem
861 2918 1028 2998 negaverit
1047 2937 1098 2980 me
1121 2938 1228 2982 eoram
1253 2917 1313 2982 lio-

175 3015 328 3094 minibus‚
363 3012 489 3098 negabo
516 3035 589 3078 eum
618 3024 649 3077 et
677 3033 737 3100 ego
760 3035 867 3080 coram
889 3015 985 3082 Patre
1006 3037 1095 3094 meo,
1128 3020 1186 3104 qui
1206 3027 1255 3082 est
1276 3019 1313 3082 in

175 3117 284 3185 coelis.
325 3115 376 3180 34.
397 3115 448 3180 Ne
470 3111 683 3193 arbitremini,
705 3113 794 3201 quod
815 3119 958 3182 venerim
982 3117 1232 3192 admittendum
1256 3141 1314 3204 pa-

108 3211 112 3217 ’
175 3241 245 3284 cem
267 3221 451 3282 interram:
482 3237 548 3280 non
570 3217 661 3293 reni,
692 3227 727 3280 ut
748 3219 904 3283 mitterem
927 3241 1053 3306 pacem,
1078 3219 1138 3285 sed
1160 3217 1312 3303 gladium.

174 3321 224 3386 35.
256 3319 340 3383 Nam
361 3321 437 3382 veni
459 3327 493 3380 ut
514 3317 671 3382 dissidere
694 3318 805 3384 [aelam
821 3311 988 3385 ¹hominem
1011 3321 1164 3388 adversus
1186 3331 1314 3404 patrem
1385 3377 1386 3380 ,

172 3443 281 3498 suum,
307 3430 339 3484 et
358 3419 457 3484 filiam
481 3416 633 3484 adversus
654 3431 785 3484 matrem
794 3441 910 3500 zenam,
931 3431 964 3486 et
984 3443 1133 3510 sponsam
1154 3421 1316 3514 adversus

173 3543 301 3588 socrum
322 3543 420 3588 suam.
456 3521 507 3586 36.
528 3520 570 3584 Et
591 3522 712 3589 inimici
733 3521 870 3588 hominis
892 3525 1019 3602 (erunt)
1041 3523 1210 3591 domestici
1233 3527 1314 3591 eius.

256 3637 395 3707 MARC.
423 3639 509 3704 Vlll.
555 3639 607 3703 38.
641 3639 884 3726 Quemcunque
906 3645 990 3728 enim
1013 3641 1166 3728 puduerit
1187 3643 1252 3705 mei
1274 3665 1315 3705 ac

137 3770 139 3778 ’
174 3767 318 3810 meorum
340 3721 523 3808 sermonum
545 3743 578 3806 in
600 3727 809 3825 generatione
832 3741 891 3805 hae
912 3743 1059 3810 adultera
1077 3752 1109 3808 et
1119 3744 1316 3827 peccatrice,

173 3845 311 3932 pudebit
335 3844 422 3910 illius
450 3855 480 3909 et
507 3843 624 3908 Filium
652 3841 804 3920 hominis,
837 3841 895 3908 ubi
922 3847 1049 3910 venerit
1068 3847 1102 3908 in
1125 3842 1229 3930 gloria
1251 3845 1314 3909 Pa-

75 3953 83 3967 “
173 3949 230 4014 tris
251 3951 300 4013 sui
322 3969 393 4051 eum
417 3943 538 4030 angelis
557 3947 682 4008 sanetis.
1038 3953 1043 3960 “

257 4061 358 4130 LUC.
387 4066 440 4128 tx.
486 4065 538 4126 26.
572 4063 655 4127 Nam
682 4084 776 4147 quem
804 4065 867 4127 mei
893 4083 1103 4148 meorumque
1124 4081 1313 4130 sermonum

173 4165 339 4254 puduerit,
367 4166 465 4228 huius
482 4175 513 4228 et
534 4163 652 4228 Filium
674 4163 810 4250 hominis
832 4163 981 4250 pudebit,
1007 4182 1105 4249 quum
1126 4167 1254 4230 tenerit
1276 4169 1313 4230 in

174 4267 277 4354 gloria
303 4289 361 4330 sua
390 4271 422 4328 et
447 4265 549 4330 Patris
574 4273 609 4328 'et
635 4275 816 4354 sauctorum
845 4263 1040 4350 angelorum.
1082 4265 1149 4354 Xll.
1170 4267 1200 4330 8.
1221 4265 1312 4336 Dico

174 4365 416 4462 autcmlvohis,
449 4351 552 4434 endis
579 4368 636 4452 qui
661 4387 712 4432 me
734 4365 901 4434 corilossus
922 4365 1020 4432 luerit
1041 4359 1148 4435 coram
1172 4366 1312 4435 houaiui·
1385 4391 1386 4398 ¹
