2766 4840
389 221 470 296 (Ἀθ.
512 216 591 328 lesus
611 218 643 276 iu
665 212 889 296 Genumana.)
1034 307 1038 315 1
1154 234 1212 299 ‚ffl
1289 183 1292 202 ¹

52 369 201 430 ritualium
221 370 412 432 certaminum
430 369 593 434 sustinendi
613 369 673 430 rint
691 341 825 449 inipetus.
863 368 960 435 Porro
988 393 1058 452 quo,
1071 374 1210 452 libentia,

52 447 84 505 iu
104 447 164 507 Dei
184 447 398 526 providentiam
418 469 449 507 sc
469 446 618 520 reiiciant,
645 445 726 525 prius
745 443 801 503 illis
822 446 870 532 (ut
889 435 1077 520 dictumest)
1096 451 1210 517 inme:

51 523 175 582 moriam
196 523 322 599 reduxit,
342 525 410 584 Deo
430 523 518 588 luisse
538 541 639 597 curae,
657 534 705 596 ¹ut
720 521 819 583 vacuis
843 533 881 582 et·
898 520 1142 607 nudis-nihilque
1163 532 1210 592 le.

50 600 185 660 rentibus
208 599 302 663 rictam
325 613 423 662 tamen
448 623 481 662 su
544 609 628 662 teret.
675 597 757 664 ‘Palu
786 609 900 662 etstan
925 620 944 659 o
966 614 1126 680 portuuum
1147 607 1211 678 ,Dei

48 675 210 738 subsidium
231 677 355 758 expertis
374 676 454 738 nulla
474 620 577 740 dehinc
594 676 625 736 in
645 675 774 738 futurum
795 687 909 756 tempus
928 619 1075 759 obrepere
1093 679 1209 764 dubita.

48 754 104 827 tio,
125 752 195 832 quin
214 753 417 814 laborantibus
438 753 519 815 omni
538 773 573 812 ex
592 764 676 834 parte
695 763 887 812 succurreret
989 773 992 782 ·
1149 781 1152 792 ·
1183 778 1201 834 j

125 835 173 896 et.
214 829 359 914 Qumdmu
381 827 476 891 aedui
498 827 578 910 quud
597 834 738 906 scarpim
753 843 803 893 esu
844 829 922 888 lluic
948 829 1088 903 adverbio
1112 835 1208 912 uelim

46 905 150 968 subest
174 908 332 986 emphasim
357 909 424 1042 pule
443 907 590 990 signifieat
610 905 757 980 Christus,
781 905 913 968 nondum
930 925 967 966 se
983 909 1118 975 omnibus
1138 916 1208 978 ραι,

46 981 87 1044 cii
106 983 150 1044 sui
169 984 298 1047 numeris
318 985 354 1046 de
369 996 488 1047 unctum
507 1004 585 1059 esse,
604 983 707 1056 ,donec
727 981 768 1041 ini
792 982 834 1041 uis
854 992 884 1060 et
903 973 1049 1046 sceleratis
1068 1007 1206 1052 accensus

46 1057 156 1136 luerit,
180 1071 318 1140 tanquam
344 1083 418 1121 unus
444 1082 477 1122 ex
496 1079 599 1120 eorum
619 1053 734 1120 ordine.
770 1004 833 1120 bed
854 1057 956 1118 nerei
975 1059 1138 1143 indignitas
1152 1066 1205 1128 eo'-

46 1158 113 1196 rum
144 1136 256 1196 animos
288 1133 372 1198 nimis
397 1137 552 1218 percellat,
582 1136 693 1196 lesaiae
717 1134 886 1200 vaticinium
910 1133 1028 1196 adducit
1051 1159 1086 1198 es
1109 1161 1142 1204 ca
1163 1143 1206 1206 ite

44 1219 102 1286 53,
121 1219 184 1285 12,
210 1215 290 1292 quod
314 1226 425 1279 certum
451 1227 494 1274 est
519 1234 583 1274 non
608 1212 664 1273 nisi
689 1213 726 1274 de
746 1211 851 1284 lllessia
876 1231 963 1301 posse
988 1216 1105 1295 exponi.
1160 1241 1206 1282 am

70 1311 139 1348 uum
172 1288 233 1356 illic
263 1291 379 1351 dicatur
413 1313 445 1352 re
468 1292 592 1351 utandus
621 1309 684 1350 esse
707 1289 786 1348 inter
812 1287 937 1366 impios,
965 1288 1017 1349 tali
1036 1294 1204 1384 spectaculo

43 1311 195 1446 dqraamvis
220 1368 334 1444 atroci)
359 1387 421 1439 non
442 1313 541 1428 decuit
557 1363 671 1426 turbari
692 1360 803 1439 fideles,
828 1363 937 1424 netum
954 1365 1111 1432 a'Cbnsto
1128 1371 1206 1433 'alie-

44 1443 131 1517 nari,
155 1442 204 1523 qui
224 1443 310 1504 aliter
328 1445 511 1524 Redemptor
530 1463 593 1504 esse
611 1461 675 1502 uon
689 1453 828 1522 potem,
852 1459 939 1576 ‹puam
964 1440 990 1502 si
1009 1443 1152 1522 probrum
1173 1461 1205 1512 et

45 1520 177 1580 dedecus
195 1519 329 1582 scelerati
350 1520 474 1584 hominis
493 1519 523 1579 in
542 1541 574 1581 se
587 1519 764 1598 susciperet.
801 1515 861 1578 Nul
875 1537 923 1574 urn
942 1516 1020 1580 enin
1039 1521 1133 1600 aptius
1145 1525 1205 1588 tol.

43 1595 143 1656 leodis
155 1597 297 1678 scandalis
310 1598 469 1661 remedium
484 1607 537 1672 est,
556 1593 607 1656 ubi
627 1592 723 1675 aliqua
743 1615 798 1653 nos
817 1592 979 1654 absuldit'a's
991 1591 1204 1686 ‘temecl'quam

43 1673 70 1732 si
98 1671 283 1754 agnoscimus
306 1673 345 1736 ita
365 1673 433 1734 Deo
458 1673 591 1754 placere,
614 1691 670 1731 nec
694 1683 805 1732 temere
831 1667 896 1728 fieri
909 1667 962 1730 uel
981 1670 1204 1740 sinemuri-a.

42 1750 151 1824 tione,
176 1751 256 1829 quod
283 1750 316 1810 fic
341 1749 402 1812 eius
422 1748 755 1828 decreto:·praesertim
774 1745 826 1805 ubi
843 1745 919 1806 elin
938 1748 1120 1826 praedictum
1138 1753 1204 1830 luit,

43 1826 129 1904 quod
149 1839 255 1894 eventu
273 1827 340 1907 ipso
360 1847 375 1888 a
398 1838 491 1907 paret.¹
530 1827 630 1902 Quum
651 1845 723 1908 ergo
744 1844 761 1884 a
781 1821 930 1902 discipulis
949 1826 1109 1904 sperandus
1129 1843 1205 1894 essee

42 1899 228 1982 redemptor,
247 1903 362 1983 qualem
377 1847 459 1965 bens
477 1903 551 1963 olim
568 1901 753 1981 promiserat,
772 1899 880 1960 diserte
900 1911 996 1958 autem
1017 1909 1136 1967 testatus
1157 1927 1204 1968 es-

42 1991 92 2039 set
117 1979 241 2054 lesaias,
265 1992 300 2040 ut
322 2001 378 2040 nos
402 2001 418 2040 a
444 1979 587 2041 scelerum
613 1989 695 2038 reatu
720 1976 874 2050 eximeret,
899 1985 1027 2054 'poenam
1052 1979 1083 2038 in
1109 1981 1203 2061 ipsum

43 2075 63 2112 o
89 2067 188 2115 ortere
207 2057 368 2128 transferri,
389 2056 492 2117 debuit
511 2057 568 2116 hoc
588 2054 624 2116 ad
644 2054 802 2116 sedandum
824 2052 979 2111 horrorem
998 2054 1144 2134 sulficere,
1163 2081 1203 2121 ne

76 2131 196 2192 hristum
212 2132 334 2193 minoris
353 2133 486 2193 lacerent
505 2131 648 2210 discipuli
687 2128 761 2190 Icleo
773 2125 900 2199 subiicit,
914 2145 996 2205 quau
1010 2130 1053 2191 nd
1065 2151 1103 2196 se.
1111 2140 1204 2208 persi.

40 2210 218 2288 ueratfinam
235 2207 355 2268 haberer
379 2209 548 2287 significans
568 2205 640 2266 nihil
660 2227 675 2266 a
697 2203 855 2284 Prophetis
874 2201 981 2288 frustra
1003 2225 1065 2264 esse
1085 2207 1204 2274 dictum.

40 2287 122 2344 Nam
142 2284 278 2364 loquutio
300 2283 370 2343 haec
390 2284 467 2362 apud
489 2285 621 2342 Graecos
639 2279 785 2362 significat
804 2275 921 2356 perfici,
940 2277 987 2338 vel
1007 2281 1044 2339 ad
1065 2279 1204 2347 ellectum
1261 2317 1267 2326 ·

39 2359 179 2442 perduci,
231 2359 305 2440 Iamx
323 2381 412 2437 quum
438 2371 544 2418 eventu
569 2355 714 2437 probatur
738 2351 877 2432 quicquid
901 2352 1018 2431 loquuti
1040 2369 1109 2418 sunt
1131 2379 1206 2439 pro-

38 2438 169 2517 phetae,
199 2434 258 2494 hoo
281 2435 318 2494 ad
343 2434 411 2495 fidei
436 2446 556 2496 nostrae
579 2430 835 2496 confirmationes
859 2427 959 2495 valere
981 2431 1080 2508 potius
1104 2435 1205 2515 debet,

37 2531 133 2592 quam
159 2509 245 2570 nobis
271 2530 411 2589 pavorem
434 2511 482 2572 vel
506 2509 681 2578 auxietatem
712 2507 854 2566 incutere.
906 2505 1157 2584 Quanquamaut

38 2609 108 2648 uno
129 2587 187 2646 hoc
207 2598 381 2667 argumento
402 2583 491 2668 erigit
510 2597 541 2645 et
558 2584 670 2646 solatur
683 2581 816 2642 Christus
836 2579 993 2660 discipulos
1024 2587 1091 2662 quia
1103 2604 1205 2652 omns

39 2662 217 2745 prophetias
244 2661 387 2743 compleri
413 2673 566 2743 oporteat,
589 2661 652 2742 ipsa
677 2671 776 2720 tamen
802 2656 996 2741 diviuitconti
1008 2656 1028 2717 ii
1038 2663 1122 2722 ratio
1141 2671 1205 2726 non

39 2739 195 2820 vulgarem
212 2738 336 2800 fiduciae
350 2739 501 2800 materiam
519 2739 552 2804 in
570 2758 603 2800 se
622 2737 768 2798 continet}
788 2753 896 2824 nempe
904 2733 1098 2821 damnationi,
1118 2756 1204 2819 quan

40 2836 148 2878 omnes
174 2817 329 2896 promeriti
354 2811 780 2896 eramus„subiectummluisse
802 2809 968 2886 Christum,
987 2822 1018 2871 et
1036 2827 1203 2896 reputatum

41 2895 124 2952 inter
147 2891 273 2974 impios,
296 2905 330 2952 ut
349 2913 421 2965 nos,
447 2892 497 2972 qui
516 2893 555 2952 im
579 2890 600 2950 ii
618 2909 716 2950 sumus
736 2898 766 2948 et
784 2885 942 2946 sceleribus
962 2887 1110 2968 oppressi,
1134 2903 1202 2952 tan.
1235 2902 1239 2914 ⁸

42 2989 132 3048 quam
152 2969 244 3030 iustos
263 2967 345 3030 Patri
366 2969 500 3030 offerret.
568 2989 614 3028 arn
635 2966 703 3026 binc
723 2964 790 3046 puri
805 2974 841 3023 et
858 2962 947 3023 soluti
960 2981 983 3022 a
1002 2969 1130 3044 peccatis
1149 2970 1204 3032 cot

41 3066 106 3104 ram
127 3045 196 3106 Deo
221 3065 390 3120 censemur,
416 3047 484 3128 quia
508 3065 601 3129 agnus
627 3043 665 3104 ab
693 3040 774 3102 omui
798 3038 911 3130 macula
937 3060 1036 3120 putris¹
1051 3055 1081 3103 et
1099 3045 1205 3129 imum-

41 3121 88 3212 nis
109 3121 140 3180 in
160 3122 255 3184 vicem
274 3134 405 3184 nostram
424 3123 528 3198 subiit,
553 3121 638 3183 sicuti
659 3119 793 3202 proximo
815 3127 911 3195 capite
931 3138 1030 3178 rursus
1050 3120 1205 3184 dicendum

41 3209 110 3258 erit
1026 3207 1045 3217 ''
1065 3207 1091 3220 '⁴
1128 3203 1133 3216 ¹
1183 3209 1187 3224 ⁸

119 3278 167 3338 38.
205 3273 348 3348 Domine,
372 3295 435 3336 cess
458 3273 516 3335 duo
537 3271 640 3350 gladii.
684 3272 793 3352 Turpis
811 3287 883 3328 sane
903 3279 934 3328 et
952 3267 1038 3330 bruta
1057 3272 1114 3334 luit
1132 3276 1205 3338 haec

41 3350 165 3424 ruditas,
183 3351 265 3428 quod
285 3351 419 3431 discipuli
438 3353 527 3413 toties
546 3348 689 3410 admoniti
709 3349 745 3410 de
766 3346 889 3408 ferenda
909 3365 1006 3424 cruce,
1026 3347 1127 3412 lemeis
1139 3353 1204 3434 gia.

43 3426 98 3486 diis
118 3426 174 3500 sibi
195 3427 384 3508 pugnandum
405 3447 467 3488 esse
487 3437 600 3506 putant.
639 3425 737 3484 Porro
757 3425 900 3494 incertum
921 3433 981 3502 est,
1007 3424 1119 3487 duosne
1139 3429 1203 3510 gla-

43 3504 107 3562 dios
127 3496 184 3562 sibi
204 3523 266 3563 esse
287 3503 475 3584 praedicent,
501 3503 559 3563 acsi
580 3500 675 3580 probe
695 3499 829 3561 instructi
849 3497 1073 3563 lorentcontra
1094 3501 1202 3578 hostes

42 3599 81 3638 an
106 3599 180 3640 vero
201 3591 362 3658 querantur
380 3581 466 3640 aruris
485 3599 517 3638 se
536 3578 662 3638 destitui.
701 3578 768 3636 Hoc
794 3573 913 3655 quidam
939 3574 1048 3636 clarum
1075 3589 1133 3652 est,
1160 3581 1203 3640 ita

44 3655 132 3715 scrisse
151 3656 301 3746 stupidos,
326 3668 359 3714 ut
379 3659 414 3716 de
435 3657 520 3716 hoste
539 3652 684 3733 spirituali
704 3675 765 3713 non
786 3650 963 3730 cogitarent.
980 3653 1102 3720 „Porro
1122 3658 1203 3744 (pund

43 3732 113 3792 hinc
139 3731 261 3791 eliciunt
286 3732 483 3806 Canonistae,
506 3741 646 3790 cornutos
672 3749 740 3788 suos
765 3730 930 3809 Episcopus
955 3727 993 3785 du
1016 3726 1204 3790 lici'iurrsdi-

43 3808 144 3868 ctione
158 3808 390 3888 essepraeditos,
410 3829 472 3867 non
492 3806 586 3868 solum
607 3805 772 3887 putidaest
791 3803 944 3883 allegoria,
963 3749 1015 3864 scd
1034 3817 1204 3884 protervum

40 3883 217 3958 ludibrium,
243 3905 303 3964 quo
323 3883 382 3942 Dei
407 3883 500 3943 verbo
520 3882 670 3944 insultant.
710 3883 807 3961 Atque
828 3879 884 3939 huc
904 3877 1069 3940 dementiae
1089 3882 1205 3962 prolabi

41 3960 178 4039 oportuit
196 3959 369 4020 Antichristi
394 3961 554 4040 mancipia,
572 3971 611 4020 ut
637 3958 732 4039 palam
756 3955 900 4032 sacrilego
926 3967 1098 4038 contemptu
1122 3979 1203 4022 sacra

42 4037 105 4098 Dei
126 4038 244 4098 oracula
264 4036 419 4098 calcarent.
603 4065 605 4068 ·
833 4072 836 4082 .

127 4233 231 4312 (aon.)
272 4231 444 4299 manin,
471 4232 586 4298 xxvi.
634 4233 685 4296 aa
713 4231 808 4296 runc
834 4234 923 4301 venit
950 4202 1039 4300 reicis
1058 4256 1138 4308 ,cum
1167 4235 1226 4324 ῑι-Ι

39 4335 83 4400 lis
108 4339 141 4400 in
169 4333 293 4413 villam,
324 4358 407 4423 quae
435 4334 553 4401 dicitur
581 4333 814 4400 Getbscmane:
853 4346 885 4400 et
920 4333 1001 4402 dixit
1033 4336 1207 4422 discipulis,

73 4439 166 4482 estisne
185 4453 268 4484 mmm.
285 4443 309 4482 u
324 4441 403 4488 uara.
421 4441 465 4486 av.
482 4441 533 4484 vor.
552 4441 581 4482 n·
988 4423 1024 4481 21
