2768 4834
461 263 594 326 onemo
615 279 651 328 m
670 279 801 328 nosen.
1139 275 1197 338 157

64 423 176 493 thaeus,
203 418 335 478 dandum
357 435 420 477 esse
439 418 557 498 pallium
577 419 707 480 tunicam
727 419 889 495 auferenti,
912 419 1059 503 significat
1076 435 1195 503 accepta

64 498 168 556 minori
196 495 312 556 iactura
334 493 443 555 debere
462 516 516 556 uos
536 496 573 556 ad
592 495 747 558 serendum
768 495 883 578 gravius
903 497 1040 557 damnum
1061 517 1124 558 esse
1141 521 1196 561 vo-

63 573 215 634 luntarios.
274 571 396 632 Dictum
424 591 496 633 vero
524 571 623 633 Lucae
650 596 716 635 cum
742 573 836 634 veteri
862 574 1023 653 proverbio
1048 577 1197 653 convenit,

63 651 174 710 Tunica
197 648 292 730 pallio
308 649 446 728 propior.

131 729 210 786 Luc.
237 732 285 792 au
333 725 422 785 Omni
443 739 536 784 auten
560 730 688 802 exigenti
712 725 764 784 aba
788 742 823 785 te.
869 727 981 788 Eadem
1005 727 1093 789 verba
1119 731 1197 809 apud

62 805 244 864 ttauhaeum
270 801 435 876 habentur,
463 815 497 861 ut
515 803 604 881 paulo
625 815 692 883 post
710 803 886 864 videbimus:
916 825 984 866 nam
1004 825 1037 865 ex
1058 819 1197 866 contextu

79 893 234 960 comptum
253 891 298 947 est
317 877 471 960 colligere,
489 878 598 938 Lucam
618 899 678 940 non
700 880 736 939 de
756 881 891 971 precibus
912 881 958 941 hic
978 880 1071 973 loqui,
1089 881 1197 961 quibus

62 902 214 1036 lagitatur
232 955 385 1030 auxilium,
403 957 452 1014 sed
473 955 510 1014 de
530 953 646 1030 litibus,
667 977 737 1047 quas
756 956 885 1037 improbi
904 959 942 1018 ad
960 959 1102 1039 rapienda
1120 959 1196 1018 alio-

61 1055 119 1092 rum
141 1032 227 1092 bona
244 1033 404 1092 intentant.
441 1031 489 1091 Ne
507 1053 656 1109 reposuas,
682 1053 712 1092 m
736 1033 793 1106 uit,
811 1033 849 1093 ab
867 1057 916 1109 eo,
935 1039 986 1113 qui
1003 1037 1105 1117 aufem
1122 1059 1198 1115 quoe

60 1123 105 1168 tao
136 1123 217 1168 unt.
276 1110 455 1186 Quanquam
487 1109 511 1167 si
536 1109 600 1187 quis
624 1109 706 1170 malit
748 1129 800 1169 aec
825 1112 884 1170 dato
908 1112 1038 1172 membra
1064 1133 1218 1173 seorsum‘

61 1187 177 1266 legere,
210 1205 273 1246 non
292 1207 326 1245 rc
348 1205 443 1266 ugno:
476 1186 515 1244 ita
536 1185 700 1245 exhortatio
721 1185 777 1245 erit
796 1187 832 1244 ad
851 1186 995 1268 largiendi
1016 1189 1197 1250 facilitatem.

62 1263 156 1336 Quod
176 1262 216 1322 ad
235 1207 396 1322 secunlum
416 1261 580 1321 membrum
599 1273 723 1341 spectat,
743 1259 794 1319 ubi
815 1262 949 1323 Christus
968 1284 1126 1354 reposcere
1144 1288 1197 1326 ve-

62 1351 115 1412 tat,
148 1359 227 1418 quae
252 1339 360 1397 iniuste
387 1337 585 1412 ablata¹sunt,
614 1338 721 1416 prioris
740 1337 892 1399 doctrinae
912 1339 1036 1399 induhre
1053 1343 1197 1420 expositio

62 1428 112 1486 est,
134 1435 198 1474 non
219 1436 310 1497 aegre
329 1414 441 1474 scilicet
460 1413 608 1474 bonorum
629 1415 768 1474 iacturam
788 1413 938 1474 ferendam
961 1435 1031 1475 esse.
1071 1417 1131 1478 Sed
1150 1429 1196 1478 te·
1237 1432 1240 1451 ¹

62 1493 192 1550 nendum
218 1504 264 1552 est
287 1493 368 1571 quod
394 1510 489 1582 nuper
514 1491 668 1564 admonui,
706 1511 768 1551 non
792 1491 952 1571 sophistice
976 1494 1109 1574 urgenda
1134 1515 1197 1554 esse

62 1569 167 1640 rerba,
194 1568 278 1660 quasi
298 1567 349 1647 pio
370 1567 481 1627 hommi
501 1587 565 1628 uon
585 1567 673 1626 liceat
693 1567 774 1645 quod
793 1588 875 1626 suum
896 1577 939 1628 est
957 1588 1148 1648 recuperare,
1171 1571 1198 1632 si

63 1646 180 1722 quando
200 1645 245 1704 1lli
264 1644 372 1705 iustum
391 1645 551 1704 remedium
559 1644 708 1704 sdivinitus
728 1643 859 1703 oblatum
880 1644 982 1720 luerit,
1012 1645 1063 1705 scd
1083 1657 1197 1707 tantum

62 1720 148 1782 nobis
170 1720 335 1812 praescribi
355 1721 514 1800 patientiae
535 1721 646 1804 legem,
665 1739 704 1780 ne
723 1719 832 1781 amissis
852 1721 978 1782 fortunis
997 1733 1198 1812 torqueamur,
1243 1763 1250 1768 -

62 1800 112 1888 secl
132 1797 228 1880 quasti
247 1811 458 1878 exspectemus,
477 1799 545 1858 dum
563 1799 711 1859 rationem
729 1818 746 1858 a
766 1797 964 1881 praedonibus
974 1799 1121 1862 Dominus
1133 1801 1197 1882 ipse

63 1885 168 1956 exigat.

100 2025 184 2102 (5⁰.)
218 2021 399 2088 ΜΑΤΤΗ.
421 2023 462 2088 V.
505 2023 556 2088 tt.
589 2023 718 2089 Petenti
745 2021 803 2088 abs
834 2032 867 2091 te
889 2024 980 2093 dato:
1011 2035 1044 2092 et
1064 2029 1197 2115 cupien-

63 2135 133 2202 tem,
153 2132 299 2188 mntuum
320 2121 378 2188 abs
398 2133 430 2188 te
446 2127 609 2210 ,accipere
631 2146 673 2190 ne
696 2127 863 2192 averseris.

141 2252 247 2323 Luc.
274 2257 331 2320 vt.
373 2257 424 2320 34.
454 2256 488 2322 Si
515 2267 656 2322 mutuum
681 2257 850 2339 deducitis,
881 2257 1039 2346 aquibus
1060 2263 1196 2346 speratis

62 2381 120 2424 sos
144 2368 351 2443 recepturos,
382 2377 464 2444 quae
491 2351 590 2443 g'ratia
617 2361 678 2423 erit
702 2357 817 2424 vobis?
854 2381 926 2424 nam
955 2369 987 2424 et
1007 2372 1197 2449 peccatores

65 2458 290 2545 peccatoribus
322 2457 398 2522 daut
426 2469 585 2534 mutuum,
627 2469 664 2522 ut
692 2461 849 2543 recipiant
875 2462 977 2544 paria.
1038 2461 1092 2527 35.
1122 2458 1197 2526 ttu-

65 2573 148 2626 tuum
170 2560 258 2638 date,
276 2557 360 2625 nihil
379 2558 456 2624 inde
477 2568 659 2644 sperantes,
686 2569 718 2622 et
739 2560 800 2623 erit
818 2579 942 2624 merces
961 2570 1068 2624 vestra
1087 2561 1196 2626 multat

142 2717 251 2776 ttauh.
276 2719 325 2780 42.
363 2715 472 2774 Petenti
495 2713 547 2774 abs
570 2727 598 2774 te
622 2713 698 2776 doto.
737 2715 868 2776 Tametsi
892 2716 932 2775 ita
957 2727 1064 2775 sonant
1090 2716 1201 2780 Christi

65 2795 168 2868 cerba,
209 2813 266 2852 uae
285 2791 455 2852 reseruntur
474 2813 490 2850 a
511 2791 677 2868 llatthaeo,
697 2793 756 2852 acsi
775 2787 892 2854 iuberet
911 2793 973 2852 sine
993 2793 1108 2854 delectu
1129 2788 1195 2873 qui-

65 2871 159 2932 busvis
186 2816 275 2944 iare,
306 2869 394 2928 alium
420 2879 516 2927 tamen
540 2889 656 2928 sensum
683 2889 717 2928 ex
736 2870 815 2928 Luca
837 2869 982 2938 elicimus,
1012 2864 1064 2948 qui
1080 2869 1197 2950 plenius

64 2971 123 3008 rem
147 2959 242 3007 totam
268 2945 401 3025 explicat.
446 2943 546 3004 Primo
573 2958 684 3004 certum
710 2957 770 3020 est,
799 2943 919 3006 Christo
945 2945 1032 3005 luisse
1057 2947 1196 3026 proposi-

64 3037 134 3098 tum,
152 3023 294 3088 liberales
314 3022 412 3100 potius
433 3042 517 3102 quam
538 3021 680 3104 prodigos
700 3023 798 3082 lacere
817 3043 885 3082 suos
904 3019 977 3082 disci
1000 3022 1073 3083 ulos.
1101 3025 1195 3104 Atqui

64 3101 148 3160 stulta
179 3101 238 3160 erit
269 3098 476 3179 prodigalitas,
514 3109 623 3158 temere
651 3097 805 3160 effundere
831 3120 906 3178 quae
932 3043 1013 3158 decit
1035 3099 1194 3161 Dominus:

64 3179 170 3238 deinde
188 3177 337 3248 videmus,
367 3181 451 3252 quam
473 3173 542 3233 alibi
563 3173 776 3234 beneficentiae
796 3175 926 3258 regulam
946 3175 1042 3235 tradat
1061 3176 1197 3257 Spiritus.
1257 3205 1260 3216 ¹

64 3255 130 3315 lloc
150 3273 226 3334 ergo
247 3265 409 3324 teneamus,
450 3251 553 3310 simum
574 3251 621 3309 laic
642 3250 799 3331 discipulos
818 3275 885 3313 suos
899 3252 1055 3312 'Christum
1075 3254 1197 3330 hortari,

64 3342 95 3388 ut
114 3333 189 3414 larga
208 3329 269 3388 sint
288 3349 322 3387 ac
342 3273 447 3387 trenel

66 3407 218 3468 defunctos
239 3415 346 3486 putent
365 3403 463 3484 paucis
484 3405 654 3484 quibusdam
675 3403 793 3477 adiutis,
818 3407 868 3466 sed
890 3425 992 3465 omnes
1011 3425 1062 3464 sua
1082 3405 1195 3466 benefi-

66 3485 158 3543 centia
200 3481 321 3560 rosequi
338 3481 484 3554 studeant,
503 3501 599 3559 neque
620 3501 747 3557 unquam
767 3481 929 3564 fatigentur
948 3482 1110 3561 usquedum
1125 3505 1195 3562 sup-

67 3571 146 3638 petet
171 3505 305 3620 lacuttas.
343 3557 461 3616 Deinde
482 3579 520 3616 ne
541 3557 604 3635 quis
625 3557 758 3616 cavillum
779 3568 857 3616 texat
876 3578 909 3616 ex
926 3559 1024 3620 verbis
1044 3558 1196 3633 Matthaei,

67 3637 252 3696 conseramus
273 3653 348 3714 quae
369 3631 514 3694 habentur
533 3635 610 3712 apud
620 3633 738 3692 Lucam.
770 3635 866 3714 Negat
877 3633 1020 3708 Christus,
1040 3636 1107 3724 quic
1130 3655 1196 3694 uam

67 3713 156 3772 officii
179 3733 236 3773 nos
261 3711 331 3769 Deo
349 3721 519 3847 praestare,
551 3711 618 3770 dum
643 3710 673 3768 in
698 3721 800 3769 mutuo
825 3711 922 3772 dando
944 3710 988 3772 vel
1009 3711 1071 3770 alias
1091 3731 1109 3768 o
1145 3711 1196 3770 ciis
1262 3745 1266 3753 «

66 3801 228 3867 spectamus
247 3807 347 3847 merce
369 3808 414 3846 em
435 3797 577 3846 mutuam:
609 3789 648 3845 ita
669 3786 818 3846 caritatem
838 3808 854 3848 a
874 3788 984 3851 carnali
1003 3787 1130 3846 amicitia
1149 3787 1194 3846 di-

66 3867 195 3949 stinguit
240 3866 352 3924 Amant
370 3863 448 3924 enim
468 3862 587 3943 profani
606 3863 740 3922 homiues
758 3863 837 3923 inter
855 3885 902 3938 se,
933 3883 995 3922 non
1014 3861 1119 3942 gratis,
1142 3864 1196 3924 sed

67 3941 250 4004 mercenario
275 3941 398 4002 aflectu:
428 3940 468 3999 ita
494 3941 525 3998 lit
546 3951 578 3998 ut
596 3939 625 3997 in
646 3962 677 4000 se
697 3939 790 4018 ipsum
811 3941 934 4020 quisque
954 3958 1099 4012 amorem,
1134 3960 1194 4016 quo

66 4019 134 4080 alios
175 4019 356 4096 rosequitur,
376 4019 520 4089 rellectat,
540 4017 783 4096 quemadmodum
804 4017 890 4076 etiam
912 4015 1072 4095 prudenter
1083 4035 1195 4094 expeu-

68 4097 108 4155 dit
123 4043 223 4158 Pllto.
265 4094 396 4155 Christus
417 4114 488 4154 vero
508 4115 525 4152 a
544 4092 600 4152 suis
641 4095 773 4152 ratuitam
794 4090 1018 4154 beneficentiam
1039 4091 1143 4174 exigit,
1161 4105 1196 4152 ut

66 4173 159 4235 iuvare
190 4171 332 4233 studeant
360 4171 480 4252 inopes,
519 4191 535 4229 a
565 4113 670 4248 quiffus
699 4169 772 4228 nihil
800 4168 924 4230 vicissim
952 4167 1062 4246 sperari
1087 4181 1195 4248 potest.

64 4247 146 4312 Nunc
166 4249 311 4321 videmus,
331 4247 401 4338 quid
420 4247 457 4306 sit
475 4257 606 4327 apertam
625 4245 734 4306 habere
754 4267 870 4306 uranum
882 4242 1065 4324 petentibus:
1087 4266 1195 4326 nempe

64 4325 227 4388 liberaliter
247 4335 409 4402 expositum
430 4343 491 4386 esse
513 4342 583 4404 erga
604 4342 716 4398 omues,
735 4323 786 4404 qui
806 4343 866 4411 ope
884 4331 985 4383 nostra
999 4319 1145 4404 indigent,
1165 4332 1195 4382 et

66 4405 112 4482 qui
131 4401 313 4469 beneficium
333 4421 456 4483 pensare
476 4411 637 4480 nequeunt
1165 4411 1171 4436 t

441 3327 476 3386 ci.
515 3327 612 3387 Porro
632 3327 710 3386 hunc
731 3349 792 3388 esse
812 3331 946 3402 niodum,
976 3339 1008 3388 ut
1025 3329 1145 3390 minime
1164 3352 1196 3391 se
1275 3360 1278 3370 ¹
