2764 4846
455 362 457 370 Ι
547 275 657 336 VITA.
1082 291 1177 340 xmt

50 454 105 493 ,nm
132 430 333 492 accubiturus
341 435 371 506 ,“
404 431 485 510 quod
509 429 596 491 nobis
621 428 802 490 tristissimae
836 447 948 490 coenae
974 427 1090 490 initium
1110 430 1175 491 luit

50 507 172 588 Concepit
190 521 300 568 umen
325 529 448 589 preces,
476 519 504 568 et
524 505 672 588 paululum
698 503 756 566 cibi
781 507 904 585 sumpsit
922 507 1060 566 sernione
1081 529 1175 586 qnan-

48 599 89 644 tnn
106 585 185 646 licuit
205 585 295 646 inter
320 585 508 646 coenandum
529 583 754 644 adhilaritatem
769 583 944 663 composito.
984 582 1060 644 Inde
1081 605 1175 645 coena

47 663 151 722 nondum
170 661 267 742 plane
292 675 409 737 exacta,
430 683 519 742 quum
542 661 573 720 iu
595 659 768 742 contiguum
789 659 955 719 cubiculum
975 681 1008 721 re
1031 660 1124 721 ortari
1144 683 1175 722 se

47 739 163 812 uniret,
195 739 362 799 renidenti
387 739 477 820 plane
501 737 584 800 vultu
603 749 722 798 coetum
748 737 951 816 compellans,
976 781 995 813 „
1023 737 1098 798 aries
1120 737 1177 814 bic,
1264 781 1268 799 ι

45 817 189 894 ,inquit,
222 816 411 876 interiectus
438 837 501 876 non
526 814 685 894 impediet,
715 833 775 894 quo
803 813 898 873 minus
923 833 1051 895 corpore
1071 813 1177 876 absens

44 906 136 960 ,resno
155 903 265 952 tamen
291 894 396 952 coetui
416 893 521 974 spiritu
533 891 694 952 intersim.“
735 889 872 973 Contigit
887 892 967 970 quod
977 891 1176 971 praedixerat:

45 969 160 1048 siquidem
182 968 222 1028 ab
246 989 289 1028 eo
320 969 368 1030 dic
388 970 509 1050 supinus
529 983 647 1058 semper
666 967 771 1042 iacuit,
802 966 977 1060 corpusculo
1003 968 1043 1048 (si
1062 968 1176 1030 vultum

45 1067 120 1134 parurn
140 1045 314 1106 admodum
332 1046 518 1107 immutatum
539 1045 680 1125 excipias)
710 1045 750 1105 ita
773 1055 935 1120 emaciato,
972 1056 1007 1106 ut
1030 1045 1111 1106 solua
1130 1045 1174 1106 illi
1285 1081 1288 1092 ι

45 1123 136 1201 spiritus
154 1133 347 1203 superesset.

100 1351 153 1412 Die
200 1373 244 1414 no
274 1353 424 1430 decessit,
453 1375 559 1434 nempe
580 1352 705 1413 XXVII.
725 1351 813 1428 Maii,
842 1353 920 1414 risus
944 1367 990 1415 eat
1012 1353 1119 1416 lortius
1144 1365 1176 1416 et

44 1429 135 1489 ninore
155 1429 185 1490 di
225 1430 346 1491 cultate
367 1429 462 1511 loqui
503 1430 563 1490 Sed
584 1431 632 1490 hic
653 1441 717 1490 erat
733 1439 876 1490 extremus
902 1442 1023 1492 naturae
1044 1425 1175 1491 conatus.

44 1503 101 1564 Nam
116 1508 235 1588 vesperi
259 1509 388 1568 circit'er
407 1519 539 1570 octavam
558 1517 685 1588 repente
701 1506 863 1586 praesentis
873 1507 977 1566 mortio
995 1517 1077 1567 certa
1091 1507 1175 1589 cigna

46 1597 237 1672 apparuerunt:
283 1585 369 1664 quod
395 1605 484 1664 quum
515 1583 587 1644 mibi
607 1583 705 1722 paulo
732 1595 802 1644 ante
827 1583 863 1646 ab
890 1583 955 1664 ipso
983 1583 1114 1666 digresso
1145 1595 1176 1642 et

46 1659 136 1718 rnodnrn
160 1661 212 1720 alii
241 1667 282 1722 ei
307 1659 450 1722 fratribus
475 1673 585 1722 esseta
628 1659 773 1730 omestieis
799 1656 1012 1743 significatum,
1040 1659 1176 1740 protinus

47 1755 177 1796 temnens
197 1737 289 1798 illum
311 1737 524 1818 ceperintque
544 1737 618 1798 adeo
639 1736 799 1816 tranquille
824 1748 990 1812 mortuum,
1029 1735 1175 1816 nrdloque

45 1813 131 1888 pedum
148 1813 198 1874 rel
218 1837 369 1876 manuum
390 1835 550 1888 concussu,
573 1825 607 1874 ut
626 1833 725 1893 neque
745 1814 912 1897 graviorem
931 1814 1065 1895 spiritum
1085 1825 1172 1874 antea

46 1887 151 1966 luerit,
177 1911 286 1972 neque
307 1913 399 1952 sensu
420 1903 451 1960 et
469 1890 593 1965 iudicio,
623 1890 683 1952 imo
705 1911 743 1951 ne
763 1911 838 1952 voce
859 1889 979 1982 quidem
998 1889 1117 1972 penitus
1137 1889 1175 1952 ad

47 1977 183 2027 utremnm
193 1989 297 2059 usque
310 1968 435 2028 halitum
448 1957 537 2027 luerit
548 1967 713 2044 destitutus,
733 1979 763 2027 et
775 1968 935 2028 dormienti
948 1987 1035 2050 quam
1054 1972 1175 2028 mortno

46 2041 119 2102 nnlto
136 2039 268 2106 simdior
292 2045 456 2105 ridereturt
505 2044 555 2105 Sic
578 2043 672 2128 igitur
698 2065 735 2106 en
762 2043 810 2105 die
835 2065 902 2106 cum
929 2045 1085 2106 occidente
1110 2044 1175 2106 sole
1268 2105 1273 2115 ,

47 2117 176 2194 splendida
207 2123 303 2184 etiarn
329 2122 403 2182 baec
429 2120 476 2180 lux
501 2119 588 2181 nobis
613 2133 715 2202 erepta
743 2132 795 2182 est.
839 2121 991 2202 Sequente
1017 2133 1107 2182 nocte
1139 2141 1174 2181 ac

49 2208 148 2269 pectere
173 2199 224 2259 die
253 2201 287 2260 in
314 2197 392 2258 urbe
417 2209 479 2258 tota
511 2198 616 2290 ingens
646 2197 704 2258 tuit
733 2197 941 2278 comploratio.
990 2197 1176 2278 llequirebat

48 2271 109 2331 enim
131 2274 270 2342 universa
298 2275 403 2336 civitas
426 2274 669 2354 sapientissimum
694 2273 806 2351 civem,
844 2275 969 2336 ecclesia
999 2273 1176 2356 deplorabat

50 2345 87 2406 tti
108 2351 147 2408 sni
171 2352 306 2431 pastoris
332 2353 499 2427 decessum,
528 2351 629 2412 schola
654 2362 790 2431 ereptum
818 2350 875 2412 sibi
899 2350 990 2413 talem
1016 2353 1174 2413 doctorem

49 2421 164 2502 lugebat,
197 2449 308 2489 omnes
327 2427 457 2507 denique
477 2439 510 2488 ut
529 2425 678 2490 communi
696 2427 859 2488 serrandum
876 2427 976 2488 Deum
995 2441 1120 2508 parente
1139 2449 1174 2490 ae

51 2501 216 2566 consolatore
257 2503 359 2566 orbati
394 2503 640 2566 lamentabantur.
690 2501 845 2582 Optabant
877 2505 963 2566 multi
998 2506 1077 2566 cives
1106 2525 1173 2566 enm

77 2590 160 2640 eetare
179 2594 354 2658 mortuum,
380 2582 459 2662 quod
479 2581 517 2642 ab
539 2601 576 2641 co
598 2600 635 2640 ne
654 2590 776 2639 mortuo
797 2578 915 2658 quidem
935 2580 1022 2640 avelli
1041 2595 1172 2661 possent.

52 2595 158 2726 gudam
178 2660 272 2719 etiam
293 2659 458 2740 peregrini,
477 2657 528 2738 qui
547 2656 667 2719 videndi
679 2667 711 2716 et
728 2655 867 2714 audiendi
885 2655 975 2747 ipsius
995 2677 1081 2716 causa
1099 2679 1173 2738 pro.
1210 2677 1212 2686 ·

53 2728 88 2787 col
103 2749 256 2808 venerant,
275 2737 359 2795 inter
379 2757 452 2814 quos
472 2736 560 2795 etiam
580 2731 667 2794 afluit
688 2731 860 2793 clarissimus
880 2755 941 2808 vir,
965 2753 998 2793 re
1021 2733 1088 2796 inae
1107 2735 1173 2794 An-

53 2805 112 2882 gliae
128 2809 157 2869 in
177 2812 280 2874 Gallia
301 2810 432 2893 legatus,
462 2811 546 2872 aride
567 2811 725 2872 admodum
744 2807 855 2870 intueri
878 2810 980 2871 saltem
1000 2753 1173 2872 idoneum

53 2883 179 2957 petebant.
218 2891 265 2950 Ac
285 2888 377 2950 initio
397 2887 516 2968 quidem
535 2887 775 2949 admittebantur.
814 2886 876 2947 Sed
897 2887 978 2971 quod
996 2887 1069 2948 baec
1081 2888 1172 2951 uitalia

54 2974 113 3020 esset
129 2965 298 3040 euriositas,
331 2976 366 3024 ut
384 2963 535 3026 calumniis
553 2965 787 3026 adversariorum
807 2975 1029 3043 occurreretur,
1059 2965 1172 3046 placuit

54 3037 133 3120 culcis
149 3053 182 3100 nt
199 3041 350 3124 postridie
369 3063 466 3118 mane,
486 3043 536 3122 qui
556 3043 617 3103 dies
637 3053 702 3102 erat
713 3039 1013 3116 Dominicns,.linteo
1033 3041 1071 3103 de
1087 3063 1172 3106 more

54 3113 195 3178 nrolutum
221 3140 335 3200 corpus
360 3118 461 3201 ligneo
487 3117 595 3180 loculo.
610 3117 820 3179 includeretur.
863 3107 1074 3190 Pomeridiana
1097 3140 1171 3182 vcro
1205 3147 1207 3152 ·

54 3194 175 3269 aranda,
207 3218 238 3257 se
262 3194 404 3256 uentibus
424 3195 511 3256 sunus
529 3195 678 3271 Patriciis,
702 3216 761 3254 nna
782 3215 849 3256 cunr
868 3195 1035 3275 pastoribus
1053 3195 1171 3277 proles-

55 3265 206 3352 s{tribusque
225 3294 257 3333 se
281 3272 350 3333 olae
370 3272 516 3349 omnibus,
534 3283 658 3352 totaque
677 3291 772 3352 paene
793 3271 911 3332 civitate
930 3291 994 3332 non
1012 3273 1076 3334 sine
1095 3274 1171 3336 ube-

56 3341 117 3403 nbns
139 3346 264 3410 lacrimis
296 3361 495 3429 prosequente
527 3347 620 3408 elatus
650 3360 707 3424 est,
747 3348 955 3428 communique
986 3349 1171 3429 coemiterio,

55 3421 117 3493 quod
134 3423 259 3486 Plenum
272 3425 417 3486 Palatium
437 3437 555 3498 vocant,
574 3424 655 3485 nulla
697 3425 791 3486 enitus
812 3425 1041 3488 extraordinaria
1059 3448 1171 3518 pompa

56 3493 173 3582 llulloque
192 3504 297 3564 addito
318 3501 406 3584 cippo
427 3503 483 3583 (sic
503 3503 582 3564 enim
595 3446 748 3564 manbrat
782 3503 929 3579 conditus,
948 3504 995 3565 cui
1007 3517 1169 3587 propterea

56 3565 89 3631 lit
103 3579 246 3642 uersiculis
265 3579 433 3661 parentari:

180 3733 299 3796 Romae
312 3733 431 3795 ,ruentis
451 3745 550 3794 terror
568 3733 618 3794 ille
637 3733 787 3810 maximus,

183 3812 286 3887 Quem
305 3821 455 3872 momorum
474 3810 578 3892 lugent
598 3810 670 3872 boni
703 3810 883 3874 horrescunt
899 3811 979 3888 mali,
1028 3819 1030 3826 ’

183 3891 198 3949 1
222 3909 254 3948 sa
275 3908 293 3947 a
312 3902 372 3966 quo
391 3887 491 3978 potuit
510 3855 781 3949 virtucemliscere
799 3889 901 3965 virtus,

214 3987 250 4023 ur
270 3965 345 4024 adeo
364 3985 472 4046 exigno
491 3965 658 4047 ignotoque
678 3965 710 4024 in
730 3965 859 4047 caespite
880 3967 993 4034 clausus

186 4040 328 4104 Calvinus
349 4041 453 4116 lateat,
472 4039 579 4121 rogas?

187 4117 345 4181 Calvinum
366 4117 477 4180 assidue
499 4119 635 4178 comitata
655 4117 799 4178 modestia
817 4119 925 4196 virum,

186 4197 255 4254 lloc
276 4193 389 4254 tumulo
408 4194 542 4266 manibus
563 4194 696 4258 condidit
715 4193 775 4274 ipsa
795 4195 862 4256 suis.

187 4273 218 4332 Ο
239 4283 268 4330 te
289 4269 405 4329 beatum
426 4272 688 4352 caespitemtanto
708 4271 840 4354 hospite!

188 4349 218 4434 Q
240 4349 286 4408 coi
306 4347 439 4409 invidere
459 4360 563 4409 cuncta
582 4349 697 4429 possint
716 4347 876 4410 marmora!
