2766 4840
314 253 397 333 (194.
437 250 571 311 Christus
591 271 608 312 a
627 249 750 312 muliere
768 252 913 332 ungitur.)
1056 306 1068 346 ἱ
1135 256 1192 318 ml

41 353 181 466 menori
221 403 316 480 Quod
340 413 437 465 autem
460 380 589 464 Ioannes
614 402 700 480 dicit,
724 413 829 465 unctos
846 403 941 496 ⁵luisse
965 401 1072 483 pedes,
1095 403 1192 464 nostri

16 494 131 556 ¹autem
157 493 261 560 caput,
286 480 317 540 in
338 501 376 542 eo
396 479 477 541 nulla
497 492 541 542 est
559 482 765 562 repugnantia.
805 481 921 540 Scimus
940 491 1021 540 certe
1040 490 1193 560 unguenta

40 579 97 618 nou
117 557 204 618 inimo
224 557 357 637 proiecta
376 559 414 620 ad
432 558 539 638 pedes:
563 558 615 619 sed
640 579 730 639 quum
752 555 841 618 solito
865 555 1099 636 uberior,copia
1111 566 1193 616 tunc

39 634 127 694 elissa
147 645 238 710 esset,
262 635 406 709 Ioannes,
425 655 471 694 am
493 633 621 696 lihcandi
640 655 742 709 casua,
761 633 852 715 pedes
871 633 951 715 ipsos
968 631 1082 714 rigatos
1101 630 1193 692 iubae

38 709 130 770 tradit.
174 711 290 772 Marcus
321 711 410 772 etiam
438 655 546 785 relert,
575 712 670 772 fracto
701 711 848 772 alabastro
879 721 976 770 totum
1005 719 1192 792 unguentum

39 785 120 846 luisse
138 807 228 867 super
246 798 335 868 caput
354 787 489 849 eiiusum.
529 788 632 864 Quare
652 788 764 871 optime
784 786 926 849 convenit
941 805 1032 865 usque
1048 787 1085 846 ad
1100 785 1192 866 pedes

37 861 153 996 pinxisse.
192 865 275 946 Ergo
297 864 354 925 hoc
374 863 460 924 fixum
476 876 607 943 ,mancat
626 865 750 927 eandem
768 863 805 926 ab
823 862 960 925 omnibus
977 861 1126 924 historiam
1141 883 1192 923 re-

49 959 134 1082 ms.
176 1013 317 1077 thostes
334 981 478 1094 discipali.
518 981 611 1078 Hoc*
632 1038 730 1097 noque
749 1017 944 1100 Evangelistis
962 1034 1024 1077 non
1045 1029 1089 1078 cst
1108 1017 1191 1096 insn-

38 1090 134 1167 litum,
157 1094 239 1173 quod
265 1092 302 1153 ab
328 1115 390 1154 uno
415 1106 536 1155 auctore
582 1037 727 1155 relectum
753 1105 812 1168 est,
836 1093 969 1232 pluribus
994 1091 1141 1170 tribuere,
1165 1093 1192 1154 si
1288 1115 1292 1139 ¹

39 1167 149 1228 illorum
169 1189 330 1232 consensus
348 1171 512 1234 accesserit.
569 1189 680 1232 oannes
706 1191 722 1230 a
742 1171 816 1231 Iuda
863 1170 947 1231 bristi
966 1171 1120 1306 proditore
1140 1190 1192 1230 or-

36 1253 93 1304 tum
113 1246 200 1306 luisse
219 1250 351 1308 murmur
370 1246 456 1323 dicit,
479 1248 644 1308 Matthaeus
669 1258 700 1307 et
718 1247 834 1310 Marcus
853 1245 965 1327 discipu
978 1268 1011 1308 os
1031 1266 1133 1307 omues
1153 1247 1192 1306 si·

36 1321 175 1382 malcum
197 1343 234 1382 eo
255 1324 424 1385 involvunt:
450 1344 557 1404 nempe
583 1324 651 1403 quia
675 1343 765 1384 nemo
790 1344 824 1383 cx
848 1323 911 1384 aliis
935 1322 1108 1402 obstrepere
1133 1345 1192 1384 un,

36 1417 118 1474 quam
138 1420 223 1460 ausus
243 1400 355 1474 suisset,
374 1399 429 1460 nisi
448 1401 537 1492 impia
557 1401 648 1461 Iudae
668 1399 847 1461 obtrectatio
868 1399 960 1460 instar
978 1397 1050 1458 iacis
1069 1419 1121 1459 eos
1140 1419 1191 1460 ac-

36 1475 183 1536 cendisset.
222 1475 284 1535 Ubi
303 1488 400 1536 autem
420 1496 556 1556 specioso
577 1477 679 1540 colore
691 1476 792 1559 coepit
803 1475 853 1538 ille
865 1477 1004 1536 damnare
1013 1477 1191 1556 superfluam

36 1549 208 1630 impensam,
227 1552 314 1612 facile
335 1553 371 1613 ad
391 1573 492 1614 omnes
512 1554 639 1636 pervasit
658 1554 808 1636 contagio.
847 1553 946 1632 Atque
972 1553 1029 1611 boc
1056 1573 1136 1612 erem
1159 1553 1192 1613 lo

37 1625 182 1704 docemur,
203 1639 343 1708 quantum
363 1629 488 1709 periculi
507 1631 546 1691 sit
564 1651 581 1690 a
600 1628 736 1712 malignis
755 1641 786 1690 ct
804 1629 955 1692 virulentis
968 1628 1083 1710 linguis.
1144 1651 1192 1690 am

36 1703 81 1779 qui
101 1717 203 1765 natura
224 1706 310 1784 acqui
329 1717 398 1766 sunt
417 1719 448 1767 ct
467 1707 584 1768 candidi
604 1718 635 1768 et
652 1707 790 1780 modesti,
808 1707 866 1766 nisi
884 1705 1048 1785 prudenter
1065 1705 1122 1766 sibi
1140 1727 1191 1766 ca-

36 1792 133 1854 veant,
157 1781 281 1842 sinistris
306 1791 404 1842 tamen
429 1783 614 1844 sermonibus
638 1783 755 1874 decepti
780 1785 816 1844 ad
841 1784 942 1863 iniqua
967 1782 1076 1844 iudicia
1102 1781 1191 1843 facile

35 1852 176 1929 labuntur.
217 1857 335 1932 Quodsi
355 1859 465 1921 Christi
491 1859 650 1951 discipulos
668 1859 740 1920 levis
761 1873 792 1921 et
809 1859 898 1920 stulta
918 1858 1073 1928 credulitas
1092 1859 1190 1932 socie-

35 1939 89 1990 tate
109 1933 199 1994 Iudae
225 1935 385 2016 implicuit,
410 1937 480 2016 quid
499 1936 587 1998 nobrs
607 1936 731 2011 accidet,
750 1937 775 1998 si
793 1956 982 2010 mrsurroncs,
1008 1935 1114 2072 quibus
1139 1957 1190 1996 re-

35 2017 78 2065 cte
97 2009 172 2070 lacta
192 2011 259 2071 mali
283 2033 320 2072 ne
341 2033 391 2072 car
413 2035 462 2074 ere
484 2015 608 2075 solenne
628 2025 687 2088 est,
713 2014 802 2074 nimia
826 2013 967 2074 facilitate
992 2033 1007 2080 a

34 2083 130 2146 Altera
151 2087 237 2147 etiam
259 2033 326 2150 blac
346 2035 448 2172 colligi
468 2090 556 2151 debet
575 2090 757 2163 admonitio,
776 2111 815 2152 ue
833 2102 946 2151 temere
965 2089 1190 2168 pronuntiemus

34 2157 67 2218 dc
85 2182 117 2220 re
138 2183 200 2222 non
221 2165 288 2224 satis
308 2179 467 2245 comperta.
506 2164 662 2246 Arripiunt
681 2167 830 2245 discipuli,
850 2166 966 2246 quoda
986 2165 1059 2223 Iuda
1080 2165 1191 2225 dictum

34 2247 86 2294 cst:
113 2250 143 2297 et
163 2239 230 2317 quia
250 2247 402 2320 praetextu
422 2261 484 2300 nun
506 2253 602 2316 caret,
625 2241 764 2301 iudicium
788 2241 865 2302 male
888 2239 1094 2320 praecipitant.
1133 2241 1213 2314 ht.-

35 2312 83 2388 qoi
108 2314 234 2374 decebat
258 2316 380 2394 propius
406 2316 573 2395 inquirere,
598 2337 635 2376 an
654 2317 886 2396 reprehensione
907 2315 936 2375 di
979 2336 1028 2374 um
1048 2325 1126 2376 esset
1144 2314 1190 2375 ia-

31 2399 122 2447 ctum:
145 2391 320 2466 praesertim
349 2412 437 2469 quum
463 2393 577 2452 adesset
595 2393 750 2484 magister,
775 2393 857 2452 cuius
876 2403 940 2451 stan
963 2411 1010 2450 um
1029 2402 1093 2452 erat
1112 2392 1190 2452 iudi-

30 2463 86 2522 cio.
126 2463 258 2524 Sciamus
279 2487 363 2548 ergo,
383 2479 574 2548 praepostere
594 2469 664 2528 ierrr
684 2467 859 2528 sententiam
880 2468 935 2529 nisi
954 2479 1116 2558 praeeunte
1128 2468 1191 2528 Dei

28 2537 135 2599 verbo:
162 2541 231 2619 quia
254 2561 343 2602 nemo
368 2556 501 2604 nostrum
525 2548 580 2622 (ut
604 2546 693 2606 docet
710 2543 839 2622 Paulus)
862 2544 920 2606 sibi
938 2543 1011 2603 srvit
1028 2555 1079 2604 aut
1097 2545 1190 2605 mori-

29 2626 91 2689 tur,
117 2617 169 2676 sed
190 2636 293 2679 omnes
311 2619 373 2679 sisti
393 2639 412 2680 o
435 2633 515 2681 ortet
533 2621 701 2694 adChristi
719 2619 867 2696 tribunal,
891 2620 943 2680 ubi
963 2619 1112 2680 reddenda
1133 2621 1191 2681 erit
1268 2637 1276 2650 ‘

30 2691 103 2752 ratio
123 2693 225 2772 (Rom.
246 2686 294 2770 ld,
313 2702 359 2761 10.
397 2641 439 2756 ll.
460 2695 678 2777 Cor.5,1⁰.).
698 2699 805 2773 ,Quen
830 2719 895 2757 uam
920 2708 1016 2757 autem
1040 2695 1120 2756 inter
1138 2696 1190 2756 In·

31 2768 93 2827 dam
114 2781 145 2830 et
165 2769 219 2830 reli
243 2791 296 2831 uos
315 2793 452 2855 magnum
473 2772 530 2834 tuit
549 2775 722 2850 discrimen,
746 2719 827 2854 quod
846 2775 896 2834 ille
938 2773 1028 2834 erhde
1048 2772 1189 2853 plausibi-

31 2840 203 2935 lemlucum
222 2793 305 2910 lurto
324 2871 378 2910 suo
399 2849 578 2929 obduceret,
602 2853 676 2912 alios
701 2863 799 2911 autem
823 2795 989 2932 impellbret
1013 2849 1099 2909 stulta
1118 2849 1188 2909 sim-

31 2919 152 3008 phcrtas,
171 2925 302 2986 videmus
320 2937 431 3004 tameo,
450 2940 482 2988 ut
502 2930 583 3010 ipsos
601 2950 619 2989 a
639 2927 761 2990 Christo
782 2927 925 2989 abductos
944 2946 996 2988 sna
1015 2925 1187 3008 impruden-

31 3006 68 3056 tra
86 2997 178 3060 Iudae
198 3002 390 3082 copulaverit.

49 3147 56 3162 ,
104 3082 150 3142 10.
192 3077 273 3162 Quid
293 3079 404 3140 molesti
425 3083 501 3142 estis.
545 3083 653 3143 Mirum
680 3096 740 3158 est,
764 3104 817 3144 cur
843 3079 992 3157 Christus,
1016 3080 1098 3141 cuins
1123 3090 1188 3141 tota

31 3160 85 3209 vrta
103 3155 317 3233 temperantiae
337 3170 368 3218 et
388 3158 561 3242 frugalitatis
580 3160 681 3242 regula
702 3160 757 3220 init
775 3171 806 3218 et
822 3159 969 3238 exemplar
998 3157 1189 3220 immodicum

31 3239 172 3316 sumptum
198 3253 277 3293 nunc
323 3233 427 3311 rubet,
452 3256 539 3315 quem
565 3237 643 3296 luxui
668 3248 698 3297 et
722 3236 907 3316 supervacuis
933 3201 1044 3295 deliciis
1069 3235 1187 3296 affinem

33 3299 116 3362 luisse
128 3319 260 3396 apparet
314 3311 351 3370 ed
370 3313 531 3372 anundum
553 3325 598 3373 est
617 3313 796 3374 defensionis
810 3333 921 3403 genus,
933 3333 993 3391 qno
1007 3311 1113 3372 utitur:
1134 3333 1188 3372 ne-

32 3393 91 3506 que·
109 3401 187 3442 emm
212 3384 364 3446 mulierem
389 3401 471 3450 recte
495 3388 598 3450 secisse
642 3391 810 3464 ronuntiat,
861 3409 922 3448 uass
950 3389 1027 3450 idern
1054 3389 1214 3467 quotidie

42 3473 91 3514 rcrr
110 3459 195 3520 uelit:
216 3463 269 3522 sed
289 3465 368 3541 qnod
388 3465 480 3526 serncl
501 3465 536 3526 ab
558 3487 591 3526 ea
612 3412 720 3526 (letum
741 3477 813 3542 erat,
866 3486 903 3525 eo
944 3476 1038 3525 ratum
1058 3484 1120 3524 esse
1141 3475 1187 3522 te-

32 3537 127 3608 statur,
148 3535 216 3626 quia
235 3538 277 3597 sic
297 3539 337 3598 ob
356 3541 460 3600 iustam
480 3562 595 3602 causam
615 3543 678 3602 heri
699 3544 874 3622 oportuerit.
914 3485 1092 3631 &uunquam
1112 3559 1187 3630 ergo

32 3621 169 3686 unguenti
189 3635 273 3674 usum
295 3615 429 3678 Christus
453 3618 573 3678 minime
600 3639 614 3677 a
639 3631 768 3702 peteret,
799 3620 872 3679 haec
894 3627 993 3677 tamen
1018 3616 1061 3675 illi
1085 3627 1188 3676 unctio
1244 3683 1250 3696 .

33 3697 150 3762 Propter
169 3690 415 3753 circumstantiam
436 3694 554 3774 placuit
594 3641 682 3755 llbde
710 3696 890 3778 colligimus,
914 3691 1070 3775 singularia
1096 3711 1187 3771 quae-

32 3755 93 3820 dam
113 3763 210 3827 cilicia
231 3767 378 3828 interdum
399 3769 519 3850 probari
538 3770 624 3846 Deo,
649 3793 724 3852 quae
748 3783 847 3832 tamen
872 3771 903 3830 in
929 3768 1091 3848 exemplum
1110 3765 1187 3827 trahi
1247 3779 1252 3788 “

32 3837 212 3926 non‘decet·
246 3845 310 3905 Nec
333 3866 405 3906 vero
431 3845 551 3907 dubium
576 3860 633 3924 est,
658 3850 729 3940 quin
756 3848 873 3909 occulto
893 3845 1020 3926 Spiritus
1046 3844 1187 3904 instinctu

32 3904 120 3973 Marta
139 3917 175 3977 ad
195 3919 346 3980 Christum
366 3924 556 4004 unguendum
575 3925 751 4005 prosilierit:
770 3925 846 3985 sicut
866 3935 978 3985 certum
995 3932 1049 3993 cst,
1069 3921 1187 4001 quoties

31 3983 70 4074 ad·
89 4007 161 4068 opus
184 3995 303 4075 aliquod
329 3999 590 4059 extraordinarium
613 4003 710 4063 vocati
735 4012 804 4062 sunt
822 4000 931 4074 sancti,
955 3996 1077 4057 insolito
1102 4008 1187 4056 motu

31 4055 113 4124 luisse
138 4068 293 4161 impulsos,
318 4095 357 4136 nc
382 4075 451 4154 quid
470 4075 527 4136 nisi
547 4077 621 4136 duce
641 4091 671 4138 et
688 4090 806 4139 rectore
826 4078 894 4136 Deo
914 4084 1071 4134 tentarent.
1109 4073 1186 4132 Nol·

30 4130 87 4196 lum
100 4146 206 4206 exstitit
218 4153 397 4226 mandatum,
416 4151 496 4232 quod
515 4153 626 4213 Mariae
646 4155 720 4214 banc
740 4153 911 4212 unctionem
933 4151 1111 4233 iniungeret,
1125 4169 1186 4214 uec

30 4228 96 4272 sane
116 4239 194 4308 'opus
220 4224 279 4287 fuit
301 4231 338 4290 de
364 4249 456 4323 opere
481 4249 542 4288 uno
568 4229 665 4321 legem
690 4228 864 4322 praescribi:
891 4228 941 4287 sed
962 4226 1030 4306 quia
1050 4228 1186 4288 coelestis

32 4302 143 4376 V⁰falto
163 4299 281 4364 unicum
303 4320 347 4366 est
367 4320 422 4368 rste
442 4305 551 4388 agendi
569 4307 759 4397 principium,
779 4315 809 4364 et
821 4325 836 4363 a
848 4305 918 4364 Deo
938 4324 983 4364 res
1005 4305 1083 4366 uitur
1103 4305 1186 4385 quic-

32 4367 97 4438 ΨΜ
121 4387 138 4430 ἃ
160 4395 191 4436 te
217 4377 288 4458 ipsis
313 4384 477 4465 suscipiunt
496 4383 645 4460 homines,
670 4383 771 4444 alilatu
792 4381 919 4464 Spiritus
945 4325 1108 4465 gubernata
1133 4380 1189 4444 luit

1031 2012 1190 2074 mittimus?
1302 2039 1308 2052 ¹
