2790 4838
90 144 135 220 'l
185 155 191 166 '
649 197 652 204 .
853 164 876 206 x
965 188 971 200 .

209 284 269 364 Ι2611
425 289 578 354 secato
600 285 652 350 tx.
692 289 912 392 lucianam
932 289 1131 352 Euareten.

207 451 256 512 ita
276 467 389 510 rursum
408 446 558 520 admonet,
578 442 766 535 quinamsint
780 441 882 502 idonei
894 442 931 502 ad
950 441 1183 522 percipiendam,
1202 440 1362 520 quaeillic

218 527 360 599 offertur,
398 523 496 584 salutis
564 533 662 580 auam:
703 530 791 598 atque
820 519 877 580 boe
903 521 994 580 modo
1020 520 1141 579 nriseros
1165 529 1361 609 peccatores,

217 603 326 664 blande
346 601 383 660 ad
402 620 483 678 spem
502 620 532 658 sa
546 597 600 656 otis
620 596 763 670 invitans,
794 596 824 654 in
845 597 954 655 certam
975 595 1110 656 fiduciam
1132 595 1227 678 erigit.
1268 595 1361 654 Pau·

212 701 298 757 peres
318 678 395 736 enim
415 675 515 734 vocari
535 685 646 734 certum
668 685 722 746 est,
742 692 866 768 quorum
887 673 991 732 misera
1014 685 1057 734 est
1068 671 1190 750 vilisque
1205 672 1360 746 conditio,

218 753 316 834 etqui
341 775 396 833 pro
422 751 516 812 nihilo
543 752 718 810 ducuntur.‹'
740 751 822 830 largo
849 761 882 808 ut
909 750 1030 829 quisque
1052 748 1262 809 abiectissimus
1285 749 1360 822 eiit,

215 843 329 890 mnttrm
360 828 444 889 abest
476 827 547 906 quin
573 825 787 906 desperationis
812 846 896 886 causa
920 845 972 885 sua
1003 837 1184 906 paupertas,
1215 835 1261 884 ut*
1280 825 1359 884 inde

215 907 314 987 potius
340 904 447 966 debeat
471 903 599 963 animum
631 901 790 984 colligere·
804 902 840 962 ad
861 900 1010 962 Christum
1039 899 1248 982 quaerendum.
1290 902 1359 962 Sed

214 982 447 1056 meminerimus,
476 1001 538 1039 non
558 979 631 1038 alios
651 977 764 1039 censeri
784 999 944 1058 pauperes,
975 977 1031 1038 nisi
1052 979 1103 1057 qui
1122 977 1179 1038 sibi
1198 977 1261 1060 ipsi
1277 977 1358 1038 tales

214 1070 295 1128 sont,
315 1059 373 1118 hoe
395 1069 448 1134 est,
468 1057 518 1136 qui
537 1075 608 1115 suae
626 1055 746 1138 inopiae
766 1076 851 1114 sensu
872 1076 890 1115 ο
913 1055 1005 1134 pressi
1025 1055 1132 1114 iacent.

290 1141 317 1200 11
356 1133 398 1194 Et
416 1133 587 1208 tammam,
607 1136 657 1211 qui
674 1135 734 1192 sois
745 1133 845 1214 fuerit
863 1154 880 1190 o
892 1137 1011 1211 sessos.
1051 1133 1115 1192 Hac
1135 1130 1263 1192 clausula
1281 1153 1357 1192 mo-

213 1222 285 1274 nere
305 1210 400 1271 veluit
419 1209 569 1282 Christus,
598 1221 632 1268 ut
651 1207 715 1289 quis
736 1207 766 1268 iu
785 1208 939 1290 Evangelii
959 1207 1017 1268 fide
1037 1217 1174 1269 consuas
1199 1220 1229 1268 et
1248 1208 1357 1268 firmus

213 1296 346 1359 nlaneat,
376 1277 519 1348 s'candalis
543 1285 738 1346 resistendum
767 1305 847 1359 esse,
864 1287 950 1364 'quae
978 1285 1014 1343 ad
1040 1283 1256 1368 impediendum
1278 1285 1357 1346 fidei

214 1385 328 1426 cursum
349 1374 515 1424 occurrent
553 1364 608 1424 Est
626 1376 723 1423 autem
744 1362 917 1441 occupatio,
947 1382 1004 1440 qna
1030 1381 1085 1420 nos
1103 1361 1238 1424 adversus
1258 1383 1354 1422 scan-

214 1442 278 1502 dala
301 1440 475 1532 praemunit,
495 1432 732 1530 quia'nunquam
753 1439 923 1498 occasiones
943 1437 1028 1498 uoltis
1049 1437 1156 1498 desunt
1175 1437 1235 1498 eius
1256 1459 1355 1518 repu-

214 1519 324 1592 diandi,
345 1517 442 1579 donec
462 1537 582 1576 animos·
595 1527 714 1575 nostros
733 1535 820 1595 supra
841 1514 938 1574 omnia
950 1513 1131 1574 offendicula
1151 1515 1354 1575 extulerimus.

211 1593 282 1654 -lloc
303 1594 393 1676 igitur
412 1587 689 1674 primo'tenendum
710 1603 763 1664 est,
783 1590 966 1652 militandum
985 1589 1073 1650 nobis
1093 1611 1155 1652 esse
1176 1613 1242 1652 cum
1264 1614 1354 1652 scan-

215 1669 302 1744 dalis,
332 1682 365 1729 ut
395 1681 556 1749 perstemus
583 1668 615 1726 in
641 1667 698 1728 fide
726 1666 844 1729 Christi.
888 1669 933 1727 Ne
956 1688 992 1727 ue
1019 1667 1097 1728 enim
1123 1666 1197 1727 salso
1223 1681 1353 1729 vocatur

211 1748 349 1808 Christus
369 1747 431 1825 ipse
452 1746 539 1804 Petra
560 1743 706 1818 scandali,
746 1757 776 1804 et
794 1743 921 1824 Lapisu
950 1744 1077 1804 susionis
1098 1744 1134 1804 ad
1155 1765 1244 1824 quem
1264 1746 1354 1806 multi

214 1821 390 1904 impingunt.
430 1821 464 1880 Id
494 1820 612 1899 quidem
638 1821 711 1880 vitio
740 1831 843 1880 nostro
874 1819 937 1880 fieri
965 1832 1076 1881 certum
1102 1831 1163 1896 est,
1202 1823 1255 1882 sed
1280 1823 1352 1882 huic

214 1900 299 1957 etiam
311 1899 383 1956 vitio
396 1899 541 1970 medetur,
562 1916 650 1976 quum
670 1895 774 1955 beatos
785 1897 968 1976 pronuntiat,
988 1897 1039 1976 qui
1059 1899 1139 1956 inse
1160 1919 1223 1957 non
1235 1897 1354 1960 lherint

143 2023 146 2032 .
214 1972 336 2033 ol'lensi:
358 1975 435 2033 unde
457 1974 544 2033 ctiam
566 1972 635 2032 colli
658 1973 740 2046 imus,
760 1971 869 2032 ncillam
880 1995 941 2034 esse
952 1973 1109 2034 incredulis
1119 1975 1353 2051 excusationem,

186 2051 340 2129 ·qnamvis
375 2051 528 2112 innumera
561 1991 696 2110 scandala
724 2048 896 2124 obtendant
943 2050 1024 2126 Quid
1054 2072 1069 2112 e
1093 2051 1131 2109 im
1156 2051 1213 2112 illis
1238 2051 1354 2128 obstat,

231 2169 232 2172 η
254 2127 368 2186 ominus
388 2123 756 2188 accedantadChristum?
775 2125 823 2186 vel
844 2127 915 2207 quid
932 2149 983 2188 cos
996 2128 1073 2208 impe
1099 2127 1130 2202 't‚
1149 2139 1210 2188 uta
1224 2129 1352 2190 Christo

232 2203 368 2278 eliciant?
400 2225 509 2284 nempe
529 2204 597 2284 quia
618 2213 803 2282 contemptus
824 2214 854 2264 et
873 2202 1026 2278 defonnis,
1047 2203 1163 2283 probris
1185 2226 1224 2265 ue
1244 2208 1353 2268 muudi

142 2345 145 2356 ,
213 2281 359 2360 expositus
380 2303 444 2340 cum
464 2301 515 2339 sua
535 2265 622 2344 ciuce
642 2290 778 2360 apparet:
800 2280 867 2359 quia
887 2301 942 2341 nos
962 2281 993 2340 iu
1013 2300 1127 2344 suarum
1148 2301 1165 2341 a
1200 2283 1352 2343 istiouum

211 2359 383 2418 societatem
404 2369 521 2418 vocatz'
538 2357 604 2436 quia
630 2357 735 2417 deinde
761 2355 857 2438 gloria
883 2357 943 2416 eius
970 2370 1000 2417 et
1024 2357 1173 2430 maiestas,
1203 2370 1238 2418 ut
1256 2360 1351 2440 spiri-

210 2435 296 2495 tualis
318 2445 372 2508 cst,
392 2435 530 2494 amundo
551 2433 727 2516 negligitur,
749 2434 877 2514 denique
899 2435 967 2514 quia
988 2435 1049 2493 eius
1069 2434 1203 2496 doctrina
1223 2457 1351 2516 prorsus

97 2535 103 2544 ·
210 2531 333 2572 ssensu
358 2524 461 2572 nostro
487 2510 637 2570 abhorret.
676 2509 913 2588 hd·haec··quia
937 2511 1062 2570 artificio
1082 2510 1210 2572 Samnae
1235 2515 1351 2574 multae

210 2577 314 2648 turbae
336 2589 487 2660 oriuntur,
519 2608 593 2670 quae
621 2599 650 2646 et
671 2587 781 2648 Christi
801 2607 909 2646 nomen
936 2599 967 2646 et
984 2580 1177 2668 Evangeliu'm
1198 2587 1352 2652 infament
1393 2653 1394 2656 ,

211 2685 386 2744 caesumque
407 2665 544 2726 reddant:
565 2664 804 2743 postremoquia
825 2663 882 2722 sibi
902 2664 965 2742 quis
987 2684 1035 2740 ue,
1055 2664 1134 2723 velut
1153 2663 1219 2724 data
1242 2687 1351 2747 opera,

208 2741 412 2804 scandalorum
433 2741 603 2820 congeriem
624 2739 758 2812 labrica't,
777 2740 917 2818 qnoniam
932 2685 1060 2822 malligne
1074 2760 1135 2800 non
1147 2740 1245 2804 minus
1258 2765 1349 2824 quam

208 2817 313 2896 cupide
334 2839 350 2878 a
372 2816 491 2878 Christo
512 2837 544 2878 se
565 2835 667 2876 omues
687 2815 862 2877 subducunt.

247 3091 330 3176 (92)
372 3099 543 3163 ΜΑΤΊῊ.
564 3097 617 3162 Xl.
661 3099 688 3164 7.
711 3096 871 3164 Euntibus
892 3101 1098 3181 autemillis,
1119 3105 1229 3189 coepit
1251 3103 1348 3174 lesus

204 3195 306 3262 turbis
335 3197 444 3266 dicere
473 3199 515 3264 de
543 3199 679 3278 Ioanne,
713 3200 803 3286 Quid
835 3205 934 3292 visuri
962 3205 1068 3268 existis
1096 3207 1130 3268 in
1158 3202 1350 3270 desertum?

203 3297 278 3360 n'um
302 3298 507 3378 arundinem,
534 3321 617 3386 quae
639 3301 775 3386 agitatur
797 3322 814 3365 a
837 3305 959 3369 vento?
999 3305 1029 3370 8.
1049 3305 1118 3390 Age
1141 3303 1220 3390 quid
1243 3308 1350 3372 visuri

205 3398 331 3464 existis?
365 3421 440 3464 num
464 3399 624 3469 hommem
648 3401 801 3467 mollibus
823 3403 967 3471 vestibus
988 3391 1157 3470 ardictum?
1183 3425 1265 3470 ecce
1290 3410 1348 3494 qui

202 3495 314 3560 mollia
338 3511 467 3584 gestant,
489 3504 522 3566 in
537 3499 686 3567 domibus
705 3524 814 3588 regum
837 3515 918 3570 sunt.
961 3507 991 3570 9.
1012 3507 1110 3591 Atqui
1132 3505 1211 3592 quid
1234 3511 1347 3573 existis

201 3598 335 3663 videre?
355 3620 429 3664 num
452 3602 644 3689 Prophetorn
653 3607 669 3668 1.
689 3593 776 3669 certe
800 3605 874 3670 dico
896 3605 990 3672 vobis
1012 3609 1107 3670 etiam
1130 3604 1347 3675 excellentio-

201 3720 268 3764 rem
290 3699 461 3786 Propheta.
504 3705 554 3768 10.
574 3703 637 3770 Hic
658 3717 707 3770 est
726 3707 824 3786 enim,
848 3705 890 3770 de
911 3727 978 3794 quo
998 3709 1149 3792 scriptum
1173 3717 1231 3784 est,
1253 3709 1345 3774 Ecce

201 3820 261 3884 ego
284 3803 374 3866 mitto
396 3805 541 3868 numum
561 3827 665 3870 meum
688 3817 762 3870 ante
784 3805 897 3872 laciem
920 3819 1022 3885 tuam,
1053 3813 1108 3896 qui
1129 3809 1345 3895 praeparabit

197 3907 282 3966 viam
304 3914 389 3995 tuam
419 3915 493 3968 ante
522 3915 562 3969 te.
605 3905 653 3970 11.
681 3907 883 3973 Amendico
905 3907 1013 3986 vobis,
1034 3931 1102 3990 nun
1125 3920 1259 3976 exortus
1282 3909 1344 3975 fuit

94 4085 102 4092 ἱ
196 4005 396 4070 internatus
425 4025 463 4067 er
490 4001 695 4082 mulieribus,
726 4012 828 4072 maior
850 4010 971 4074 loanue
993 4009 1153 4094 Baptista:
1196 4021 1342 4076 attamen

196 4105 251 4188 qui
273 4106 421 4170 minimus
437 4115 484 4170 est
499 4107 533 4169 in
546 4127 647 4192 regno
661 4107 837 4184 coelorum,
857 4111 959 4181 maior
981 4121 1028 4174 est
1049 4109 1117 4177 illo.
1160 4113 1210 4176 12
1231 4113 1340 4177 Porro

194 4201 351 4268 adiebus
373 4207 503 4272 loannis
527 4207 704 4289 Baptistae,
749 4229 850 4297 usque
880 4209 1031 4276 adhunc
1054 4209 1155 4290 diem,
1199 4233 1338 4298 reguum
1388 4215 1389 4220 ’

192 4300 358 4368 coelorum
394 4309 457 4369 vim
485 4309 619 4393 patitur,
654 4319 685 4373 et
713 4309 849 4375 violenti
879 4314 1008 4396 rapiunt
1036 4309 1125 4397 illpcl.
1169 4313 1222 4378 13.
1252 4311 1336 4378 Nam
1386 4355 1388 4364 ι

189 4419 302 4466 omnes
325 4403 507 4489 Prophetae
537 4419 572 4498 et
595 4411 666 4496 ipsa
688 4409 755 4476 Lex
783 4432 886 4497 usque
915 4411 1132 4480 adloannem
1155 4413 1335 4502 propbeta-
