2790 4838
417 229 480 306 (82
501 230 582 292 Grex
602 185 881 312 Gergiseiib'r'riin.)''
1150 249 1236 334 ²292

62 385 160 454 atqrre
173 373 214 435 ita
227 375 630 511 impleturillndPs.ili‚10·,
641 383 994 468 semponitbellausq'ab
1003 388 1039 447 ad
1049 389 1213 454 ermedram-

61 463 182 528 terrae,
203 475 263 514 con
279 455 373 536 tingit
391 477 505 534 arcum,
526 460 682 522 detruncat
699 463 820 540 beatem,
840 485 941 530 eumue
962 465 1031 557 igpp
1051 467 1212 544 comburit..

142 535 192 596 27.
232 529 379 592 Homines
400 557 466 594 uero
484 533 712 599 admirabamur.
753 533 820 601 Hoc
839 541 991 620 Apostolus
1011 541 1140 622 tribucre
1161 545 1203 602 vi-

59 605 175 666 dentur
201 607 321 668 blarcus
349 621 378 668 et
402 609 504 673 Lucas.
534 613 704 694 'Postquam'
725 617 802 676 enbn
823 617 957 678 dixerunt
978 639 993 675 a
1014 613 1134 679 Christo
1154 618 1208 678 'rc-¹

58 685 250 814 prehensos,
280 684 457 762 subiiciunt,
488 711 554 749 cum
572 691 681 752 timore
701 693 889 768 exclamasse,
919 692 1062 774 &danem
1080 690 1124 754 esi
1137 695 1205 756 ite?

75 760 132 818 loc
159 773 261 820 tamen
287 763 318 822 in
344 763 417 824 alios
443 766 534 848 magis
560 770 717 847 competit,
747 770 851 852 quibus
875 771 1008 831 nondum
1023 773 1207 852 ,innotuerat

59 835 212 898 Christus.
274 833 424 900 Utrumvis
452 853 550 902 tamen
579 865 752 934 sequamur,
779 847 826 908 bic
852 848 908 906 iam
934 847 1074 926 miraculi
1093 848 1202 908 fructus
1242 863 1254 882 ⁸

57 915 206 994 emergit,
227 937 320 995 qrrum
341 915 505 977 celebratur
525 915 636 981 Christe
656 918 759 1003 glo'ria.
798 921 832 982 Si
852 922 914 1004 quis
934 923 1096 1002 Apostolos
1117 923 1199 1006 loqui

57 999 158 1122 putet,
178 1011 283 1053 seruus
303 992 463 1054 verborum
484 995 701 1070 eritsdisinsm
721 999 782 1059 eius
823 997 963 1059 atentiam
982 1016 1021 1060 eo
1041 1001 1108 1062 satis
1128 1015 1206 1082 prossff

79 1066 136 1137 ari,
157 1068 242 1147 qnod
262 1067 307 1128 itti
329 1069 469 1148 obediant
488 1083 592 1148 pentus
613 1085 754 1148 elmere
815 1077 861 1136 aia
881 1077 1078 1150 tamen‘alios·
1091 1079 1133 1154 sic
1146 1080 1206 1152 lofe,

56 1157 171 1220 quutos
198 1166 263 1204 esse
290 1145 381 1228 magis
427 1137 562 1208 robabile
584 1163 643 1224 est,
676 1151 719 1213 bis
739 1153 835 1212 verbis
856 1143 966 1212 docent
983 1155 1200 1236 Evangelistae‚

57 1220 205 1280 nriraculo
227 1223 379 1301 perculsos
399 1170 487 1284 tPuisse
501 1241 603 1284 eorum
614 1227 738 1304 animos,
757 1241 789 1286 ut
807 1227 970 1289 reverentia
984 1227 1093 1292 Christi
1106 1236 1201 1312 quae'e

54 1293 124 1354 dam
145 1309 227 1358 esset
246 1299 284 1358 ad
304 1293 390 1360 iidem
410 1299 607 1382 praepaiatis.
691 1343 694 1350 ι
943 1303 947 1314 ’
1049 1342 1053 1352 ·
1089 1343 1093 1350 ·

98 1408 186 1492 (aa)
229 1413 402 1477 manna.
427 1389 515 1479 vin.
562 1416 613 1483 aa.
635 1395 688 1482 eie
714 1431 817 1506 quum·
836 1401 986 1484 venisset
1002 1421 1053 1482 aa
1067 1417 1198 1486 nterio-

54 1531 125 1575 rem
156 1515 261 1600 ripam
290 1517 324 1578 in
349 1517 514 1600 regionem
538 1515 815 1602 Gergesenorum,·
832 1528 1057 1586 ¹¹occurrebant
1077 1523 1109 1584 ei
1130 1519 1196 1585 duo

53 1609 313 1707 daemoniacie
340 1619 555 1682 monumentis
582 1625 718 1704 egressi:
753 1631 843 1687 erant
865 1630 969 1684 autern
991 1609 1083 1684 sacri·
1099 1637 1196 1705 supra

54 1711 208 1790 modum,
242 1715 330 1782 adeo
357 1729 392 1781 ut
416 1725 800 1805 nemo'poeset'transire
822 1723 984 1808 perviam
1006 1719 1102 1785 iilam.
1131 1704 1195 1784 ⁵29.

53 1813 97 1878 Et
133 1835 215 1879 ecce
248 1816 526 1910 vociferabantur,
568 1801 731 1902 dicentes:
763 1823 853 1908 Quid
877 1821 976 1909 *nobis
1002 1831 1107 1886 tecum
1134 1831 1194 1897 est,

52 1915 139 1994 iesu,
163 1913 229 1982 Fili
244 1918 329 1984 Dei?
348 1923 465 1984 venisti
486 1907 549 1986 bue
571 1934 644 1987 ante
666 1934 791 2010 tempus
813 1925 853 1989 td
875 1923 1090 2010 torquendum
1111 1925 1193 1988 nos?

52 2017 106 2084 30.
141 2018 223 2084 Erat
256 2029 362 2085 autem
397 2020 513 2106 procul
547 2021 588 2087 ab
622 2023 688 2089 ittis
719 2045 795 2110 grex
821 2047 994 2110 porcorum
1019 2023 1191 2089 multorum

52 2141 204 2203 pascens.
258 2122 311 2186 31.
346 2121 531 2187 Daemones
557 2146 637 2192 vero
662 2124 821 2210 rogabant
848 2147 935 2202 euru,
963 2125 1123 2203 dicentes,
1156 2125 1212 2189 Si,

54 2224 146 2286 eiicis
165 2244 243 2300 nos,
274 2225 422 2308 permitte
444 2224 554 2303 nobis,
582 2237 618 2292 ut
638 2227 851 2310 demigremua
870 2229 905 2290 in
926 2244 1053 2310 gregem
1074 2247 1191 2312 porco-

51 2343 134 2388 rum.
175 2325 230 2388 32.
259 2323 478 2403 Elateius,
512 2324 618 2392 abire.
660 2326 711 2391 tili
737 2345 818 2390 vero
845 2330 964 2409 egressi
986 2326 1135 2390 abierunt
1154 2316 1195 2390 in'

51 2445 185 2509 gregem
213 2445 396 2509 porcorum.
444 2427 486 2492 Et
519 2448 596 2494 ecce
623 2424 790 2492 ferebatur
811 2423 897 2491 totus'
917 2445 994 2509 grex
1015 2445 1187 2510 porcorum
1246 2473 1249 2482 2

51 2547 112 2610 per
133 2547 293 2612 praeceps
314 2529 346 2592 in
368 2545 471 2606 mare,
499 2538 532 2594 et
552 2530 720 2614 perierunt
740 2529 773 2595 in
796 2528 894 2612 aquis.
934 2525 986 2588 33
1007 2525 1111 2596 Porro
1132 2527 1187 2608 qui

50 2625 247 2710 pascebant,
274 2627 480 2712 aufugerunt:
502 2640 534 2696 et
555 2627 711 2696 abeuntes
732 2630 766 2692 in
790 2629 963 2701 civitatem,
985 2628 1188 2696 renuntiave—
1275 2705 1283 2713 .

49 2735 128 2792 runt
147 2719 267 2805 omnia,
287 2738 321 2794 et
341 2728 420 2814 quid
441 2729 610 2796 accidisset
632 2727 858 2808 daemoniacis
887 2728 937 2801 aa.
957 2727 1001 2790 Et
1021 2745 1097 2796 ecee
1118 2733 1187 2786 tota

51 2829 164 2892 civitas
187 2831 288 2894 exivit
308 2831 340 2895 in
361 2851 529 2896 occursum
553 2832 638 2895 lesu:
661 2843 693 2896 et
713 2851 811 2917 quum
831 2827 988 2900 vidissent
1008 2825 1114 2903 iilum,
1133 2843 1186 2890 ro·

51 2941 176 3013 gamat,
196 2940 232 2994 ut
255 2928 431 2999 decederet
452 2955 470 3000 e
492 2932 612 3000 finibus
634 2954 754 3000 eoram.

133 3029 276 3097 MARC.
298 3035 339 3098 V.
383 3035 412 3100 1.
442 3035 484 3100 Et
509 3045 669 3104 venerum
695 3035 831 3098 traiecto
859 3033 938 3099 mari
959 3027 1184 3113 inregionem

51 3129 309 3198 Gadarenorum.
356 3137 386 3198 2.
419 3137 461 3203 Et
487 3136 536 3201 ilii
564 3157 584 3201 e
609 3137 684 3200 navi
709 3155 857 3218 regresso
884 3132 1183 3215 statimffoccurrite

51 3238 266 3298 monumentis
293 3235 392 3302 homo
420 3236 570 3303 detentus
591 3257 609 3301 a
631 3236 746 3320 spiritu
764 3233 945 3312 immundo,
984 3233 1014 3320 3
1036 3232 1105 3316 Qui
1126 3229 1183 3296 do-

49 3336 202 3402 micilium
230 3333 371 3401 habebat
398 3339 433 3401 in
462 3339 691 3412 monurnentis,
723 3347 755 3400 et
780 3357 887 3419 neque
914 3335 1035 3398 catonis
1055 3337 1183 3415 poterat

51 3440 218 3524 quisquam
242 3458 315 3501 eum
337 3435 454 3522 ligare:
486 3437 516 3504 4.
538 3439 715 3522 Propterea
736 3435 835 3524 quod,
856 3457 952 3521 ‹punm
975 3453 1073 3518 saepe
1096 3452 1181 3496 com-

49 3539 189 3622 pedibus
216 3550 250 3603 et
276 3541 397 3604 catenis
425 3539 550 3602 vinctus
572 3539 696 3614 luisset,
725 3537 906 3621 discerptae
927 3536 1054 3599 lucrant
1075 3531 1116 3596 ab
1138 3551 1180 3594 eo

48 3651 198 3717 catenae,
233 3650 266 3704 et
293 3637 470 3726 compedes
489 3638 617 3704 inerant
638 3639 866 3714 comminutae,
896 3647 932 3702 ut
953 3655 1049 3704 nemo
1071 3639 1181 3718 posset

48 3765 117 3808 eum
145 3741 290 3808 domare.
337 3741 367 3805 5.
400 3740 441 3806 Et
466 3761 594 3827 semper
619 3739 674 3803 die
703 3761 741 3802 ac
766 3747 863 3803 nocte
896 3741 929 3801 ia
956 3733 1118 3801 montibus
1146 3753 1179 3810 et

47 3843 263 3908 monumentis
288 3851 356 3906 erat
382 3840 538 3919 clamans,
572 3850 610 3922 et
626 3839 801 3906 concidens
824 3861 860 3904 se
881 3841 984 3925 ipsum
1006 3833 1178 3919 lapidibus.

47 3947 74 4008 o.
101 3946 213 4027 Quum
240 3941 375 4007 vidisset
396 3955 501 4008 autem
523 3944 626 4006 lesum
650 3944 785 4020 eminus,
818 3940 958 4005 cucurrit
979 3947 1011 4000 et
1032 3935 1178 4000 adoravit

48 4067 130 4110 eum:
179 4047 208 4108 7.
233 4044 277 4107 Et
297 4043 437 4108 clamans
458 4063 540 4109 voce
562 4063 690 4128 magna,
723 4041 819 4120 dixit,
851 4039 940 4124 Quid
963 4036 1023 4102 tibi
1044 4055 1178 4114 mecum,

47 4147 124 4224 lesu,
145 4145 213 4212 Fili
228 4143 293 4208 Dei
315 4143 476 4208 altissimi?
497 4142 611 4208 adiuro
634 4153 666 4208 te
688 4165 747 4229 per
761 4143 876 4220 Deum,
897 4161 939 4204 ne
952 4159 1002 4202 ure
1015 4147 1177 4226 torqueas.

46 4247 72 4308 8.
92 4245 235 4312 Dicebat
255 4247 339 4312 anim
360 4245 420 4323 illi,
440 4247 507 4324 Exi,
529 4247 658 4331 spiritus
678 4243 840 4310 inununds
859 4241 900 4308 ab
917 4242 1055 4306 bomine.
1083 4241 1113 4302 9.
1133 4237 1176 4300 Et

48 4345 266 4434 interrogabat
291 4369 379 4428 eum,
412 4345 514 4434 Quod
541 4345 600 4437 tibi
626 4350 764 4444 nomen?
805 4345 848 4412 Et
872 4341 1042 4436 respoudit
1062 4337 1175 4404 dicens

555 4458 558 4491 ι
1030 4483 1032 4491 .
