2766 4834
255 263 265 272 “
368 265 501 343 (8-10.
530 261 625 324 llaria
644 271 675 323 et
692 260 870 342 Elisabeth.)
1144 269 1186 333 25

74 417 265 509 inscriptura:
297 434 411 496 nempe
437 415 507 475 dum
532 414 664 496 generali
689 415 823 478 doctrina
849 415 979 502 speeiem
992 437 1091 486 ,uuam
1109 438 1183 498 pro-

72 496 184 554 missionis
215 491 390 554 confirmat.
449 492 492 552 Aa
513 513 549 552 ue
581 491 627 552 hic
659 512 744 554 verus
777 506 822 554 est
851 505 1009 574 rectusque
1038 495 1183 577 generalis

72 571 192 660 lactrinae
210 591 302 642 usus,
327 569 395 659 dum
415 589 503 659 prom
528 568 626 629 sioncs
645 568 705 629 illic
722 590 837 703 lsparsas
858 570 977 660 adrem
997 583 1183 662 praesentem

70 648 227 797 illibi?
248 648 1185 814 tltttt²¹¹1h¹tt¹thtttttetc‘ttttlhtlttttttt

69 801 151 859 llsriae
173 797 317 880 Angelus
343 797 510 876 praedicat,
539 797 618 857 cuius
642 797 805 858 diffidentia
831 799 919 860 fidem
937 799 1183 890 promissionibus

69 876 254 955 utplurimum
282 873 426 936 detrahit.
465 872 567 933 Verbo
593 872 722 934 latentur
742 894 844 935 omnes
864 888 1099 956 omnipotentem
1119 897 1184 937 esse

69 951 153 1011 bruna:
172 953 292 1012 interea
314 951 340 1011 si
382 949 433 1010 uid
475 949 599 1009 comittit
609 949 751 1040 opinione
764 963 865 1012 nostra
878 953 981 1032 majus,
1000 954 1184 1014 haesitamus.

69 1029 130 1088 l'ude
148 1028 186 1101 id,
205 1029 265 1088 uisi
289 971 381 1118 quod
395 971 491 1086 nihilo
512 1024 575 1160 [plus
595 1025 638 1086 ilh
658 1026 811 1088 tribuimus
830 1029 995 1107 potentiae,
1015 1051 1101 1110 quam
1113 1051 1183 1090 seu-

67 1125 99 1162 sus
117 1104 202 1164 nostri
229 1102 380 1185 capiunt?
420 1103 494 1162 Ideo
544 1101 625 1162 aulus
645 1103 682 1163 acl
701 1103 787 1164 Rom.
806 1113 842 1180 4,
865 1112 912 1170 20.
937 1106 1026 1166 fidem
1043 1107 1184 1167 Abrahae

68 1179 173 1254 hulam,
204 1181 281 1240 dicit
313 1181 398 1240 illum
425 1179 537 1239 dedisse
555 1178 687 1260 ,gloriam
710 1180 795 1254 Deo,
828 1181 909 1271 quod
933 1182 1056 1262 implere
1082 1195 1184 1264 posset

81 1257 175 1336 sicquid
194 1258 393 1337 promiserat.
424 1257 466 1315 Et
484 1253 565 1330 alibi,
585 1276 674 1333 quum
692 1255 731 1315 de
750 1275 802 1347 spe
821 1269 897 1318 ntae
917 1269 1053 1334 aeternae
1073 1261 1181 1342 agitur,

67 1277 107 1390 lei
122 1333 287 1412 potentiam
308 1332 368 1395 sibi
389 1331 546 1412 proponit,
572 1330 660 1406 Scio,
685 1331 796 1466 iuquit,
823 1334 869 1392 cui
889 1335 1077 1408 crediderim,
1098 1336 1184 1471 quod

68 1421 147 1486 pateus
170 1411 207 1469 sit
233 1409 412 1490 depositum
438 1428 534 1468 meum
559 1427 676 1468 servare
701 1411 715 1485 (
739 1408 763 1467 l.
784 1408 862 1468 Tim.
886 1413 1019 1486 1,=12.).
1058 1412 1095 1469 Vi
1118 1423 1184 1471 etur

68 1486 157 1562 quidem
174 1487 251 1546 haec
274 1488 383 1566 exigua
406 1503 468 1544 esse
490 1483 559 1544 fidei
579 1485 692 1563 portio,
734 1485 793 1545 uod
812 1505 913 1557 nemo,
933 1488 1115 1565 quantumvis
1127 1487 1184 1546 im-

70 1561 122 1638 piu,
137 1561 202 1622 lleo
222 1564 329 1654 palam
349 1560 563 1640 omnipotentis
583 1559 699 1621 titulum
713 1505 854 1646 deroget.
884 1563 995 1622 Verum
1017 1564 1066 1654 qui
1086 1561 1184 1643 probe

69 1649 89 1692 et
102 1639 204 1715 penitus
223 1639 351 1699 infixam
370 1639 402 1697 iu
424 1637 513 1697 corde
532 1657 586 1697 suo
606 1637 697 1698 habet
708 1638 767 1698 Dei
786 1638 964 1720 potentiam,
982 1639 1095 1720 reliqua
1113 1638 1183 1698 fidei

68 1711 249 1802 inpedimenta
276 1715 369 1776 tacite
394 1737 429 1776 su
452 1713 555 1774 erabit.
608 1714 780 1776 Notandum
804 1727 903 1775 tamen
930 1725 991 1790 est,
1018 1715 1183 1797 potentiam

69 1786 109 1848 llcr
124 1811 184 1852 sera
204 1793 265 1852 fide
287 1735 491 1864 ellectualdm,
511 1801 544 1849 ut
561 1788 602 1849 ita
622 1788 737 1872 loquar,
756 1791 947 1872 apprehendi.
978 1791 1091 1856 Potens
1102 1792 1181 1852 enim

69 1875 99 1922 at
112 1877 190 1946 atque
210 1890 225 1928 a
274 1869 341 1930 osci
361 1867 425 1928 vult
436 1867 529 1940 Deus,
548 1877 581 1924 ut
599 1864 664 1945 ipso
685 1887 777 1948 opere
797 1888 930 1928 veracem
946 1889 977 1928 se
989 1870 1183 1930 demonstret.

123 1948 164 2008 te
249 1967 284 2006 ce
316 1945 432 2015 moilla
451 1941 582 2005 Bonam
625 1943 696 2004 Nou
722 1945 865 2024 permittit
889 1944 946 2006 sibi
973 1957 1072 2006 saneta
1097 1946 1183 2030 virgo

70 2015 124 2076 ultra
141 2020 306 2100 disputare:
332 2043 389 2082 nee
408 2033 508 2081 tamen
528 2018 648 2079 dubium
669 2032 728 2094 est,
778 2021 828 2082 uin
848 2020 995 2102 obrepere
1014 2022 1106 2082 multa
1125 2043 1184 2103 po-

69 2093 167 2170 tuerint,
218 2119 275 2158 uae
312 2117 461 2158 remoram
485 2094 641 2158 iniicerent
667 2097 743 2158 illius
790 2097 852 2172 dei,
882 2099 942 2158 imo
969 2099 1029 2160 eicis
1055 2099 1185 2160 animum

71 2187 164 2244 prorsus
187 2119 224 2234 ab
251 2175 368 2256 Angeli
394 2191 531 2234 sermone
558 2185 733 2233 averterent.
791 2173 853 2234 Sed
882 2195 982 2235 ausam
1010 2176 1184 2255 praecidens

71 2249 197 2310 turbariis
222 2252 395 2312 rationibus
419 2269 451 2310 se
476 2247 568 2330 ipsam
593 2249 625 2310 iu
652 2249 826 2329 obsequium
853 2251 944 2334 cogit.
985 2253 1086 2332 Atque
1112 2253 1184 2314 haec

71 2339 121 2379 ren
140 2336 180 2384 est
202 2327 276 2388 fidei
300 2326 461 2410 probatio,
493 2326 561 2385 dum
587 2324 759 2386 cohibemus
778 2338 902 2387 mentes
920 2341 1035 2388 nostras
1056 2341 1086 2395 et
1104 2329 1186 2392 velut
1297 2320 1305 2338 ⁸

72 2397 172 2474 captivas
190 2415 347 2480 tenemus,
374 2423 412 2463 ue
433 2403 489 2462 hoc
507 2401 555 2462 sel
574 2400 649 2462 illud
668 2401 735 2462 Deo
757 2421 911 2492 opponere
930 2405 1074 2478 audeant,
1091 2405 1184 2467 sicuti

70 2491 159 2537 nusum
183 2479 371 2542 infidelitatis
396 2490 490 2539 mater
514 2490 558 2538 est
574 2478 661 2548 ¹disce
684 2477 766 2538 tandi
790 2478 917 2538 licentia.
960 2479 1023 2540 Nec
1049 2481 1113 2543 leve
1138 2482 1182 2543 his

72 2549 145 2612 urhis
166 2555 243 2616 inest
269 2557 407 2638 pondus,
436 2557 517 2615 Ecce
537 2554 642 2614 ancilla
661 2499 798 2612 llomiui:
827 2573 859 2613 se
879 2553 957 2614 enim
976 2566 1070 2616 totam
1090 2557 1184 2618 offert

72 2620 170 2688 Decet
193 2634 323 2708 addicit,
357 2643 391 2692 ut
415 2631 464 2692 ille
488 2631 552 2691 iure
576 2650 630 2689 suo
650 2628 744 2688 libere
764 2641 871 2688 utatur.
910 2629 1086 2690 Subduruut
1105 2633 1184 2692 euim

74 2718 96 2756 se
110 2701 242 2770 increduli
262 2711 301 2770 ab
324 2709 388 2770 eius
406 2729 511 2783 manu,
529 2718 566 2767 'et
585 2717 726 2784 quantum
746 2705 829 2766 inse
849 2716 893 2765 est
913 2725 987 2785 opus
1007 2705 1069 2766 eius
1088 2707 1184 2788 impe-

75 2773 145 2839 diunt
170 2782 258 2848 Fides
279 2798 381 2848 autem
400 2805 455 2844 nos
474 2785 549 2845 sistit
566 2783 646 2857 Deo,
666 2793 699 2840 ut
718 2795 836 2864 praesto
855 2781 943 2842 simus
963 2783 1000 2842 ad
1012 2784 1184 2874 paiaudum.

75 2849 252 2938 Quantitas
273 2861 384 2924 ancilla
395 2861 516 2921 Domini
539 2859 593 2920 suit
612 2869 712 2935 sancta
731 2860 828 2946 virgo,
846 2859 914 2939 quia
934 2857 1110 2921 obedienter
1122 2861 1184 2923 eins

74 2933 174 3018 tuperio
192 2960 222 2999 se
242 2939 383 3013 subiecit,
402 2938 481 2998 nulla
501 2937 632 2998 deterior
652 2936 836 3001 coutumacia
857 2947 901 2996 est
942 2957 1007 2998 uam
1026 2936 1183 3021 fugitando

74 3000 105 3062 tt
120 3029 230 3092 negare,
249 3016 335 3097 quod
355 3027 485 3074 meretur
504 3034 538 3073 ac
557 3011 687 3093 postulat
707 3013 890 3093 obsequium.
919 2957 1057 3094 benique
1077 3015 1183 3078 utsola

76 3077 131 3141 bles
150 3108 201 3151 uus
226 3093 397 3174 morigeros
416 3091 484 3150 Deo
503 3111 602 3152 servos
622 3089 732 3164 reddit,
762 3102 794 3150 et
810 3090 901 3154 tradit
918 3089 950 3149 in
970 3091 1031 3152 eius
1072 3105 1183 3153 otesta-

76 3162 128 3233 Μ,
144 3161 179 3224 iu
196 3168 356 3231 infidelitas
376 3165 501 3228 rebelles
520 3178 551 3227 et
566 3165 730 3248 transfugas
743 3165 822 3226 lacit
851 3165 923 3226 Fra
933 3163 1011 3226 asili.
1066 3169 1182 3230 isacium

75 3240 161 3311 t¹poni
189 3257 290 3322 potest
314 3247 373 3305 boc
397 3244 577 3318 membrum,
615 3241 663 3303 rel
688 3243 768 3321 quod
791 3255 891 3303 sancta
915 3243 1001 3326 virgo
1023 3246 1119 3306 statim
1145 3247 1182 3308 ad

77 3321 129 3394 {⁰1²
149 3329 175 3376 tl
197 3341 303 3400 preces
329 3341 362 3381 se
388 3329 555 3392 convertat,
583 3316 630 3380 vel
656 3320 737 3397 quod
755 3339 817 3379 uuo
838 3331 976 3380 contextu
995 3341 1027 3381 se
1046 3321 1114 3383 Deo
1133 3343 1182 3384 re-

78 3403 169 3473 flflssare
191 3405 224 3458 a'c
250 3397 371 3459 tradere
391 3417 445 3478 per
466 3408 505 3455 at.
542 3395 610 3478 Ego
629 3392 801 3476 simpliciter
819 3396 1015 3476 interpretor,
1046 3399 1126 3477 quod
1145 3401 1183 3460 de

77 3473 162 3548 tutute
185 3473 244 3534 Dei
262 3494 418 3555 persuasa,
446 3417 633 3551 fibenterque
653 3491 683 3532 se
706 3492 777 3532 uens
798 3492 858 3552 quo
878 3484 979 3548 vocat,
1006 3475 1091 3534 simul
1109 3497 1182 3556 pro-

79 3541 183 3606 flssslonl
206 3552 268 3612 eius
294 3549 468 3622 subscribit,
499 3561 587 3630 atque
614 3547 655 3608 ita
674 3559 814 3626 enectum
833 3569 896 3610 non
915 3551 1006 3612 modo
1026 3563 1184 3633 exspectat,

78 3615 116 3673 lid
131 3622 209 3686 ellam
230 3627 339 3709 cupide
360 3626 478 3708 expetit.

110 3771 161 3852 (b)
198 3781 300 3850 Luc.
324 3783 348 3852 l·
390 3783 441 3850 39.
463 3781 644 3867 Exsurgens
665 3791 771 3854 autem
791 3781 897 3852 Maria
918 3786 952 3849 in
974 3781 1090 3850 diebus
1110 3782 1184 3864 illis,

83 3863 142 3977 {llll
164 3879 195 3948 lu
215 3893 368 3950 montana
393 3905 463 3954 cram
486 3867 691 3952 festinatione
712 3884 746 3946 in
769 3885 927 3956 civitatem
948 3885 1041 3963 luda,
1072 3885 1122 3952 40.
1144 3887 1186 3953 Et

82 3979 185 4044 unuh
210 3985 244 4050 iu
270 3983 400 4054 domum
424 3983 599 4047 Zachariae
622 4003 660 4047 ao
680 3981 830 4050 salutavit
849 3985 1038 4064 Elisabeth,
1070 3987 1123 4059 41,
1142 3989 1185 4055 Et

85 4063 176 4176 lactan
202 4096 265 4163 est,
296 4095 334 4148 ut
355 4083 476 4150 audivit
496 4083 665 4152 Elisabeth
686 4083 910 4153 salutationem
930 4089 1070 4168 Mariae,
1101 4089 1187 4158 saliit

85 4168 168 4240 ulam
187 4182 219 4248 iu
238 4194 334 4249 utero
356 4183 454 4264 illius,
475 4195 508 4252 et
527 4184 652 4272 repleta
674 4196 722 4252 est
743 4187 865 4274 Spiritu
884 4200 994 4256 sancto
1009 4187 1186 4270 Elisabeth,

88 4265 491 4370 &Exclamavitque‘voce
512 4307 640 4371 magua,
672 4294 703 4352 et
724 4286 817 4365 dixit,
848 4289 1027 4356 Benedicta
1046 4301 1080 4356 tu
1102 4296 1187 4358 iuter

89 4371 219 4465 muheres,
238 4397 272 4454 ot
291 4383 484 4459 benedictus
504 4386 627 4491 frustras
647 4390 771 4458 ventris
788 4391 843 4459 tui.
882 4391 933 4458 43.
953 4391 995 4458 Et
1016 4391 1104 4460 uude
1125 4395 1189 4464 boc
