2768 4856
215 286 322 334 xxvau
375 297 378 304 v
620 205 984 330 10.ctbvnt1vtta

165 407 170 436 ¹
214 435 261 487 tus
280 424 361 486 domi
378 421 566 493 niutaverat,
584 417 700 482 deinde·
712 421 749 483 ad
767 441 799 482 se
817 431 953 484 vocsmm
972 418 1222 482 doceremeliora
1240 417 1381 480 fuerat

214 513 348 564 conatus.
383 500 426 559 bt
442 499 513 574 ille,
532 499 598 558 sive
618 497 781 559 ambitione
798 497 958 562 monufiea
1000 497 1123 572 ercitus,
1141 493 1260 558 stveub
1287 495 1378 556 illis

188 571 193 582 ⁴
213 577 343 638 factiosis
362 577 418 636 iam
439 575 532 636 ridcm
553 574 776 654 quaerentibus,
795 597 851 655 per
869 593 955 654 quem
976 519 1131 636 balvintun
1150 572 1376 664 lacesserent,

212 654 364 729 incitatos,
391 593 486 788 palam
514 651 633 710 tandem
664 651 872 716 ansus'estin
897 651 962 732 ipso
986 649 1226 732 congregauonis
1246 661 1374 710 coetu

92 755 102 762 ·
213 731 295 792 XVI.
316 729 395 790 Octo
418 751 458 802 r.‚
485 733 573 808 qn‘um
593 727 643 788 ille
662 727 782 788 Ioannis
801 728 884 789 locus
904 727 1098 824 explicaretur
1134 726 1193 810 Qui
1209 747 1251 786 ea·
1271 725 1372 786 Deo

59 2319 88 2331 Γ
203 2275 331 2336 poenam
350 2255 491 2331 minatus,
520 2253 544 2316 si
568 2274 603 2316 ve

183 822 268 882 ω,
304 803 474 866 verdoDsi
499 801 754 884 oudit,'esquio
776 825 836 864 non
858 803 981 878 aradus,
1017 825 1060 864 eae
1173 823 1233 864 saon
1258 806 1367 877 esses,

211 883 338 944 liberum
359 880 520 943 *arbitrium
550 892 581 942 et
611 899 734 961 operum
763 880 977 961 praevisionem
1010 880 1047 941 ad
1080 890 1216 942 aeternae
1247 901 1368 960 prae-

212 957 414 1021 destinationis
438 959 587 1018 decretum
611 957 816 1033 evertendum,
854 957 974 1018 adiectis
1000 967 1152 1037 praeterea
1177 955 1209 1016 in
1235 977 1364 1016 veram

211 1036 376 1110 doctrinam
395 1033 589 1108 contumeliis,
607 1032 681 1094 lastu
703 1053 740 1093 ue
758 1033 997 1094 mereiseditidso
1017 1031 1282 1114 prolerrea'idque
1308 1053 1362 1093 eo

210 1122 244 1172 ut
262 1111 438 1180 existimatur
456 1109 602 1185 audacius,
622 1055 702 1190 qnod
721 1110 803 1174 sorte
810 1109 965 1172 Calvinum
983 1130 1036 1170 sno
1056 1109 1124 1170 loco
1145 1129 1207 1168 non
1225 1109 1361 1170 seden-

208 1200 271 1250 tem
290 1187 390 1250 abesse
410 1186 553 1248 crederet
590 1187 631 1246 Et
657 1184 758 1248 aberat
784 1186 902 1266 quidem
925 1187 975 1246 ille
994 1185 1101 1258 initio„
1129 1184 1189 1246 Sed
1214 1205 1252 1246 eo
1274 1207 1358 1246 ser-

126 1261 129 1270 “
208 1285 329 1326 monem
358 1263 390 1323 in
412 1281 492 1324 sesso
519 1261 728 1343 superveniens
749 1283 834 1354 pone
854 1263 931 1324 'alios
955 1259 1115 1323 nonnullos
1139 1281 1203 1322 sese
1233 1261 1356 1322 eonti-

208 1351 322 1402 nuerat.
396 1339 476 1400 inita*
506 1337 643 1400 monachi
681 1350 817 1414 oratione
839 1337 979 1400 ¹Calvinus
1017 1349 1140 1418 repente
1179 1357 1357 1418 apparens,

228 1416 339 1478 ¹uasnrvis
362 1415 449 1496 plane
473 1414 547 1476 nibil
571 1426 656 1476 antea
679 1414 739 1475 tale
763 1415 933 1491 meditatus,
964 1426 1025 1474 tum
1052 1426 1132 1475 certe
1157 1414 1182 1474 si
1201 1435 1351 1494 unquam

207 1435 277 1554 bias
297 1492 348 1574 qui
365 1492 410 1554 vlr
429 1490 662 1554 essettosnndtt.
700 1491 853 1570 Siquidem
871 1492 952 1552 illum
972 1502 1018 1552 tot
1036 1490 1119 1550 verbi
1139 1489 1229 1553 divini
1247 1491 1352 1551 testi-

206 1570 328 1644 moniis,
346 1581 393 1630 tot
411 1567 569 1650 Augustini
588 1568 759 1648 praesertim
778 1567 867 1644 locis,
886 1580 933 1630 tot
950 1568 1077 1647 denique
1096 1577 1213 1647 tamque
1233 1567 1349 1648 gravi-

206 1645 262 1708 bus
287 1646 466 1728 argumentis
490 1642 670 1718 confutavit,
699 1645 839 1722 perculit,
871 1643 985 1720 obruit,
1016 1655 1049 1722 ut
1080 1663 1180 1704 omnes
1213 1653 1349 1723 praeter

206 1722 216 1780 i
239 1732 363 1782 suasmet
382 1720 539 1812 perfrictae
558 1719 665 1782 icontie
684 1720 860 1784 monachum
879 1721 969 1800 ipsius
988 1721 1179 1780 vehementer
1196 1716 1345 1800 puderet.

235 1799 319 1859 derat
337 1797 368 1858 in
387 1817 452 1877 rpso
472 1795 651 1856 audientium
671 1808 759 1858 coetu
777 1797 963 1858 Assessorum
982 1796 1132 1857 Praetoris
1150 1817 1235 1871 unus,
1255 1817 1345 1876 qno-

205 1895 269 1936 rum
289 1873 320 1934 in
339 1873 413 1935 urbe
432 1873 476 1936 ius
494 1871 698 1953 prehensiouis
718 1885 770 1934 est.
808 1874 837 1935 Is
857 1873 937 1934 illum
950 1873 1069 1934 dimisso
1084 1885 1171 1934 coetu
1190 1883 1343 1964 tanquam

204 1949 376 2012 seditiosum
395 1951 426 2022 in
439 1949 599 2010 custodiam
617 1948 715 2009 tradit.
755 1949 837 2024 Quid
857 1951 960 2030 plura?
999 1949 1094 2011 Causa
1114 1948 1211 2009 multis
1231 1951 1342 2028 dtspu-

194 2025 366 2088 'tationibus
385 2025 504 2108 agitata,
522 2025 648 2086 Senatus
660 2025 877 2088 Helveticarum
896 2027 984 2088 etiam
1004 2025 1189 2088 ecclesiarum
1207 2038 1342 2086 senten-

204 2103 276 2167 tiam
318 2113 502 2164 ercunctatus
520 2101 603 2162 illum
622 2111 684 2160 tum
703 2114 736 2162 ut
754 2102 940 2179 seditiosum,
959 2114 1021 2164 tum
1039 2114 1072 2163 ut
1090 2123 1172 2163 mere
1191 2101 1340 2194 Pelagia-

203 2199 275 2238 num
366 2179 406 2239 ll.
424 2178 584 2243 Decembc.
604 2177 724 2314 publice
743 2181 909 2242 munitum
929 2180 1002 2241 urbe
1021 2177 1147 2270 expulit,
1159 2177 1338 2240 lustnarsam

640 2254 671 2314 in
691 2255 765 2318 urbe
783 2255 831 2317 vel
849 2256 881 2318 in
901 2255 981 2316 urbis
1001 2255 1151 2316 tertrtorio
1177 2267 1255 2316 esset
1275 2257 1337 2316 de-

202 2330 374 2412 prehensus.
417 2332 485 2412 Ipse
508 2341 611 2412 postea
640 2329 672 2390 in
701 2331 829 2394 vicinum
859 2333 1000 2422 oppidum
1028 2332 1193 2412 demigrans
1223 2331 1337 2393 multas

111 2435 123 2446 ·-
201 2427 381 2499 magnasque
399 2408 499 2470 turbas
518 2407 614 2484 dedit,
652 2407 748 2470 donec
767 2407 912 2472 Beruensr
935 2429 1052 2488 quoque
1079 2409 1191 2468 ditione
1217 2407 1335 2488 pulsus,

200 2483 396 2546 Ministersnm
415 2485 446 2546 in
467 2483 588 2546 Gallicis
606 2482 735 2546 eeclesiis
754 2484 900 2576 ambiens,
922 2505 1000 2564 quas
1024 2496 1086 2544 tum
1106 2484 1239 2564 pacifices
1259 2485 1333 2546 sore

138 2577 140 2582 ·
200 2560 333 2642 putabat,
350 2561 497 2630 Lutetiam
516 2560 642 2640 primum
661 2561 789 2642 indeque
798 2560 947 2623 Aureliam
967 2561 1093 2636 veniret,
1112 2561 1331 2639 poenitentiam

201 2636 281 2698 mitis
300 2638 410 2700 artibus
429 2637 581 2713 simulans,
610 2636 749 2717 ultroque
773 2657 840 2702 eum
860 2637 1030 2700 Genevensi
1049 2631 1170 2698 ecclesia
1188 2639 1331 2699 reconci-

198 2713 350 2776 liationem
370 2726 490 2795 petens,
521 2714 601 2794 quod
626 2731 715 2848 quum
739 2733 772 2774 re
788 2715 853 2804 ipsa
873 2711 1060 2806 praestiturus
1078 2712 1242 2804 videretur,
1273 2715 1330 2774 ubi

200 2801 305 2850 contra
325 2811 411 2870 quam
429 2802 561 2884 sperarat
579 2810 630 2850 ecc
644 2810 716 2850 esras
736 2791 828 2871 affligi
848 2789 1065 2866 animadvertit,
1084 2802 1210 2870 repento
1228 2792 1328 2852 medi-

201 2867 266 2940 cina
286 2869 322 2926 ad
343 2868 440 2926 hostes
459 2865 614 2948 Evangelii
632 2866 785 2926 manifesta
805 2865 972 2930 desectione
997 2869 1103 2944 (more
1123 2887 1242 2946 quoque
1263 2867 1326 2928 Ca-

198 2941 315 3003 nonieis
335 2941 649 3023 Augustodnnensibus
675 2941 727 3021 [iss
745 2941 814 3002 esdr
831 2941 956 3024 Arum]
983 2945 1152 3021 prostituta)
1180 2944 1328 3021 transivit,

199 3017 278 3078 unde
308 3039 387 3078 nunc
417 3018 505 3078 etiam
530 3018 634 3096 quibus
656 3029 758 3114 potest
781 3019 939 3082 maledicus
969 3020 1121 3084 veritatem
1153 3019 1325 3099 proscindit.

92 3157 99 3175 ¹
198 3093 241 3156 At
260 3093 401 3154 Genavae
420 3093 533 3162 interea
553 3094 640 3157 Colle
673 3115 721 3154 um
739 3095 937 3160 ministrorum
961 3096 993 3162 in
1018 3095 1137 3175 publico
1161 3109 1251 3158 coetu
1269 3119 1324 3158 ve-

197 3191 261 3230 rant
285 3169 322 3230 de
346 3170 612 3250 praedestinatione
657 3172 800 3236 octrinam
829 3171 965 3247 asseruit,
1002 3172 1181 3253 publicoque
1208 3171 1324 3254 scripto

198 3245 337 3338 deinepps
356 3267 372 3308 a
393 3243 519 3312 Calvino
543 3247 784 3327 comprehensam
810 3248 1026 3328 comprobavit:
1067 3249 1124 3312 boc
1150 3273 1169 3308 u
1259 3249 1323 3312 istis

92 3359 100 3374 ·
198 3321 322 3386 dissidus
340 3335 523 3415 consequuta
542 3323 668 3399 Satam,
697 3335 733 3384 ut
756 3325 927 3416 eaputbnc.
951 3324 1133 3388 Christianae
1156 3345 1188 3385 re
1200 3325 1324 3408 igionis,

197 3411 285 3490 autea
304 3399 554 3490 qbscursssqmum‚
580 3400 737 3466 dilucidum
761 3419 1005 3484 perspicuumque
1031 3403 1143 3471 cuneus
1162 3421 1226 3464 non
1242 3423 1318 3466 con..

196 3482 331 3538 tentione
352 3489 483 3540 evaserat
521 3522 523 3540 .
558 3513 570 3544 a

194 3714 254 3768 n
271 3630 618 3798 lutitant
634 3632 1319 3789 tessultnttevu‘nnt:

192 3803 258 3844 rum
277 3782 386 3854 tudrcm
406 3783 565 3854 dannatus.
587 3786 706 3846 Etenim
722 3786 863 3866 tum.ipsa
880 3787 1062 3866 quaestionis
1079 3788 1213 3848 nemum
1231 3799 1318 3850 antea

192 3858 261 3922 satis
280 3879 297 3918 a
312 3859 463 3948 plerisque
480 3861 629 3928 ,veteribus
647 3861 816 3943 explicatas,
835 3883 891 3924 nec
910 3864 1016 3926 eodem
1034 3861 1151 3954 sernp'er
1165 3863 1244 3924 exitu
1251 3867 1315 3946 agi,

192 3943 272 3995 tatae
291 3934 444 4004 difficultas
470 3935 584 4004 curiosa
606 3940 778 4017 praesertim
802 3939 812 3998 i
855 3939 929 4002 enit
945 3942 983 4002 ad
1008 3941 1069 4008 boo
1089 3959 1185 4018 ipsum
1203 3941 1314 4020 disqui-

192 4008 316 4070 rendum
336 4012 526 4086 acceudebat,
548 4023 610 4074 tum
630 4015 744 4080 suetinsi
755 3959 1015 4152 pnbcsslarameibi
1034 4015 1162 4098 oblitus
1182 4017 1313 4079 noento..

160 4135 162 4140 .
191 4105 261 4156 uem
281 4087 317 4150 ad
337 4087 436 4152 omnia
455 4087 580 4160 Calvino
600 4087 703 4154 eice-to'
721 4113 754 4158 su
776 4093 917 4157 vertenda
938 4093 1104 4173 putabunt¹
1121 4093 1237 4184 ltaque
1257 4093 1314 4154 dici

86 4184 88 4196 ⁸
168 4197 169 4202 κ
191 4182 254 4222 non
275 4173 383 4254 potest,
403 4185 477 4254 quae
497 4185 559 4228 non
578 4166 609 4228 in
630 4167 702 4228 urbe
718 4179 844 4246 'tanum
863 4189 964 4234 verum
980 4169 1068 4238 diam
1078 4169 1156 4233 uun
1169 4181 1313 4248 ostroque,

189 4237 283 4299 veluti
300 4260 325 4299 ss
344 4239 492 4304 classreuna
512 4241 574 4321 ipse
595 4242 686 4308 Satan
705 4244 873 4322 cecinisset,
900 4241 1107 4310 contentibnes
1130 4244 1312 4308 sinteonse-

167 4396 170 4404 A
191 4325 306 4394 quutae.
338 4317 402 4394 lltsi
421 4317 497 4380 enim
539 4317 620 4380 ulcre
638 4319 717 4384 iuter
733 4309 955 4402 praboipuarum
974 4323 1161 4384 ecelesiarum
1181 4331 1312 4402 pastores

190 4389 401 4469 conveniebat,
429 4413 492 4459 uon
512 4339 635 4463 deerant
651 4407 750 4464 tamen
774 4399 825 4476 qvi
844 4398 876 4466 in
894 4398 995 4462 vicinis
1014 4398 1174 4462 bernensis
1194 4398 1311 4462 ditionis
