2766 4834
1025 152 1032 184 l
1141 153 1148 181 t

206 209 246 308 aa
384 235 536 300 SECTIO
557 235 614 298 [Π.
652 235 728 298 uso
748 249 902 299 uernans
922 249 965 296 ar
985 235 1159 299 maanus.

206 393 367 459 secuudum
385 391 472 475 Legis
491 391 718 472 praescriptum,
738 389 818 470 quod
835 389 1035 451 Numerorum
1055 411 1117 471 cap.
1137 395 1171 464 6,
1194 396 1222 454 4.
1241 389 1342 451 habc-

205 483 263 532 tur.
308 471 417 536 Sensus
442 488 516 550 ergo
541 479 598 528 est:
629 467 743 528 tantctsi
768 466 1040 548 mctu'compulsus
1065 467 1155 528 luerit
1173 467 1282 548 Ioseph
1304 467 1342 527 in

204 547 343 630 angulum
370 545 536 618 Galilaeae,
565 545 649 604 altius
672 557 771 603 tamen
797 543 884 602 luisse
903 545 962 604 Dei
983 543 1151 618 consilium,
1181 555 1211 603 et
1230 545 1341 603 urbem

202 623 350 684 Nazareth
376 622 494 683 Christo
519 621 607 681 fuisse
635 621 815 694 ordinatam,
847 620 879 679 in
905 641 961 700 qua
986 620 1145 694 habitaret,
1175 631 1208 678 ut
1226 621 1340 680 merito

204 702 287 774 serre⁴
308 710 409 779 posset
431 719 541 758 nomen
567 698 717 758 Nazaraei.
763 698 874 757 Verum
900 696 1064 776 quaeritur,
1093 695 1235 776 aquibus
1256 697 1340 756 Pro-

203 777 300 860 phetis
320 795 430 834 nomen
449 775 507 836 hoc
525 774 691 854 impositum
713 775 802 834 suerit
820 771 950 849 Christo,
971 795 1059 852 quum
1079 795 1133 832 nus
1156 795 1222 832 uam
1242 785 1341 834 exstet

200 853 262 913 tale
286 852 497 916 testimouium:
539 851 723 926 Quibusdam
748 849 883 911 'sulficere
909 849 1040 922 videtur,
1072 795 1154 929 quod
1179 850 1245 910 Scri
1270 861 1340 910 tura

202 929 375 1007 frequenter
403 928 543 988 Sanctum
573 933 675 1002 votet,
712 927 765 987 sed
796 926 867 990 haec
898 927 984 988 nimis
1014 926 1119 1008 frigida
1146 938 1189 986 est
1214 872 1338 986 solutio.

202 1005 368 1064 Matthaeus
393 1005 471 1064 enim
491 1006 544 1084 (ut
563 1004 712 1082 videmus)
733 1003 841 1063 insistit
859 1003 889 1062 iu
909 1024 984 1064 voce
1003 1003 1081 1083 ipsa,
1114 1015 1143 1062 et
1163 1002 1199 1062 ad
1219 1014 1339 1062 veteres

202 1081 368 1142 Nazaraeos
386 1080 521 1160 respicit,
550 1101 674 1172 quorum
694 1078 848 1161 peculiaris
868 1091 931 1139 erat
950 1079 1102 1154 sanctitas,
1133 1079 1190 1138 acsi
1211 1080 1339 1154 diceret,

203 1157 369 1236 oportuisse
395 1156 538 1246 compleri
555 1179 586 1216 rn
608 1156 717 1217 Christi
737 1173 878 1236 persona,
909 1156 991 1236 quod
1010 1168 1081 1216 tune
1099 1156 1156 1215 suit
1176 1155 1339 1216 adumbra-

201 1245 264 1294 tum
284 1233 315 1292 in
333 1233 499 1308 Nazaraers,
519 1233 569 1312 qui
589 1245 674 1294 eraut
691 1232 774 1295 velut
789 1233 915 1294 selectae
934 1234 1003 1294 Deo
1023 1232 1192 1312 primitiae.¹
1217 1233 1338 1296 Viden-

203 1309 271 1370 dum
291 1311 388 1369 tameu
408 1321 507 1383 restat,
527 1309 645 1368 ubinam
666 1307 842 1370 tradiderint
856 1309 1036 1390 Prophetae,
1055 1309 1113 1368 hoc
1133 1309 1199 1370 sore
1212 1309 1338 1370 Christo

188 1389 323 1445 'nomem
360 1383 597 1466 Chrysostomus,
617 1385 683 1465 quia
702 1387 813 1446 nodum
833 1385 947 1446 solvere
967 1408 1030 1446 non
1049 1397 1158 1465 potest,
1178 1385 1339 1460 abscindit,

200 1462 308 1522 multos
333 1460 549 1552 Prophetarruu
575 1461 883 1538 libros-intercidisse.
929 1463 989 1523 Sed
1014 1463 1168 1542 responsio
1188 1460 1238 1521 illa
1259 1463 1339 1520 nihil

200 1538 291 1599 hab'et
310 1536 432 1598 coloris:
453 1537 535 1618 quia,
556 1538 610 1598 etsi
628 1538 791 1613 Dominus,
811 1551 845 1601 ut
862 1539 969 1599 veteris
988 1538 1092 1619 populi
1110 1537 1257 1618 ignaviam
1277 1561 1338 1618 pu-

199 1615 295 1690 niret,
320 1634 386 1674 eum
406 1615 502 1694 aliqua
522 1614 692 1696 Scripturas
712 1627 796 1696 parte
816 1615 946 1690 orbavit,
969 1614 1017 1674 vel
1036 1616 1162 1674 resecuit
1182 1635 1257 1706 quae
1277 1615 1337 1674 mi-

158 1737 164 1750 .
201 1712 255 1750 uus
280 1691 568 1766 necessaria‘eraut,
597 1711 613 1751 a
640 1689 749 1750 Christi
773 1701 872 1750 tamen
898 1692 1025 1751 adventu
1049 1690 1121 1750 nihil
1142 1699 1144 1706 '
1169 1691 1245 1750 eriit.
1294 1693 1338 1750 Et

199 1767 304 1827 inscite
322 1767 353 1826 iu
374 1762 439 1829 ehm
458 1788 520 1826 rem
540 1766 694 1827 adducitur
712 1768 832 1846 Iosephi
853 1767 951 1843 locus,
982 1766 1035 1826 ubi
1055 1767 1126 1826 dicit
1145 1711 1219 1828 duos
1239 1765 1337 1829 libros

201 1843 239 1918 ab
269 1843 426 1904 Ezechiele
452 1843 571 1904 relictos
597 1864 668 1904 esse.
725 1845 801 1905 Nam
827 1845 905 1924 quod
930 1843 1105 1906 vaticinatur
1128 1843 1268 1903 Ezechiel
1296 1846 1338 1905 de

198 1937 279 1980 novo
300 1919 411 2002 templo
431 1931 462 1979 et
479 1941 575 2002 regno
595 1941 611 1980 a
631 1920 780 2001 prioribus
800 1921 945 1980 vaticiniis
966 1932 1066 2000 aperte
1088 1919 1258 1980 distinctum
1279 1934 1338 1996 est,

199 2008 230 2056 et
249 1996 342 2056 efficit
361 1997 442 2078 quasi
462 2017 571 2058 novum
588 2017 707 2076 corpus.
748 1996 864 2072 Quodsi
884 1997 973 2057 hodie
992 1996 1163 2077 superstites
1184 2017 1218 2056 ac
1237 1997 1338 2059 salvos

197 2071 337 2134 hahemus
357 2093 458 2133 omues
477 2071 639 2152 scripturae
658 2072 762 2150 libros,
782 2072 831 2154 qui
852 2073 994 2134 Matthaei
1014 2085 1149 2152 tempore
1170 2073 1337 2150 exstabant,

196 2169 317 2208 necesse
338 2161 381 2210 est
399 2149 507 2210 alicubi
525 2149 675 2224 invenire,
696 2149 777 2230 quod
797 2150 868 2210 citat
886 2149 1102 2230 Prophetarum
1122 2149 1337 2210 testimonium.

196 2224 367 2287 Rectissime
391 2237 498 2286 autem·
516 2226 646 2286 omnium
665 2227 796 2286 Bucerus
815 2225 937 2286 sensisse
957 2226 1027 2286 mihi
1050 2226 1182 2300 videtur,
1213 2227 1264 2306 qui
1285 2227 1337 2287 lo-

197 2323 263 2372 cum
284 2302 352 2362 cxl
374 2301 470 2362 dicum
491 2323 554 2382 cap.
575 2311 628 2378 13,
652 2310 680 2368 5.
700 2304 798 2363 notari
820 2301 971 2364 existimat.
1010 2301 1075 2362 Illic
1095 2303 1213 2382 quidem
1233 2325 1337 2364 sermo

196 2375 323 2440 hahetur
364 2379 542 2439 eSimsone:
561 2378 614 2440 scd
655 2380 703 2440 uia
721 2381 897 2462 redemptor
911 2377 1014 2460 populi
1034 2400 1096 2438 non
1115 2391 1240 2438 vocatur
1251 2380 1336 2440 Sim-

195 2473 262 2528 son,
281 2453 337 2514 nisi
358 2467 499 2535 quatenus
520 2455 613 2546 figura
634 2401 744 2516 Christi
764 2455 838 2530 suit,
859 2466 889 2516 et
908 2455 983 2516 salus
1004 2455 1067 2515 eius
1086 2475 1174 2514 manu
1194 2467 1225 2516 et
1244 2456 1337 2516 mini·

196 2531 288 2590 sterio
320 2531 406 2591 allata
435 2532 590 2592 umbratile
620 2533 767 2622 quoddam
799 2532 982 2613 praeludium
1008 2532 1064 2591 fuit
1088 2531 1193 2610 plenae
1221 2533 1337 2608 salutis,

218 2627 272 2666 uae
301 2609 420 2668 taudem
444 2608 571 2668 exhibita
595 2609 652 2668 suit
674 2611 784 2669 mundo
811 2629 866 2688 per
889 2609 996 2668 Filium
1020 2608 1094 2668 Ilei:
1127 2608 1193 2687 quic
1216 2609 1268 2668 uid
1296 2611 1336 2670 de

194 2627 331 2744 dimsoue
351 2684 383 2744 in
402 2682 512 2746 bonam
532 2696 646 2764 partem
666 2687 815 2764 praedicat
835 2685 1005 2765 Scriptura,
1035 2685 1098 2744 iure
1120 2685 1156 2744 ad
1177 2630 1335 2748 Christum

193 2761 379 2824 transfertur.
424 2759 457 2818 Si
482 2761 545 2841 quis
571 2761 675 2820 clarius
695 2761 792 2836 malit,
822 2759 956 2822 Christus
976 2760 1146 2843 primarium
1167 2774 1212 2820 est
1228 2783 1335 2834 exem-

217 2833 273 2892 lar:
305 2834 423 2895 Simson
448 2847 544 2894 autem
569 2835 694 2896 inferior
718 2837 775 2896 fuit
798 2839 956 2919 antitypus.
994 2839 1077 2920 Ergo
1099 2858 1188 2916 quum
1210 2839 1336 2898 indutus

193 2853 251 2968 iuis
269 2909 463 2992 redemptoris
484 2932 625 2991 persona,
644 2913 794 2974 sciendum
815 2926 873 2989 est,
893 2912 1004 2973 nullum
1025 2935 1060 2973 ex
1080 2913 1202 2996 elogiis,
1223 2913 1336 3006 quibus

192 2986 375 3064 praeclarum
402 2999 431 3046 et
454 3007 524 3048 vere
549 2988 677 3049 divinum
702 2988 775 3050 illud
800 3011 905 3050 munus
926 3003 1062 3050 umatum
1082 2989 1152 3064 suit,
1181 2990 1212 3049 in
1233 3012 1337 3070 ipsum

193 3073 253 3121 tam
272 3063 394 3152 proprie
414 3083 498 3142 quam
520 3063 550 3123 iu
572 3061 721 3127 Christum
741 3077 920 3148 competere.
959 3065 1107 3126 Libabaut
1126 3067 1205 3146 enim
1225 3067 1337 3130 Patres

192 3138 404 3220 redemptionis
445 3140 557 3216 ratiaur,
577 3163 663 3221 quam
682 3143 769 3205 nobis
789 3143 820 3203 in
835 3143 954 3204 Christo
977 3143 1013 3202 ad
1033 3143 1152 3222 plenum
1173 3143 1256 3222 perci
1281 3165 1336 3204 ere

194 3213 293 3274 datum
318 3227 370 3275 est.
415 3159 515 3294 guod,
532 3231 628 3278 autem
652 3219 817 3300 Prophetas
867 3219 951 3278 lurali
977 3239 1100 3278 numero
1125 3219 1226 3300 posuit
1250 3165 1337 3280 tilac-

192 3289 311 3366 thaeus,
346 3291 436 3353 facilis
463 3305 506 3354 est
531 3295 690 3356 excusatio:
723 3297 790 3376 quia
821 3241 897 3354 hier
920 3295 969 3355 ille
994 3296 1128 3356 Indicum
1153 3317 1171 3356 a
1216 3295 1336 3356 Iuribus

191 3365 350 3452 Prophetis
368 3371 548 3450 compositus
569 3371 632 3431 suit.
670 3373 738 3453 Ego
759 3384 858 3432 tamen
879 3373 958 3451 quod
978 3371 1025 3432 hic
1045 3373 1171 3432 habetur
1191 3317 1229 3431 de
1250 3373 1333 3432 Pro-

191 3443 287 3524 phetis
307 3445 394 3524 ¹latius
418 3459 519 3526 patere
544 3448 682 3508 arbitror.
733 3449 843 3528 loseph
868 3447 945 3508 enim
971 3449 985 3528 (
1017 3447 1047 3508 ui
1070 3449 1243 3529 temporalis
1271 3447 1335 3507 fuit

145 3532 149 3542 ’
186 3533 325 3582 servator
349 3523 499 3584 Ecclesiae
544 3536 575 3584 et
597 3523 695 3584 multis
718 3525 851 3585 modisfi
894 3546 955 3584 ram
976 3471 1088 3592 Christi
1107 3524 1247 3607 gestavit,
1279 3525 1334 3584 vel

190 3597 288 3676 potius
313 3599 375 3660 viva
402 3600 458 3659 suit
484 3568 544 3662 eius
569 3602 686 3683 iurago)
711 3613 833 3665 vocatur
889 3623 1025 3662 azaraeus
1053 3603 1175 3661 fratrum
1194 3621 1335 3676 suorum,

191 3674 268 3734 Gen.
288 3683 341 3750 49,
369 3683 416 3742 td
437 3688 467 3737 et
485 3676 576 3738 Deut-
594 3683 647 3752 33,
670 3683 717 3742 16·
774 3678 856 3738 Deus
882 3698 914 3738 er
937 3698 954 3737 o
981 3677 1111 3738 eximiam
1139 3675 1335 3760 dignitatem,

190 3751 270 3811 cuius
289 3775 302 3812 s
326 3751 437 3812 ecimen
457 3753 633 3834 praebuerat
651 3754 682 3812 iu
702 3754 827 3844 Ioseph,
856 3753 887 3813 in
907 3697 1044 3815 dimone
1064 3754 1198 3813 relucere
1219 3753 1333 3829 poluit,

190 3838 221 3885 ct
239 3775 346 3889 indidit
364 3828 406 3888 illi
425 3850 536 3889 nomen
549 3830 702 3902 Nazaraei,
722 3841 754 3889 ut
772 3831 833 3891 istis
852 3831 995 3892 tirociniis
1015 3829 1119 3890 imbuti
1139 3829 1242 3890 fideles
1262 3852 1332 3888 ma·
1357 3845 1362 3856 ·

189 3901 234 3982 gis
253 3903 359 3964 intenti
379 3918 476 3965 essent
494 3907 524 3964 in
544 3907 674 3966 futurum
693 3906 940 3987 Redemptorem,
968 3907 1019 3986 qui
1039 3907 1240 3989 segregandus
1263 3918 1332 3967 erat

189 3977 226 4038 ab
247 3980 393 4057 omuibus,
412 3993 445 4040 ut
454 3982 668 4064 primogenitus
688 3994 764 4043 esset
782 3985 861 4044 inter
879 3983 987 4044 multos
1006 3983 1120 4044 fratres.

230 4156 312 4237 (25.)
354 4133 515 4226 LUCII.
556 4163 607 4228 40.
635 4159 797 4228 Puerulus
819 4172 924 4230 autem
947 4160 1114 4229 crescebat
1135 4171 1167 4226 ot
1187 4161 1333 4228 robora-

186 4253 283 4322 batur
306 4261 434 4343 spiritu,
469 4272 502 4326 et
527 4259 643 4348 plenus
672 4272 741 4328 erat
766 4243 954 4348 sapientias
973 4277 1006 4328 et
1033 4265 1133 4349 gratia
1159 4263 1225 4327 Dei
1255 4273 1334 4328 erat

186 4377 285 4444 super
305 4357 403 4428 illum.
451 4361 501 4432 41.
534 4361 578 4436 Et
597 4361 688 4436 baut
708 4373 860 4450 parentes
881 4365 950 4434 eius
973 4366 1146 4452 quotannis
1167 4363 1321 4432 Hieroso

1162 4661 1172 4702 l
