2768 4834
173 257 235 323 mr
359 226 361 236 '
384 235 538 312 ssc‘rro
558 247 597 312 r.
625 247 776 312 umens
798 245 874 312 nso
893 259 1094 312 »monn

128 417 139 428 ’
179 405 387 498 lui’ffllll'flffl
414 407 545 485 wilt·
571 427 670 492 turer
696 427 792 496 quem
820 405 930 472 civitas
949 401 1081 471 illorum
1108 387 1178 471 'erat
1198 403 1324 472 aedifi-

182 521 270 588 cata,
295 520 331 579 ut
351 511 602 594 praecipitarent
628 525 709 608 eum.
760 507 811 574 3⁰.
840 505 914 592 lpse
936 515 1042 570 autem
1068 509 1229 574 transiens
1253 527 1325 595 per·

147 677 153 696 ,
180 610 322 698 medium
345 631 456 676 eorum
477 606 554 674 ibat.

257 789 306 850 23·
343 781 472 858 Medica,
491 803 565 845 cerro
582 798 609 846 ts
625 787 729 861 icum
767 783 812 844 Eu
823 773 934 842 Christi
944 763 1041 845 verbis
1053 779 1139 844 facile
1152 779 1222 842 colli
1255 794 1323 859 tur,

185 860 378 952 contemptim
390 861 476 922 luisse
496 875 647 942 exceptum
667 857 870 921 aNaaaraeis:
890 855 1006 938 profert
1026 857 1103 917 enirn
1123 857 1154 918 in
1173 801 1323 936 medium,

182 957 258 1017 quac
282 937 395 1000 screbat
417 937 484 998 illos
503 959 519 996 a
543 939 615 1001 itare
639 938 670 997 in
691 935 793 997 animis
813 934 879 994 suis.
923 934 1041 994 Deinde
1069 933 1185 1016 culpam
1208 935 1240 995 in
1261 957 1320 998 eos

182 1011 338 1089 transfert,
362 1035 415 1074 cur
438 1013 475 1074 ab
496 959 615 1076 calendis
635 1014 712 1094 apud
734 1033 784 1072 eos
807 1009 954 1072 miraculis
974 1008 1133 1086 abstineat,
1159 1021 1321 1074 eteorum
1377 1020 1378 1026 ’

182 1089 323 1150 malitiam
341 1090 492 1174 coarguit,
515 1092 595 1171 quod
614 1089 674 1150 Dei
692 1087 873 1169 Prophetam
896 1087 979 1148 nullo
1004 1087 1120 1148 honore
1143 1087 1321 1170 dignentur.

185 1164 327 1228 Obiectio
354 1187 441 1248 qnam
460 1167 601 1247 anticipat
619 1165 685 1226 talis
705 1177 763 1240 est,
787 1185 849 1224 non
870 1183 932 1224 esse
951 1162 1074 1237 mirum,
1098 1163 1123 1224 si
1143 1185 1210 1224 eum
1230 1163 1321 1226 nullo

182 1241 215 1302 in
236 1243 333 1321 pretio
354 1243 482 1304 habeant
496 1242 694 1317 conterranei,
714 1261 803 1334 quum
823 1239 946 1321 patriam
961 1259 1052 1314 suam,
1072 1251 1106 1300 ut
1125 1239 1221 1302 aliena
1236 1241 1319 1316 loca,

182 1317 331 1381 miraculis
350 1340 413 1380 non
424 1318 577 1383 nobilitet:
597 1319 696 1398 itaque
716 1329 820 1378 rustam
840 1337 901 1378 esse
921 1316 996 1376 hanc
1007 1316 1161 1392 ultionem,
1179 1316 1206 1378 si
1225 1317 1320 1378 asnis

182 1393 331 1486 reiicitur,
355 1415 429 1476 quos
447 1395 567 1475 reliquis
592 1395 729 1456 omnihus
749 1393 911 1475 postponit.
954 1393 1020 1452 Huc
1044 1393 1175 1473 pertinet
1193 1393 1321 1474 vulgare

183 1469 391 1550 proverbium,
422 1474 502 1552 quod
527 1472 657 1532 medicus
685 1493 703 1531 a
728 1492 759 1532 se
785 1481 816 1530 et
839 1469 899 1531 suis
922 1469 1003 1604 prius
1035 1467 1166 1548 incipere
1198 1469 1322 1546 debeat,

186 1567 274 1626 quam
299 1549 434 1628 peritiam
453 1549 575 1613 curandi
600 1548 631 1608 in
652 1548 713 1609 aliis
739 1557 876 1608 ostentet.
946 1566 1042 1605 umma
1065 1546 1241 1608 obiectionis
1262 1559 1322 1622 est,

183 1636 377 1716 praepostere
403 1625 501 1686 iacere
522 1623 689 1696 Christum,
712 1624 763 1703 qui
788 1622 857 1682 alias
878 1621 1029 1684 Galilaeae
1053 1621 1142 1682 urhes
1168 1621 1320 1684 miraculis

183 1699 331 1764 tllustrans
350 1700 591 1762 nullumbabeat
612 1700 723 1782 patriae
742 1718 810 1761 suae
829 1710 1004 1780 respectum.
1040 1699 1140 1778 Atque
1160 1699 1234 1760 haec
1253 1699 1321 1759 Na-

181 1775 295 1838 zaraeis
314 1779 438 1838 honesta
458 1775 611 1837 videbatur
631 1777 788 1853 excusatio,
808 1797 861 1836 cur
880 1797 946 1836 curn
967 1773 1092 1836 vicissim
1112 1787 1299 1856 respuerent.

167 1907 174 1934 ,
262 1857 311 1916 Ἡ.
343 1853 443 1913 Aureo
461 1851 526 1913 dico
544 1851 631 1918 robes.
669 1855 782 1914 Eomm
802 1853 886 1932 culpa
907 1850 972 1913 fieri
992 1851 1217 1934 exprobratus
1238 1851 1322 1933 apud

184 1943 248 2004 eos,
267 1928 343 1990 sicut
361 1928 443 2002 alibi,
462 1941 574 1991 emerat
591 1950 673 1990 suam
683 1930 821 1990 virtutem
841 1929 872 1988 in
891 1927 1053 1988 miraculis:
1072 1927 1227 1990 hominurn
1239 1929 1321 1989 enim

183 2003 374 2069 incredulitas
407 2005 516 2066 aditum
541 2003 669 2066 obstruit
690 2006 774 2080 Deo,
806 2027 845 2066 ne
871 2026 890 2066 o
914 2017 1013 2066 eretur
1040 2003 1127 2064 sicuti
1152 2005 1321 2086 optandum

185 2091 264 2141 esset
286 2081 441 2142 incorum
461 2082 583 2142 salutem
608 2083 727 2163 (Matth.
747 2089 795 2157 13,
813 2089 860 2149 58.
933 2104 991 2143 arc.
1010 2087 1040 2156 6,
1058 2082 1112 2160 5.).
1135 2081 1322 2162 4Ρτορῐετει

182 2177 247 2216 non
290 2159 475 2222 oteratlesus
493 2158 609 2242 signnm
629 2159 721 2220 ullum
740 2159 818 2239 apud
837 2179 889 2219 eos
909 2159 1008 2232 edere,
1027 2157 1095 2248 quia
1114 2156 1145 2217 in
1165 2178 1233 2218 eum
1254 2179 1321 2218 non

185 2177 373 2294 credebant'
394 2235 465 2296 Non
486 2237 566 2316 quod
586 2236 617 2296 in
637 2235 789 2296 hominum
809 2234 932 2295 arbitrio
953 2233 1001 2310 sit,
1019 2234 1112 2316 lrgarc
1123 2233 1184 2294 Dei
1202 2255 1323 2310 manus,

183 2309 236 2370 sed
261 2311 341 2388 qnod
361 2331 380 2372 ο
404 2331 485 2372 erum
509 2332 629 2373 suorum
655 2311 752 2372 fructu
771 2312 883 2393 privat,
907 2311 957 2392 qui
982 2330 1036 2392 per
1055 2309 1261 2372 infidelitatem
1285 2331 1321 2374 se

176 2383 324 2480 ¹indignos
347 2331 484 2448 reddunt.
534 2387 664 2449 Perinde
695 2389 788 2472 igitur
811 2389 890 2450 valet
912 2387 1085 2470 responsio,
1114 2387 1173 2450 acsi
1198 2386 1321 2451 dixisset

185 2460 330 2557 Christus²
350 2463 384 2524 Si
403 2465 611 2526 miraculorum
630 2465 717 2526 vultis
738 2486 799 2526 esse
816 2464 983 2548 participes,
1004 2463 1136 2525 curDeo
1157 2484 1220 2524 non
1242 2463 1320 2524 datis

180 2537 300 2600 locum?
319 2561 379 2602 rmo
399 2561 453 2602 cur
469 2541 633 2602 ministrum
649 2543 802 2622 potentiae
822 2543 884 2602 eius
896 2537 1023 2622 superbe
1042 2539 1182 2602 reiicitis?
1212 2540 1320 2600 Habe.

181 2612 221 2674 tis
241 2635 314 2698 ergo
333 2618 439 2678 iustam
454 2629 641 2698 contemptus
653 2621 743 2681 vestri
755 2617 933 2692 mercedem,
953 2618 1033 2696 quod
1053 2615 1138 2678 vohis
1148 2617 1319 2709 praeteritis

182 2691 255 2752 alibi
296 2693 373 2754 otius
391 2693 538 2758 miserulis
558 2695 695 2771 ostendo,
712 2715 760 2756 me
780 2715 841 2755 esse
861 2693 996 2754 Messium
1014 2692 1092 2772 Dei,
1112 2715 1159 2754 cur
1178 2695 1321 2754 mandata

62 2791 67 2803 ¹
183 2781 229 2829 est
282 2769 405 2832 cclesias
428 2770 585 2832 restitutio.
635 2771 676 2831 lit
704 2784 784 2832 certe
810 2771 860 2831 illa
884 2769 1068 2853 ingratitudo
1101 2781 1165 2832 erat
1192 2769 1318 2843 minime

184 2841 324 2922 serenda,
350 2845 447 2927 quod,
472 2867 561 2925 quum
579 2845 662 2908 Deus
681 2847 789 2910 Filium
807 2867 891 2910 suum
911 2847 1029 2908 educari
1049 2844 1191 2908 voluisset
1208 2846 1242 2906 in
1262 2867 1319 2908 eo-

181 2941 247 2980 rum
266 2919 357 2998 urbe,
381 2922 470 2983 talem
489 2922 637 2984 alumnum
655 2925 843 3004 spernebant.
888 2922 990 2997 Quare
1009 2943 1126 2984 manum
1145 2943 1227 2983 suam
1251 2923 1318 2984 iure

184 2994 255 3057 inde
275 2999 406 3074 retrmit,
427 3019 467 3060 ne
486 2997 615 3060 ludibrio
637 3012 713 3061 esset
731 3011 790 3064 tam
810 2999 907 3080 impiis
927 2997 1190 3080 contemptoribus.
1237 2997 1320 3060 Cae-

140 3125 145 3135 ,
183 3079 292 3134 terum‘
304 3075 374 3138 hinc
394 3074 543 3150 discimus,
569 3077 671 3157 quanti
696 3077 786 3138 iaciat
801 3075 949 3136 Dominus
968 3076 1092 3138 uerbum
1110 3096 1210 3150 suum,
1236 3076 1318 3155 quia,

182 3158 217 3214 ut
236 3151 279 3212 de
306 3150 367 3212 eius
393 3163 566 3231 contemptu
590 3173 719 3234 poenam
744 3163 854 3228 sumat,
880 3151 1004 3235 gratias,
1025 3159 1104 3233 'quae
1129 3153 1318 3234 praesentiae

183 3231 245 3294 eius
264 3227 434 3292 testimonia
444 3241 522 3304 sunt,
542 3230 668 3290 emedio
688 3229 776 3292 tollit.
816 3228 968 3304 Quantum
980 3231 1018 3289 ad
1030 3229 1208 3290 sententiam
1221 3230 1318 3306 istam,

184 3305 277 3383 Quod
297 3303 447 3384 Propheta
466 3304 613 3366 honorem
634 3325 696 3365 non
716 3307 825 3368 haheat
843 3305 921 3386 apud
940 3326 1024 3382 suos,
1048 3307 1168 3370 videant
1186 3305 1317 3370 lectores

185 3402 261 3464 quae
281 3381 402 3442 diximus
423 3393 528 3460 quarto
549 3383 670 3444 loannis
691 3383 788 3463 capite
808 3381 885 3442 circa
906 3381 1003 3442 finem.

260 3465 308 3524 tu
346 3457 467 3518 Multas
488 3457 592 3520 uiduus
611 3472 702 3520 most.
748 3459 909 3550 Postquam
933 3459 965 3518 in
991 3479 1043 3522 eos
1068 3451 1184 3540 eulpam
1209 3459 1317 3524 reiecit

185 3535 333 3611 Christus,
349 3533 433 3670 quod
453 3535 684 3597 destituerentur
701 3535 857 3612 miraculis,
877 3536 935 3598 iam
955 3535 1070 3600 duobus
1083 3535 1221 3618 exemplis
1242 3557 1319 3617 pro-.

183 3614 247 3688 bat,
266 3629 328 3671 non
369 3609 459 3672 chere
478 3611 571 3673 videri
587 3611 754 3687 absurdum,
773 3609 889 3672 sinens
909 3611 1020 3674 alienos
1040 3611 1206 3676 domesticis
1226 3633 1316 3693 prae-

102 3717 105 3724 ’
183 3689 270 3766 ierat,
284 3689 321 3747 'et
339 3685 397 3747 sihi
416 3687 489 3749 vitio
508 3687 584 3748 verti
602 3707 665 3754 non
685 3686 806 3764 dehere,
824 3688 849 3749 si
866 3689 926 3748 Dei
944 3689 1097 3751 vocationi
1117 3687 1318 3769 obtemperet,

183 3762 429 3847 quemadmodum
450 3763 524 3832 olim
538 3765 618 3825 Elias
639 3777 670 3826 et
684 3764 828 3826 Elisaeus.
869 3764 1001 3845 oblique
1020 3777 1116 3826 autem
1135 3785 1240 3830 vanam
1261 3786 1317 3825 eo-

181 3863 248 3910 rum
273 3839 483 3903 confidentiam
506 3841 694 3925 perstringit,
720 3841 800 3922 quod
820 3841 914 3924 ipsum
933 3842 1043 3904 hahere
1069 3840 1128 3906 sibi
1153 3831 1315 3902 ohno'xium

181 3918 308 3994 vellent,
335 3915 403 3994 quia
429 3915 526 3976 luerat
549 3918 628 4000 apud
652 3938 704 3978 eos
730 3919 876 3980 educatus.
928 3918 1000 3994 Quo
1024 3929 1178 4010 tempore,
1206 3917 1316 3998 inquit,

182 4003 312 4077 grassata
333 4004 378 4052 est
395 3991 487 4054 sames
506 4013 561 4072 per
580 3995 653 4054 duos
674 4014 767 4054 annos
787 4005 819 4054 ct
829 3995 937 4076 sesqui,
956 3995 1065 4055 multae
1084 4015 1115 4054 rn
1131 4005 1210 4056 terra
1222 3995 1315 4056 Israel

180 4071 286 4132 viduae
307 4082 406 4147 erant,
433 4090 556 4150 quarum
580 4069 697 4130 inediae
716 4068 873 4132 subvenire
897 4092 960 4132 non
982 4073 1074 4134 iussus
1099 4081 1144 4132 est
1162 4071 1316 4151 Propheta

180 4145 277 4220 Elias,
301 4145 353 4206 sed
378 4145 479 4208 missus
506 4147 611 4213 estad
630 4147 782 4208 mulierem
808 4148 1004 4232 alienigenam
1029 4145 1150 4214 ditionis
1170 4148 1315 4209 Sidoniae

146 4203 157 4256 l
180 4221 221 4300 (1.
240 4221 316 4306 Reg.
335 4227 384 4299 17,
401 4216 464 4301 9.).‘
495 4221 638 4283 Similiter
655 4221 789 4284 Elisaeus
803 4223 905 4285 nullos
926 4245 960 4285 ex
979 4225 1036 4284 suis
1057 4221 1250 4308 popularibus
1270 4223 1315 4283 le-

202 4317 285 4357 rosos
309 4299 437 4374 curarit,
462 4298 514 4358 sed
539 4299 670 4360 Naaman
696 4299 846 4362 hominem
872 4301 979 4386 Syrum
1003 4302 1061 4380 (ΙΙ.
1081 4301 1156 4380 lleg.
1179 4308 1216 4376 o,
1240 4301 1313 4378 lb).

178 4317 360 4456 linaequam
382 4383 481 4438 autern
510 4373 701 4456 peculiariter
725 4377 890 4442 Nazaraeos
914 4377 1068 4456 vulnerat,
1098 4376 1184 4444 simul
1213 4387 1314 4444 tamon
