2768 4834
366 315 369 328 ·
453 285 586 348 Onarm
607 301 642 350 m
662 302 789 406 noqm.
821 267 846 312 l·
881 260 885 268 s
1127 301 1184 364 147

57 437 152 502 stituit:
177 439 212 498 in
235 457 364 532 summa,
392 441 473 521 quod
493 439 536 502 illi
555 462 571 502 a
591 440 694 502 scribis
713 441 816 524 inique
835 441 986 503 obiectum
1006 441 1093 504 luisse
1113 445 1185 518 disi-

57 539 124 589 nus,
144 515 175 574 in
197 514 282 596 ipsos
301 516 401 578 valide
420 529 583 597 retorquet.
623 519 746 593 Videte,
774 517 885 598 inquit,
911 540 997 599 quarn
1018 520 1110 590 dextri
1128 524 1186 584 sint

54 615 81 654 ac
97 591 201 652 idonei
223 589 525 674 Legisinterpretes:
546 595 682 655 iustitiam
703 595 782 656 enim
801 595 956 670 fabricant,
975 615 1050 675 quae
1067 597 1182 658 ianuam

55 670 200 730 coelorum
222 670 399 747 praecludat
417 670 474 730 suis
494 669 665 732 cultoribus.
695 671 871 736 Tenendum
890 683 936 732 est
952 673 1093 733 memoria
1106 675 1188 754 quod

53 745 113 806 alibi
131 744 282 818 diximus,
313 745 487 807 Pharisaeos
507 747 626 829 adiungi
644 749 747 808 scribis
766 749 803 810 ad
823 749 1094 828 amplificationem,
1119 751 1187 830 quia

52 835 120 882 secta
144 821 200 882 illa
231 821 446 883 sanctimoniae
470 823 575 882 lamam
600 845 670 904 prae
695 825 758 886 aliis
783 824 839 884 sibi
858 826 1041 905 acquisierat
1081 827 1186 902 Quan-

52 921 128 977 quam
154 897 324 976 falluntur,
355 899 407 978 qui
434 921 450 959 a
469 900 612 960 divisione
636 914 741 982 putant
758 903 800 962 sic
820 901 907 964 luisse
927 902 1036 977 dictos,
1068 903 1187 983 quasia

51 976 156 1058 uulgari
177 975 292 1037 ordine
312 976 459 1058 segregati
479 977 632 1058 proprium
651 977 708 1037 sibi
726 979 848 1062 gradum
868 979 1066 1040 vindicarent:
1091 981 1188 1041 vocati
1219 983 1224 997 ¹

52 1062 120 1120 enin
139 1070 218 1120 snut
237 1065 373 1134 mitta,
394 1058 451 1122 hoc
472 1073 516 1122 est
534 1058 721 1141 interpretes,
741 1062 808 1143 quia
829 1081 891 1122 nun
911 1064 1044 1124 contenti
1062 1065 1189 1145 simplici

51 1137 126 1198 litera
146 1137 270 1198 clavem
290 1157 322 1198 se
342 1135 452 1197 habere
472 1137 689 1218 profitebantur
707 1139 743 1198 ad
764 1138 924 1200 eliciendos
944 1160 1188 1202 arcanossensus.

51 1214 130 1274 Unde
149 1226 232 1274 nata
252 1223 298 1274 est
307 1211 449 1274 immensa
460 1234 563 1274 cortun
577 1213 705 1295 farrago,
725 1235 815 1294 quum
827 1213 865 1274 ad
877 1235 908 1276 se
918 1216 1116 1308 magisterium
1127 1229 1187 1277 tra-

51 1289 147 1350 hentes
167 1290 269 1371 impia
289 1289 413 1362 libidine
433 1290 556 1424 parique
575 1289 733 1370 supercilio
752 1290 894 1372 ligmenta
911 1311 962 1352 sua
974 1293 1188 1374 inscriptura‘e

50 1365 139 1428 locun
161 1367 335 1428 obtrudere
354 1366 418 1426 ausi
449 1378 555 1426 uerunt.
683 1381 690 1392 ·

117 1451 167 1510 21.
220 1441 354 1503 Audistis
380 1441 461 1522 quod
485 1441 592 1502 ἆίσέιιιιι
619 1445 665 1502 sit.
717 1439 867 1502 Cohaeret
891 1442 962 1503 haec
988 1443 1134 1504 sententIa
1159 1456 1190 1504 et

52 1519 116 1580 aliae
135 1531 307 1600 sequentes
327 1539 393 1580 cum
413 1519 546 1600 proximo
567 1520 662 1596 dicto:
684 1519 774 1580 lusius
794 1517 872 1578 enim
893 1539 947 1598 per
965 1519 1077 1599 species
1098 1538 1188 1601 erpo-

53 1595 90 1654 nit
108 1597 266 1670 Christus,
284 1617 372 1675 quam
392 1607 526 1657 tortuose
545 1596 656 1680 Legem
677 1597 714 1655 de
737 1608 840 1654 carent
858 1593 1016 1670 Pharisaei,
1036 1607 1069 1654 ut
1088 1617 1190 1657 eorum

53 1671 153 1734 iustitia
180 1672 262 1734 nihil
287 1672 366 1732 aliud
394 1693 479 1753 quam
504 1673 600 1736 scoria
624 1673 671 1732 sit.
709 1617 837 1764 ssecepti
857 1684 954 1732 autem
974 1673 1108 1748 suerunt,
1162 1675 1191 1734 ui

55 1761 191 1838 putarunt
216 1749 290 1811 banc
311 1739 479 1832 csseLegisl
491 1757 699 1830 ἐπανόρθωσιν,
721 1769 755 1810 ac
776 1748 926 1810 Christum
944 1771 1012 1810 suos
1032 1748 1104 1808 disci
1126 1695 1190 1812 dloa
1222 1795 1231 1808 .

55 1847 80 1884 ιι
103 1827 249 1888 altiorem
274 1825 468 1908 perfectionis
492 1827 614 1908 gradum
640 1824 795 1898 extollere,
826 1847 912 1904 quam
936 1825 1068 1908 potuerit
1092 1770 1190 1888 bloses

38 1923 176 1964 ,crassum
200 1903 410 1982 carnalemque
429 1904 581 1995 populum,
600 1903 651 1993 qui
669 1902 878 1978 virdiscendis
897 1902 1049 1962 elementis
1067 1902 1191 1966 idoneus

57 1993 121 2038 erat.
166 1983 218 2042 lta
243 1979 369 2040 invaluit
394 2001 513 2060 opimo,
542 1980 672 2040 lautitiae
699 1977 814 2037 initium
839 1979 978 2039 traditum
1004 1977 1075 2039 olim
1103 1979 1191 2042 luisse

58 2055 190 2142 inLegc,
211 2056 429 2139 perfectionem
449 2077 521 2117 vero
541 2056 571 2116 in
590 2055 756 2136 Evangelio
777 2056 891 2116 doceri:
912 2055 993 2138 atqui
1012 2055 1085 2115 nihil
1097 2056 1192 2117 minus

75 2136 243 2214 repositum
269 2133 404 2197 Christus
430 2133 546 2208 babuit,
577 2153 664 2212 quam
689 2131 799 2211 aliquid
823 2129 939 2192 mutare'
962 2132 1010 2192 rel
1030 2151 1141 2192 novare
1161 2133 1193 2192 in

60 2155 139 2301 legis
166 2211 350 2293 praeceptis.
401 2208 466 2271 Illic
491 2209 569 2269 enim
594 2210 676 2268 Deus
702 2209 792 2268 semel
819 2209 880 2270 fixit
903 2207 1023 2268 vivendi
1049 2229 1193 2282 normam,

61 2307 133 2348 curus
158 2309 316 2368 nunquam
343 2306 409 2347 eum
434 2285 610 2368 poenitebit.
650 2285 710 2343 Sed
731 2305 820 2362 quum
839 2285 901 2346 Lex
920 2284 1089 2344 adulterinis
1110 2305 1192 2345 com-

62 2366 157 2428 nentis
180 2363 323 2445 coirupta
343 2364 439 2438 soret,
458 2385 493 2424 ac
512 2364 542 2422 in
563 2361 719 2442 profanum
739 2381 856 2420 sensum
877 2361 1003 2432 detorta,
1024 2361 1157 2420 Christus
1177 2375 1213 2421 a'

64 2440 161 2505 talibus
184 2463 250 2502 eam
271 2440 449 2531 corruptelis
467 2439 607 2512 vindicat,
626 2449 714 2516 atque
734 2437 865 2497 ostendit
880 2436 1040 2518 genuinum
1054 2436 1114 2494 eius
1125 2457 1193 2496 sen-

64 2537 132 2594 sum,
159 2539 179 2578 a
201 2537 262 2600 quo
284 2518 468 2578 desciverant
487 2515 598 2576 ludaei.
639 2512 730 2588 Quod
750 2523 848 2573 autem
866 2512 956 2592 Legis
976 2510 1111 2569 doctrina
1130 2530 1193 2571 non

66 2593 182 2656 inchoet
199 2596 311 2670 modo,
334 2593 387 2654 sed
407 2593 540 2654 absolvat
559 2601 670 2652 rectam
688 2589 795 2662 vitam,
817 2587 865 2648 vel
886 2609 920 2646 ex
938 2606 999 2644 uno
1020 2587 1077 2645 boc
1097 2587 1195 2665 capite

64 2671 219 2755 colligitur,
240 2671 322 2751 quod
340 2671 467 2750 requirit
485 2667 649 2750 perlectum
659 2663 719 2724 Dei
740 2685 774 2726 ac
793 2662 917 2745 proximi
929 2681 1067 2720 amorem.
1097 2662 1194 2722 Porro

66 2749 179 2825 quitali
199 2768 303 2808 amore
323 2747 471 2827 praeditus
491 2757 545 2817 est,
565 2742 638 2803 nihil
658 2741 700 2801 illi
720 2742 803 2802 deest
821 2741 857 2800 ad
876 2759 1015 2800 summam
1031 2737 1193 2817 perlectio-

66 2843 134 2886 nem.
169 2829 254 2908 Ergo
275 2824 336 2884 Lex
356 2825 454 2904 quoad
473 2822 551 2883 bene
570 2818 687 2883 vivendi
707 2829 865 2911 praecepta
885 2817 921 2876 ad
941 2827 1047 2874 metam
1067 2813 1194 2876 iustitiae

66 2899 194 2963 homines
219 2891 348 2963 adducit.
392 2901 466 2962 ldeo
491 2899 599 2959 Paulus
624 2915 685 2958 non
710 2917 741 2958 ιιι
765 2916 797 2956 se
821 2915 884 2975 ipsa
903 2893 1061 2966 infirmam,
1091 2891 1195 2952 sedin

68 2997 148 3040 came
179 2991 283 3039 nostra
315 2976 393 3038 lacit.
485 2975 571 3036 uodsi
594 2973 763 3034 tirocinium
788 2973 927 3032 duntaxat
951 2969 1081 3029 traderet
1105 2990 1194 3032 verae

66 3052 204 3130 iustitiae,
235 3053 341 3114 frivola
367 3064 445 3116 esset
467 3053 517 3113 rlla
542 3052 637 3111 Musis
659 3047 852 3122 contestatio,
883 3045 1009 3108 Coelum
1037 3058 1068 3105 et
1085 3056 1194 3106 terram

67 3139 171 3204 testor,
201 3132 284 3212 quod
307 3128 364 3191 tibi
389 3128 568 3190 ostenderim
593 3126 683 3187 hodie
707 3127 783 3187 riam
809 3126 886 3184 vitae
913 3123 1064 3184 etmortis
1084 3123 1194 3200 (Deut.

67 3211 108 3281 tu,
125 3211 206 3281 19.)
224 3273 227 3280 Ἰ
245 3209 321 3268 Item
342 3207 455 3286 (Dent.
474 3213 521 3278 10,
541 3206 625 3283 12),
644 3205 684 3262 Et
703 3223 781 3263 nunc
801 3200 907 3276 lsrael,
927 3200 997 3278 quid
1016 3199 1068 3259 abs
1088 3210 1118 3260 te
1138 3221 1194 3293 po-

68 3286 150 3346 stulat
168 3285 251 3344 Deus
270 3295 349 3358 tuus,
367 3283 424 3343 nisi
442 3295 475 3343 ut
493 3281 551 3341 sibi
569 3281 687 3360 penitus
706 3277 881 3338 adhaereas?
912 3275 1011 3334 Inanis
1032 3277 1119 3336 etiam
1140 3290 1194 3337 ista

70 3375 139 3422 esset
164 3360 321 3442 promissio
348 3372 379 3421 et
402 3357 599 3432 frustratoria,
629 3355 691 3430 Qui
717 3355 822 3415 lecerit
847 3355 937 3427 baec,
965 3351 1045 3412 vivet
1068 3354 1096 3412 in
1124 3354 1194 3434 ipsis

69 3439 178 3514 (berit
197 3445 237 3504 18
274 3440 335 3514 5.).
379 3436 472 3510 Quod
496 3446 593 3494 autem
618 3431 691 3492 nibil
714 3433 745 3490 in
773 3432 834 3490 eius
860 3428 1024 3509 praeceptis
1044 3420 1196 3512 coriigcre

69 3515 194 3576 voluerit
214 3481 368 3588 Christus,
392 3533 425 3572 ex
445 3511 507 3573 aliis
528 3511 601 3571 locis
621 3520 723 3590 aperte
742 3507 849 3588 liquet:
880 3527 946 3564 nam
967 3505 1016 3583 qni
1036 3506 1140 3566 colunt
1160 3507 1196 3567 ad

70 3591 153 3652 vitam
171 3591 289 3684 ingredi
308 3611 363 3670 per
382 3589 461 3650 bona
483 3607 584 3668 opera,
604 3606 654 3645 eos
675 3584 748 3644 nibil
767 3584 844 3644 aliud
865 3603 951 3662 quam
964 3581 1052 3663 Legis
1062 3584 1197 3643 mandata

69 3689 180 3729 servare
199 3668 293 3729 rubet
324 3667 388 3726 Nec
408 3665 525 3726 aliunde
545 3677 604 3724 tam
624 3663 792 3743 ipse'quam
812 3658 948 3740 Apostoli
992 3658 1019 3717 ie
1038 3672 1197 3736 sancteque

72 3745 180 3806 vivendi
207 3753 367 3826 praecepta
394 3743 558 3815 deducunt,
591 3751 621 3800 et
645 3758 715 3799 sane
736 3751 867 3796 atrocem
886 3737 954 3794 Deo
970 3679 1063 3826 begis
1083 3735 1197 3794 auctori
1234 3741 1239 3748 '

73 3821 175 3882 iaciunt
194 3820 348 3893 iniuriam,
369 3819 418 3898 qni
438 3828 550 3878 tantum
572 3815 690 3888 oculos,
707 3835 808 3873 otarius
828 3827 859 3872 ct
878 3813 968 3892 pedes
990 3811 1031 3870 illi
1051 3813 1193 3888 componi

73 3897 106 3957 bn
147 3911 181 3958 nt
200 3901 236 3958 ad
258 3897 388 3956 fucosam
408 3895 719 3973 bonorumoperums
743 3892 846 3962 eciem,
866 3888 973 3948 incolo
984 3899 1080 3946 autem
1094 3889 1191 3945 Evan-

90 3919 146 4036 cll
165 3975 279 4049 doceri,
297 3973 451 4031 amandum
472 3990 506 4029 ex
526 3969 615 4030 corde
636 3989 697 4029 esse
742 3989 817 4030 eum.
847 3969 984 4025 Facessat
997 3964 1090 4043 igitur
1110 3981 1194 4022 error

72 3993 131 4127 lte,
160 4052 250 4134 Legis
270 4049 403 4110 delectus
423 4048 470 4106 hic
489 4067 506 4104 a
527 4047 646 4106 Christo
667 4045 776 4124 corrigi
785 4069 798 4104 :¹
824 4065 862 4102 ne
884 4063 920 4100 ue
941 4039 1019 4098 enim
1041 4041 1193 4120 lingendus

74 4143 112 4189 est
131 4129 264 4190 Christus
284 4147 379 4186 novus
397 4123 573 4206 Legislatnr,
594 4121 641 4200 qui
662 4122 698 4180 acl
719 4064 971 4180 aeternandl'atris
991 4117 1035 4176 sui
1056 4118 1192 4177 iustitiam

75 4205 174 4286 aliquid
194 4206 299 4276 addat,
325 4203 376 4262 sed
396 4214 532 4279 tanquam
553 4199 626 4258 lidus
646 4197 791 4277 interpres
811 4194 971 4255 audiendus
992 4205 1050 4268 est,
1069 4207 1101 4253 ut
1120 4196 1194 4256 scia-

75 4302 130 4342 mm
153 4282 246 4422 qualis
272 4279 311 4340 sit
330 4279 405 4352 Lex,
433 4297 572 4415 quorsum
594 4275 710 4347 tendat,
742 4285 772 4332 et
791 4291 943 4360 quousque
964 4280 1070 4346 pateat.
1110 4275 1197 4330 Nunc

75 4359 152 4422 viden
174 4381 223 4421 um
244 4367 353 4431 restat,
382 4353 430 4436 qui
471 4353 589 4414 damnet
609 4351 741 4414 Christus
760 4350 790 4409 iu
812 4345 988 4417 Pharnacis,
1020 4361 1049 4410 ct
1069 4349 1138 4427 quid
1158 4347 1194 4406 ab

922 4425 1000 4487 tt*
