2756 4838
147 243 215 310 atta
247 311 254 322 Ι
422 211 538 326 8ΕΕΤ.
562 229 645 346 ΧΤΤ.
684 235 822 294 rreum
844 237 1045 288 rsausauear.
1086 301 1094 322 ,
1158 252 1182 292 ,

81 349 92 382 ⁸
150 379 288 460 ‚artemi
304 383 367 466 rito
386 383 545 453 ostendere
563 379 781 460 colui‚-;;qualis
800 389 877 445 esset
895 397 927 438 re
969 372 1044 436 isui
1062 386 1176 438 natura.
1195 374 1236 436 ta
1258 376 1330 454 qui-

161 465 227 533 den‘r
248 462 346 524 lacere
365 459 625 528 exorsusluerata
660 478 698 517 uo
708 455 866 539 baptismo,
877 475 914 521 se
955 453 1016 544 hoc
1032 448 1077 511 illi
1095 451 1252 534 specimen
1271 451 1331 512 sub

147 538 329 614 ''vocationls¹
343 544 412 598 suae
430 538 519 596 finem
540 535 685 597 edendum
704 533 841 594 restabat.
885 529 949 591 Cur
966 547 1051 596 enim
1067 529 1210 589 haetenus
1231 525 1333 588 absti-

150 618 226 676 ¹attuit
241 638 262 676 a
276 615 366 696 llegis
384 615 516 687 nomine,
535 633 614 674 nunc
631 631 704 675 vcro
722 611 841 674 demum
859 608 953 672 libere
973 628 1004 667 se
1024 607 1142 688 Regem
1153 605 1331 685 profitetur,

156 694 217 770 pisi
232 692 309 774 ,quia¹
325 691 509 782 nonprocul
529 689 612 750 abest
631 709 647 748 a
666 687 752 762 stadii
775 688 819 748 sui
838 684 934 758 meta?
972 685 1057 766 Ergo
1084 703 1178 763 quum
1195 683 1329 762 propin-

161 792 235 855 quus
254 769 296 828 illi
317 779 393 839 esset
411 789 441 826 ιιι
462 764 578 832 coelum
597 766 743 838 transitus,
762 784 886 848 regnum
897 781 980 823 suum
1001 759 1098 839 palam
1118 759 1253 822 interra
1273 780 1330 817 au-

173 881 174 885 =
195 843 388 907 icari'voluit
427 844 542 904 Fuisset
561 853 657 902 autem
677 841 800 903 ridicula
820 841 1023 918 haecponrpa,
1044 836 1100 895 nisi
1121 835 1329 926 respondisset

160 859 320 1006 gichariae
338 921 487 981 uaticinio.
526 921 571 978 Ut
588 918 645 978 sibi
664 919 779 1000 regium
799 919 945 977 honorem
965 911 1257 980 vindicetChnstus,
1275 933 1327 970 sn-

159 1019 216 1080 per
239 999 350 1072 asinum
375 1019 391 1058 e
414 996 507 1058 uitans
532 994 768 1076 Hierosolymam
797 993 974 1076 ingreditur:
1005 989 1181 1080 magnificus
1197 989 1330 1079 'scilicet

98 1143 101 1150 .
159 1068 310 1158 splendor.
349 1018 434 1135 hdle
454 1075 534 1155 quod
554 1072 666 1134 asinum
691 1068 826 1154 precario
847 1068 991 1150 quispiam
1009 1065 1053 1126 rlh
1074 1077 1233 1125 concessit:
1264 1087 1330 1123 rans

153 1145 242 1231 'qood
254 1148 407 1230 ¹ephippiis
427 1162 458 1211 et
477 1161 584 1210 ornatu
603 1161 699 1224 caret,
716 1160 863 1228 utvestes
882 1167 947 1206 suas
966 1143 1090 1203 iniicere
1109 1149 1257 1222 cogantur
1276 1142 1331 1202 di-

62 1293 69 1318 x
152 1227 388 1308 auipqli,.torpis
407 1247 441 1286 ae
451 1225 616 1308 pudendae
635 1225 755 1306 inopiae
765 1224 881 1306 siguum
893 1233 946 1284 est
966 1221 1119 1302 Magnam,
1137 1219 1242 1306 fateor,
1262 1237 1329 1306 cq-

158 1305 294 1384 qqitaturn
312 1325 412 1366 secum
430 1303 534 1370 trabit:
553 1303 606 1364 sed
625 1321 751 1382 quorum
771 1298 941 1363 bominum?
961 1317 1071 1375 nempe
1092 1296 1143 1375 qui
1160 1315 1194 1354 ex
1209 1295 1330 1354 urcinrs

42 1437 48 1449 ,
183 1371 229 1439 ε’
264 1393 376 1458 temere
397 1390 616 1447 concurrerant.
665 1377 819 1438 Resonant
837 1375 947 1438 faustae
968 1373 1209 1434 acclamationes:
1228 1371 1285 1430 sed
1309 1392 1330 1432 a

154 1401 286 1536 ’ΜΨ
301 1471 413 1537 'nempe
433 1477 449 1517 a
465 1453 666 1548 pauperculis,
685 1466 717 1514 'et
736 1465 853 1514 contem
876 1453 923 1512 lae
936 1449 1030 1532 plebis
1042 1447 1221 1509 bominibus.
1243 1447 1330 1507 Data

161 1534 363 1614 'itanopera
381 1534 474 1594 viden
494 1534 593 1615 potuit
610 1553 643 1593 se
663 1532 794 1592 omnium
813 1529 843 1589 ln
866 1528 943 1588 ibrio
967 1547 1128 1606 exponere.
1169 1525 1232 1586 Sed
1274 1525 1328 1583 uia

155 1551 421 1694 Rioqconiuuctim
441 1611 554 1693 agenda
573 1609 618 1670 illi
638 1609 767 1682 luerunt,
786 1619 819 1666 ut
833 1606 1046 1669 'documentum
1058 1601 1097 1664 ali
1121 1603 1181 1662 uod
1194 1621 1267 1681 prae
1291 1621 1330 1662 e-

160 1675 312 1778 retregni
330 1686 391 1760 sui,
421 1699 451 1746 et
476 1688 599 1747 doceret
617 1685 742 1744 terrenis
762 1681 893 1763 imperiis
911 1702 974 1740 non
994 1701 1056 1740 esse
1076 1701 1091 1740 a
1128 1699 1184 1752 oe,
1211 1699 1270 1738 nee
1290 1679 1328 1736 in

157 1747 396 1824 dadlicrsmundi
416 1761 499 1822 huius
514 1759 626 1841 ‘opibus
643 1760 741 1836 situm,
760 1757 886 1820 baccilli
942 1777 1026 1818 orsus
1043 1755 1176 1816 tenenda
1196 1753 1255 1812 l'uit
1274 1775 1328 1813 ra-

72 1883 83 1889 --
155 1840 213 1900 tint
240 1840 418 1916 Quanquam
437 1829 495 1899 bdc
515 1857 635 1916 quoque
675 1836 788 1914 uolanis
807 1835 920 1898 bomini
942 1857 976 1894 us
994 1835 1072 1894 forte
1092 1832 1256 1912 insipidum
1276 1831 1326 1892 io-

157 1927 230 1995 rot,
241 1915 298 1975 nisi
314 1914 408 1992 nualto
428 1927 497 1994 ante
517 1925 638 1976 testatus
654 1857 760 1974 luisset
778 1912 860 1992 Deus
881 1933 935 1998 per
952 1909 1136 1990 Prophetam
1155 1931 1260 1982 suum,
1275 1920 1327 1968 ta-

157 1986 217 2050 l'em
237 1981 304 2050 lore
323 2011 440 2070 regem,
466 1989 516 2068 qui
536 1990 574 2048 ad
592 1990 802 2050 restituendam
816 1982 1067 2080 populi'salutem
1085 1997 1230 2047 venturus
1251 1996 1324 2045 erat

159 2069 260 2150 Ergo,
279 2087 316 2126 ne
337 2066 479 2147 impediat
499 2064 729 2146 contemptibilis
751 2064 861 2125 Christi
883 2064 1012 2138 habitus,
1033 2063 1192 2142 quominus
1211 2061 1244 2120 in
1263 2063 1324 2121 boc

159 2141 328 2225 spectaculo
350 2164 502 2204 cernamus
521 2141 754 2223 spirituale.eius
768 2161 904 2234 regnum,
923 2139 1009 2201 nobis
1020 2137 1207 2200 ante'oculos
1219 2158 1323 2198 verse-

159 2233 208 2281 tur
227 2218 378 2280 oraculum
398 2218 542 2293 coeleste,
572 2239 632 2300 quo
651 2218 733 2278 Deus
753 2218 776 2276 F
779 2218 862 2280 ilrum
880 2239 964 2278 snum
982 2216 1035 2276 sub
1056 2215 1107 2274 illa
1128 2215 1323 2276 deformitate

157 2293 392 2376 nlendicimagis
405 2305 572 2370 ornaverat,
592 2295 721 2376 quamsi
743 2291 853 2354 cunctis
873 2315 976 2376 regum
996 2291 1162 2374 insignibus
1183 2291 1324 2374 fulgeret

158 2374 233 2438 siue
255 2372 312 2436 hoc
332 2373 523 2453 condimento
543 2391 693 2452 uunquam
712 2372 785 2432 haec
797 2369 917 2432 historia
933 2368 1020 2434 nobis
1032 2369 1142 2459 sapiet:
1162 2367 1323 2428 ideonnl-

232 2509 236 2531 Ι
265 2447 383 2514 onderis
402 2449 504 2510 subest
527 2447 625 2508 verbis
645 2447 802 2520 Matthaei,
831 2469 920 2528 quum
940 2445 1026 2520 dicit,
1054 2445 1212 2528 impletum
1234 2445 1325 2506 fuisse

157 2463 328 2608 ιΡμβιζρξείαε
348 2523 508 2586 oraculum.
547 2523 627 2598 Quia
648 2525 726 2608 e'pim
744 2523 879 2596 videbat,
898 2523 962 2582 lieri
981 2523 1027 2582 rix
1045 2542 1150 2602 posse,
1170 2531 1204 2580 nt
1224 2521 1325 2582 bomi-

158 2609 227 2678 n'es,
246 2601 507 2683 ¹qui⁴·opolentiae
533 2613 564 2663 et
581 2603 705 2694 'pompis
730 2600 815 2660 nimis
840 2597 1049 2672 addicti'sunt,
1078 2599 1206 2679 proprio
1227 2599 1326 2658 cunis

158 2700 246 2742 sonsa
265 2678 422 2758 quicquam
441 2678 549 2744 cubat
568 2679 690 2744 burtona
709 2677 907 2758 proficerent,
943 2697 960 2736 a
979 2675 1060 2738 nudo
1089 2675 1136 2738 rei
1154 2675 1268 2738 intuitu
1285 2675 1325 2736 ad

157 2755 333 2846 prophetiae
353 2755 620 2836 considerationem
641 2761 692 2815 'eos
712 2753 845 2814 traducit.
893 2759 898 2766 '

234 2831 262 2902 ⁶2,
284 2825 345 2890 Ἰιο
363 2835 395 2890 iu
412 2831 566 2890 castellum.
616 2829 717 2904 Quum
741 2828 903 2900 Bethaniae
930 2831 1022 2902 esset,¹
1058 2829 1174 2888 asinum
1198 2827 1325 2888 minime

106 2911 111 2937 ¹
156 2902 298 3000 poposcit
311 2909 352 2968 ad
366 2907 526 2966 ‘levandam
544 2900 854 2976 itinerismolestiam:
881 2904 966 2964 facile
986 2905 1066 2964 enirn
1085 2917 1150 2965 erat
1169 2905 1323 2965 residuum

145 2998 219 3062 ¹ater
257 2981 359 3046 edibus
380 2983 537 3047 conlisere.
566 2982 644 3052 ‚Sed
663 2982 1029 3061 quemadmodumcurrm
1049 3001 1117 3040 suos
1135 3001 1227 3063 reges
1249 3003 1324 3042 con-

86 3109 89 3122 .
157 3005 311 3140 seculum,
332 3060 409 3120 unde
430 3057 581 3140 conspicui
603 3057 760 3134 emineant,
780 3059 820 3120 ita
839 3057 944 3139 populi
963 3057 1066 3118 oculos
1085 3058 1116 3116 in
1136 3078 1170 3117 se
1191 3079 1325 3120 concer-

157 3146 222 3196 tere
242 3135 504 3209 voluitDominus,
524 3145 555 3194 et
573 3135 671 3226 aliquo
692 3135 801 3195 indicio
821 3146 898 3194 ratas
919 3135 1016 3194 lacere
1037 3133 1178 3194 comitum
1198 3155 1324 3195 suorum

118 3209 400 3286 ‹-aectamasiones,
425 3232 463 3270 ne
484 3210 549 3292 quis
567 3228 647 3292 regas
667 3211 813 3272 honorem
832 3211 928 3276 inuito
952 3209 1045 3274 tribui
1062 3221 1190 3290 putaret.
1232 3213 1325 3272 Unde

62 3342 66 3352 ,
156 3289 266 3356 asinam
286 3286 401 3359 iusserit
419 3288 525 3356 adduci
543 3289 687 3350 incertum
707 3299 763 3364 est,
781 3287 835 3348 nisi
847 3288 927 3366 quod
940 3287 1023 3348 facile
1043 3286 1113 3348 colli
1138 3287 1208 3362 'tur,
1232 3289 1325 3349 luisse

101 3439 108 3448 ἡ
155 3365 283 3446 aliquem
304 3385 411 3446 pagum
431 3363 644 3445 suburbanum:
665 3363 732 3424 riam
752 3364 906 3424 ridiculum
923 3375 977 3438 est,
997 3365 1077 3444 quod
1138 3366 1264 3446 egoriec
1285 3367 1325 3426 de

152 3441 363 3524 {lierosolyma
388 3439 506 3521 quidam
531 3450 690 3522 exponunt
734 3441 836 3501 Nihilo
863 3440 950 3500 etiam
977 3440 1074 3519 aptior
1098 3453 1144 3500 est
1164 3441 1325 3524 allegoria,

197 3517 403 3580 amnonnulli·
423 3518 454 3577 in
479 3519 558 3579 asina
584 3530 615 3578 et
659 3517 720 3576 ullo
740 3516 895 3578 excudunt.
938 3516 1057 3578 hunam
1078 3516 1186 3596 populi
1204 3517 1325 3578 Iudaici

155 3529 277 3678 ἓὲψιπι
298 3615 360 3665 esse
379 3595 492 3672 volunt
512 3594 562 3676 qui
582 3537 697 3674 prirlem
716 3595 853 3660 subactus
873 3605 903 3654 et
920 3594 991 3676 iugo
1002 3593 1090 3676 Legis
1100 3605 1231 3654 assuetus
1243 3607 1325 3656 erat.

140 3673 295 3744 ‚Gentiles
313 3683 410 3733 autem
429 3669 644 3752 repraesentari
662 3691 717 3751 per
736 3669 858 3751 pullum,
879 3670 930 3760 qui
945 3691 978 3730 ex
1002 3691 1047 3729 ers
1067 3667 1190 3733 sessoris
1208 3669 1324 3734 suerat.

105 3789 110 3798 „
155 3746 305 3812 Christum
326 3769 398 3832 ergo
419 3749 516 3811 asinae
537 3747 661 3829 primum
679 3747 830 3828 insedisse,
849 3765 917 3826 qma
938 3767 953 3806 a
973 3691 1088 3806 iirdteis
1108 3746 1243 3826 incipere
1264 3747 1323 3807 de-

153 3825 233 3886 buit:
252 3835 355 3906 postea
375 3825 511 3887 hausisse
532 3826 569 3884 ad
630 3825 710 3899 llum,
729 3823 797 3916 quia
810 3822 957 3884 Gentibus
968 3841 1087 3903 quoque
1097 3824 1234 3883 seeundo
1247 3823 1323 3884 loco

152 3901 318 3984 praelectus
338 3912 409 3962 erat
448 3903 489 3962 Et
508 3901 582 3972 hlatt
604 3921 671 3979 aeus
692 3901 811 3980 quidem
828 3899 961 3974 videtur,
979 3911 1133 3990 utramque
1155 3900 1324 3981 equitatio-

110 4039 114 4060 ,
152 3999 222 4040 uem
242 3990 356 4038 notare.
382 3977 442 4038 Sed
463 3992 551 4055 quum
572 3977 742 4057 frequentes
761 3975 964 4058 synecdochae
984 3976 1015 4034 in
1026 3975 1190 4056 Scripturis
1212 3999 1322 4036 occur-

152 4068 229 4129 rant,
247 4054 321 4114 nihil
342 4055 445 4114 mirum
466 4055 489 4112 si
510 4073 564 4134 pro
582 4074 641 4112 uno
662 4054 736 4114 duos
756 4054 897 4112 nominat.
920 4051 1076 4112 Caeterum
1091 4052 1322 4112 exaliisEcan-

152 4129 263 4210 gelistis
281 4129 393 4209 liquido
415 4143 539 4203 constat,
560 4129 709 4191 Christum
728 4128 848 4190 nonnisi
889 4128 949 4188 ullo
969 4149 1052 4187 usum
1073 4147 1146 4187 esse.
1166 4129 1209 4186 Et
1231 4127 1322 4188 dubi-

150 4205 294 4264 tationem
306 4207 403 4265 eximit
413 4207 567 4269 Zacharias
586 4209 631 4281 (9,
640 4211 695 4284 9.),
715 4205 764 4286 qui
785 4226 840 4286 pro
861 4151 997 4264 limitari
1016 4204 1133 4284 linguae
1156 4203 1321 4265 hebraicae

150 4297 205 4338 usu
224 4298 286 4340 rem
306 4283 428 4342 eandem
450 4281 493 4343 bis
512 4283 630 4362 repetit.
668 4282 774 4342 Statim
795 4285 949 4343 tumuistis
986 4281 1033 4340 Ne
1061 4280 1131 4360 quid
1149 4279 1320 4360 discipulos

149 4362 292 4436 moretur,
311 4359 467 4435 quominus
487 4359 523 4421 ad
535 4357 707 4440 obsequium
721 4371 837 4438 praesto
845 4358 917 4432 sint,
936 4357 1083 4420 Dominus
1091 4366 1209 4418 mature
1222 4378 1319 4437 quae-

1071 4604 1080 4634 Ι
