2768 4834
194 245 252 346 {ir
644 243 797 336 suerio
819 263 872 332 vt.

198 429 271 490 aisse
293 425 420 504 domm,
443 427 584 508 ut'longe
609 443 713 489 eorum
735 435 849 485 mentes
875 443 892 486 a
917 421 993 484 curis
1017 431 1048 482 et
1071 421 1171 484 nudiis
1195 421 1334 483 terrenis

197 524 310 566 sursum
338 505 485 577 creberet:
515 504 619 583 potius*
640 503 717 562 euim
741 520 886 562 secessum
914 517 1078 560 conscenso
1102 510 1205 579 moqte
1230 519 1334 578 quae-

198 581 280 656 sivit,
305 592 339 641 ut
356 581 460 661 procul
484 579 605 640 aturba
631 579 778 659 paulisper
797 599 828 637 se
853 597 918 638 cum
943 574 1089 655 discipulis
1115 595 1131 636 a
1152 574 1333 636 lassitudine

198 658 342 718 reficeret
392 656 490 716 Primo
523 668 617 715 autern
648 655 716 715 loco
744 652 901 714 videndum
932 661 990 725 est,
1019 671 1157 730 quorsum
1187 651 1224 710 de
1256 675 1335 712 verta

198 731 368 794 beatitudine
388 731 520 792 Christus
544 731 632 792 verba
659 731 763 790 fecerit
788 730 865 810 apud
890 726 1056 808 discipulos.
1102 727 1233 802 Scimus,
1261 749 1332 788 non

198 811 303 892 vulgus
323 809 473 872 hominum
491 807 600 884 modo,
623 807 674 868 sed
693 807 772 885 ipsos
793 824 911 886 quoque
935 804 1082 884 sapientes
1103 805 1245 884 occupari
1266 806 1332 864 boc

199 905 316 946 errore:
347 884 463 944 felicem
488 905 565 958 esse,
598 885 648 964 qui
675 883 755 943 omni
780 881 914 942 molestia
939 893 1101 961 exemptus,
1125 901 1158 942 ac
1182 891 1330 940 votorum

199 982 318 1022 auorum
345 977 483 1040 compos,
506 960 610 1020 laetam
635 972 665 1020 et
688 956 815 1038 quietam
839 957 926 1020 vitam
952 959 1021 1049 agit.
1072 956 1163 1016 Certe
1189 958 1330 1018 omnium

198 1037 262 1098 fere
283 1037 391 1096 iudicio
418 1035 438 1098 a'
454 1037 600 1116 praesenti
622 1047 700 1096 statu
719 1035 887 1095 aestimatur
909 1033 1039 1095 felicitas
1084 1032 1216 1096 Christus
1238 1053 1330 1115 ergo,

197 1125 232 1174 ut
250 1113 376 1177 suosad
395 1113 486 1174 crucis
505 1113 690 1174 tolerantiam
710 1111 895 1184 assuefaciat,
914 1131 1031 1192 pravam
1052 1109 1127 1170 banc
1147 1109 1329 1188 opinionem

198 1189 336 1272 corrigit,
356 1189 437 1270 quod
455 1188 554 1251 felices
573 1189 647 1264 sint,
672 1187 777 1280 quibus
797 1191 874 1246 nunt
895 1186 970 1246 bene
996 1207 1029 1246 ac
1048 1205 1118 1266 pres
1142 1206 1191 1246 ere
1211 1197 1256 1245 est
1276 1207 1329 1245 se-

199 1267 324 1326 cuudum
348 1286 475 1326 earnem.
518 1267 622 1344 Neque
648 1285 725 1324 emm
750 1263 814 1324 fieri
833 1274 946 1344 potest,
971 1274 1005 1336 ut
1024 1261 1106 1321 feren
1128 1283 1151 1320 rs
1175 1262 1329 1322 aerumnis

199 1353 231 1402 et
248 1342 361 1402 iniuriis
386 1342 494 1402 collum
514 1341 630 1423 placide
648 1341 835 1412 submittant,
861 1339 911 1418 qui
936 1348 1066 1399 statuunt
1090 1338 1238 1398 adversam
1260 1359 1328 1397 esse

197 1417 302 1480 beatae
321 1420 397 1480 vitae
417 1418 596 1498 patientiam.
626 1417 727 1476 Unum
747 1417 837 1498 igitur
855 1415 990 1476 solatium
1010 1425 1063 1486 est,
1088 1434 1147 1493 quo
1168 1414 1328 1496 mitigatur

171 1511 174 1535 ¹
198 1494 332 1574 adeoque
352 1495 494 1555 dulcescit
512 1495 604 1555 erucis
625 1493 816 1554 etmalorum
835 1489 965 1551 omnium
985 1489 1143 1563 acerbitas,
1164 1490 1232 1549 dum
1252 1510 1326 1570 per-

198 1570 275 1633 suasi
289 1592 396 1646 sumus,
416 1570 514 1628 nosin
526 1569 627 1630 mediis
639 1569 762 1628 miseriis
778 1567 881 1628 beatos
893 1587 967 1628 esse:
989 1567 1055 1656 quia
1068 1565 1209 1647 patientia
1220 1577 1327 1626 nostra

199 1647 366 1706 aDomino
392 1645 592 1720 benedicitur,
617 1657 648 1704 et
672 1645 755 1704 brevi
781 1655 919 1722 sequetur
943 1643 1048 1704 laetior
1067 1643 1166 1703 exitus.
1210 1643 1327 1703 Fateor

199 1723 333 1802 quidem,
361 1720 522 1782 doctrinam
547 1721 622 1781 banc
642 1719 746 1800 procul
765 1731 907 1780 remotam
927 1738 990 1779 esse
1015 1739 1031 1779 a
1053 1718 1200 1779 'communi
1223 1740 1326 1794 sensu,

198 1800 250 1861 aed
276 1799 315 1858 ita
338 1797 448 1858 Christi
468 1795 624 1877 discipulos
644 1796 845 1887 philosophari
866 1797 1020 1870 convehit,
1045 1807 1078 1854 ut
1095 1816 1175 1854 suam
1195 1795 1325 1856 felicita-

197 1885 259 1934 tem
279 1887 356 1934 extra
373 1873 511 1932 mundum
532 1885 563 1934 et
581 1893 666 1953 supra
687 1894 780 1932 carms
800 1872 938 1932 affectum
959 1871 1146 1932 constituant
1184 1871 1248 1932 Etsi
1267 1893 1324 1931 au-

197 1962 257 2010 tem
279 1965 427 2029 nunquam
447 1950 580 2009 admittet
599 1949 720 2009 carnalis
740 1947 828 2022 ratio,
849 1949 929 2027 quod
948 1947 996 2008 bic
1016 1949 1164 2028 praedicat
1175 1945 1324 2022 Christus,
1370 1945 1371 2014 J

134 2032 142 2042 ‘
198 2026 273 2088 nibil
291 2037 389 2086 tamen
408 2027 462 2086 ima
487 2026 609 2085 inarium
630 2025 781 2105 proponit,
801 2023 1044 2104 quemadmodum
1065 2023 1135 2084 olim
1155 2025 1212 2084 suis
1231 2045 1323 2106 para·
1370 2021 1371 2092 ζ

199 2102 280 2162 doxis
306 2101 448 2163 ludebant
466 2045 578 2177 imici,
602 2103 653 2163 sed
680 2123 713 2162 ex
736 2123 769 2161 re
788 2101 797 2159 i
819 2122 849 2160 sa
871 2102 1066 2175 demonstrat,
1091 2119 1144 2160 cur
1167 2093 1235 2160 v'ere
1261 2099 1324 2159 siut
1370 2103 1371 2120 ¹

197 2177 308 2253 felices,
328 2196 453 2258 quorum
472 2178 575 2240 misera
596 2191 731 2238 censetur
742 2123 883 2238 conditio.
921 2176 1138 2237 Meminerimus
1159 2178 1242 2257 ergo,
1262 2176 1325 2236 hoe

199 2274 261 2317 esse
280 2256 422 2316 sermonis
442 2268 539 2346 caput,
559 2256 639 2335 quod
658 2255 782 2321 miseros
800 2259 861 2313 es'se
873 2249 1005 2312 Christus
1026 2265 1123 2336 negat,
1145 2253 1194 2332 qui
1215 2252 1322 2312 etim-

220 2331 361 2393 roborum
389 2331 500 2392 iniurias
550 2343 716 2407 remuntur,
746 2342 776 2390 et
804 2328 890 2388 uariis
916 2329 1060 2389 aerumnis
1090 2341 1156 2390 sunt
1185 2328 1322 2388 subiecti.

196 2351 260 2468 lice
278 2420 390 2470 tantum
411 2353 564 2470 contendit
584 2404 732 2481 Christus,
752 2426 889 2485 perverse
909 2425 959 2465 eos
979 2406 1095 2479 facere,
1122 2405 1172 2484 qui
1193 2403 1324 2466 hominis

197 2484 366 2544 felicitatem
386 2485 545 2546 metiuntur
564 2483 710 2562 praesenti
728 2493 820 2557 statu,
845 2481 912 2562 quia
933 2481 1015 2542 brevi
1035 2482 1190 2541 mutandae
1209 2481 1268 2541 sint
1288 2482 1321 2542 in

195 2561 300 2622 melius
319 2562 440 2641 piorum,
454 2559 598 2636 miseriae,
616 2560 668 2620 sed
688 2560 774 2620 etiam
793 2557 945 2640 proposita
964 2579 1015 2638 spe
1034 2557 1177 2627 mercedis
1195 2579 1262 2619 suos
1283 2559 1321 2619 ad

194 2637 365 2718 patientiam
383 2639 526 2698 bortatur.

270 2721 299 2780 3.
347 2713 436 2774 Baua
460 2733 605 2790 pauperes
640 2715 761 2790 apiaa'tu,
797 2725 847 2771 ete.
909 2711 998 2790 Apud
1029 2711 1138 2772 Lucam
1168 2711 1246 2773 nuda
1275 2725 1321 2773 est

195 2801 272 2850 meta
296 2790 381 2849 hora:
407 2789 458 2850 sed
479 2789 545 2880 quia
564 2787 718 2848 maledieta
744 2799 774 2850 et
792 2788 893 2847 infelix
914 2800 958 2848 est
976 2787 1134 2846 multorum
1154 2807 1210 2866 pau
1234 2801 1321 2863 ortas,

195 2811 361 2926 Mattbaeus
382 2864 491 2924 Cbristr
511 2876 638 2925 mentem
659 2865 762 2925 clarius
784 2885 816 2924 ex
839 2864 931 2924 ressit.
972 2865 1072 2941 Quum
1092 2883 1164 2944 ergo
1184 2811 1258 2944 pftiri
1281 2868 1318 2926 uie

194 2941 276 3001 malis
289 2953 468 3020 premantur,
488 2941 537 3020 qui
556 2953 654 3001 tamen
674 2941 750 3001 fastu
770 2953 801 3000 et
818 2885 930 3004 ferocia
950 2940 1028 3001 intus
1046 2951 1164 3032 turgere
1184 2961 1246 3001 non
1261 2887 1319 3002 tde-

195 3018 309 3090 sinunt,
334 3017 435 3077 beatos
461 3023 635 3108 pronuntiat
659 3017 809 3088 Christus,
843 3017 892 3096 qui
916 3016 997 3076 malis
1023 3017 1127 3076 domiti
1153 3026 1183 3076 et
1206 3018 1320 3082 subacti

193 3114 257 3156 aesc
277 3105 356 3153 totos
375 3094 532 3154 subiiciunt
550 3095 629 3167 Deo,
652 3106 682 3153 et
700 3094 778 3152 intus
797 3093 940 3153 humiliati
959 3093 990 3152 iu
1011 3094 1072 3152 eius
1092 3093 1267 3183 praesidium
1286 3115 1319 3155 se

195 3170 363 3230 conferunt
401 3170 725 3247 Aliipouperessps'aitu
744 3169 984 3249 interpretantur,
1005 3169 1054 3250 qui
1074 3169 1147 3229 rubii
1167 3169 1224 3230 sibi
1236 3191 1319 3232 arro-

195 3257 284 3382 §am’
308 3246 368 3306 imo
388 3247 532 3307 exinanita
553 3246 633 3306 omni
654 3246 747 3306 carnis
767 3245 871 3305 fiducia
897 3267 976 3306 suam
996 3245 1127 3336 inopiam
1147 3259 1320 3327 agnoscunt.

220 3322 256 3381 ed
282 3322 348 3402 quia
375 3345 492 3384 necesse
518 3337 576 3395 est,
603 3323 727 3383 eundem
747 3321 844 3381 Lucae
867 3333 898 3381 et
917 3319 1057 3381 blattbaer
1082 3321 1181 3382 verbis
1203 3343 1318 3384 sensum

174 3411 344 3473 ,constare,
368 3401 486 3462 minime
506 3399 625 3460 dubium
647 3412 705 3467 est,
724 3419 870 3474 pauperes
888 3397 987 3459 vocari
1014 3399 1063 3478 qui
1084 3399 1171 3460 rebus
1191 3400 1318 3460 adversis

193 3487 367 3555 premuntur
386 3488 415 3536 et
435 3477 536 3537 afflicti
555 3488 631 3536 sunt
676 3477 743 3536 lloc
762 3487 875 3534 tantum
894 3474 1031 3548 interest,
1056 3477 1136 3554 quod
1155 3475 1318 3536 blattbaeus

195 3551 296 3616 addito
318 3552 449 3632 epitheto
463 3553 673 3613 beatitudinem
694 3551 730 3611 ad
751 3571 802 3610 eos
817 3550 897 3611 solos
910 3550 1071 3632 restringit,
1091 3550 1140 3631 qui
1161 3551 1213 3610 sub
1226 3553 1317 3614 crucis

195 3628 347 3708 disciplina
360 3629 480 3688 humiles
492 3651 553 3688 esse
565 3627 730 3690 didicerint.
754 3627 897 3710 Quoniam
906 3627 1023 3686 illorum
1034 3643 1074 3687 est
1083 3639 1164 3702 rega.
1175 3629 1243 3688 coel.
1262 3631 1317 3687 vi.

169 3711 172 3733 '
194 3705 304 3782 demus,
323 3716 357 3763 ut
375 3726 436 3764 non
457 3705 540 3766 inllet
553 3703 684 3766 Christus
704 3725 824 3764 suonam
835 3703 948 3764 animos
958 3715 1079 3764 ventosa
1091 3703 1129 3763 ali
1152 3724 1188 3764 ua
1220 3725 1317 3768 ersus-

192 3782 293 3856 aiorre,
324 3781 372 3843 vel
397 3782 491 3844 ferrea
519 3781 701 3843 contumacia
729 3780 870 3855 obduret,
899 3791 933 3840 ut
958 3779 1068 3856 Stoici,
1098 3725 1150 3840 sed
1176 3725 1217 3840 ad
1237 3803 1316 3862 spem

193 3871 330 3922 aeternae
350 3857 427 3916 vitae
449 3858 527 3937 ipsos
536 3877 675 3917 revocans
696 3857 732 3918 ad
752 3855 921 3946 patientiam
934 3857 1054 3932 animet,
1072 3857 1139 3935 quia
1159 3853 1315 3920 boemode

193 3935 224 3996 in
245 3934 374 3996 coeleste
393 3933 452 3994 Dei
473 3953 597 4016 reguum
616 3933 764 3993 transitum
784 3933 851 3992 siut.
896 3934 1007 3992 Notare
1027 3954 1099 3994 vero
1121 3954 1229 4012 operae
1249 3957 1316 4016 pre-

190 4011 264 4072 tium
279 4022 333 4084 est,
351 4011 499 4072 neminem
518 4008 621 4088 spiritu
644 4029 706 4067 csse
724 4030 894 4088 pauperem,
913 4009 968 4067 nisi
989 4009 1037 4088 qui
1058 4009 1088 4067 in
1101 4009 1224 4070 nibilum
1242 4013 1316 4092 apud

192 4108 223 4146 se
243 4087 376 4146 redactus
397 4086 425 4144 in
439 4087 498 4146 Dei
517 4085 908 4152 misericordiamrecumbit.
945 4085 1022 4148 Nam
1043 4085 1092 4163 qui
1113 4087 1316 4165 desperatione

92 4188 99 4203 ·
193 4161 278 4226 fracti
298 4175 365 4220 sunt
383 4161 431 4222 vel
451 4161 561 4236 obruti,
581 4184 670 4240 quum
690 4162 823 4224 adversus
843 4162 940 4224 Deum
960 4161 1096 4238 fremant,
1116 4161 1195 4223 elato
1215 4185 1314 4246 super-

193 4235 294 4316 boque
313 4237 417 4316 spiritu
437 4259 498 4296 esse
520 4251 648 4317 oportet.

268 4321 296 4380 4.
335 4311 423 4375 Beati
440 4316 491 4392 qai
508 4313 615 4389 lugeat.
654 4315 735 4376 Haec
755 4313 900 4375 sententia
920 4333 982 4372 non
994 4313 1085 4372 modo
1106 4313 1253 4398 proximae
1273 4328 1315 4377 est

191 4387 302 4466 allinit,
326 4389 378 4469 aed
397 4401 441 4450 est
465 4390 527 4452 eius
554 4389 635 4470 quasi
656 4391 801 4480 appendix
824 4388 873 4454 rel
896 4389 1089 4454 confirmatio.
1137 4391 1213 4456 Nem
1237 4393 1315 4480 quod
