2790 4838
297 217 365 294 ne
384 213 531 298 nespas
550 213 673 278 annau
692 217 786 299 spes
803 169 970 309 smus.)
1151 229 1219 294 ars

157 369 300 438 MARC.
320 371 359 436 ll.
400 372 453 438 23.
473 371 514 460 Et
535 369 659 454 accidit,
685 384 720 440 ut
741 376 892 441 transiret
912 371 1056 444 sabbatis'
1077 398 1138 464 per
1156 399 1207 446 se·
1286 361 1301 380 ⁶

65 481 180 560 getes,
211 481 243 536 ct
265 481 446 559 coeperunt
467 471 618 558 discipuli
644 476 713 542 eins
734 479 820 543 inter
839 482 924 568 viam
945 475 1070 544 vellere
1090 482 1204 564 spicas.

63 575 122 640 24.
144 573 188 640 Et
196 571 362 638 Pharisaei
377 569 529 639 dicebant
550 577 590 654 ei,
609 573 704 661 Ecce,
723 597 780 642 cnr
801 576 922 644 iaciunt
942 575 1099 660 sabbatis,
1116 577 1206 664 qnod
1277 570 1284 590 Χ

62 697 140 742 non
162 669 260 740 licet?
301 675 353 740 25.
378 674 423 772 Et
441 676 511 760 ipse
533 677 578 741 ait
599 673 677 756 illic,
702 677 876 766 Nunquam
897 677 1032 765 legistis,
1058 678 1137 765 quid
1159 677 1205 743 le·

64 773 286 854 ceritDarid,
307 795 403 861 quum
425 795 507 861 opus
525 773 669 868 haberet,
691 787 722 844 et
744 781 979 865 esuriret'ipse,
1002 782 1110 866 etqui
1133 801 1205 847 cunr

66 897 111 941 eo
136 877 252 941 erant?
293 875 353 940 26..
378 874 555 960 Quomodo
584 879 745 962 ingressus
770 882 810 946 sit
837 883 871 946 in
899 875 1028 946 domum
1049 879 1116 945 Dei
1141 879 1203 946 sub

63 975 245 1056 Abiatbar,
265 978 413 1068 principe
438 975 650 1056 sacerdotum,
671 989 703 1045 et
723 999 824 1065 panes
844 982 1077 1068 propositionis
1097 999 1204 1046 come-

65 1077 173 1156 derit,
215 1095 299 1164 qnos
325 1095 394 1142 non
421 1074 498 1144 licet
526 1075 626 1142 edere
652 1082 714 1146 nisi
740 1079 978 1162 sacerdotibus,
1017 1093 1050 1145 et
1076 1079 1205 1146 dederit

65 1183 168 1244 etiam
191 1179 244 1255 iis,
275 1178 332 1266 qui
359 1198 467 1242 secum
497 1179 606 1242 erant!
645 1177 697 1244 27.
718 1179 760 1244 Et
778 1177 907 1245 dicebat
927 1179 1006 1258 illia,
1033 1179 1203 1249 sabbatum

64 1290 208 1366 propter
229 1278 390 1344 hominem
412 1277 529 1344 fectum
558 1287 621 1356 est,
661 1278 848 1352 nonbomo
869 1292 1005 1366 propter
1022 1278 1203 1350 sabbatum.

63 1379 119 1446 2&
145 1380 258 1480 ltaque
279 1376 429 1444 dominns
451 1390 499 1446 est
519 1375 622 1444 Filius
642 1377 780 1446 bominis
801 1383 896 1446 etiam
916 1378 1052 1448 sabbati.

152 1511 259 1590 LUC.
282 1513 340 1577 vt
380 1512 408 1578 l.
435 1509 564 1580 Accidit
589 1521 713 1590 eutem,
745 1515 840 1580 utin
875 1511 1013 1581 sabbato
1038 1511 1214 1582 ‘secundo‘

64 1615 174 1701 primo
196 1616 346 1696 transiret
367 1635 428 1700 per
447 1622 530 1681 sata:
571 1611 797 1689 novellabant
823 1613 981 1703 discipuli
1000 1617 1070 1680 eius
1089 1617 1218 1702 spicas·

64 1713 280 1800 edebantque
309 1713 522 1780 confricantes
549 1713 705 1781 manibus.
746 1715 775 1782 2.
802 1715 944 1802 Quidam
967 1727 1072 1782 autem
1094 1713 1203 1781 Pliari·

63 1835 220 1884 saeorum
242 1812 395 1880 dicebaut
415 1813 495 1895 illis,
528 1813 618 1902 Quid
641 1815 756 1896 facitis,
786 1814 876 1906 quod
902 1836 970 1882 non
996 1814 1072 1882 licet
1093 1814 1201 1880 iecere

63 1915 236 1981 sabbatis!
275 1916 306 1980 3.
327 1914 370 1978 Et
389 1913 591 2000 respondens
611 1917 702 1984 lesus
723 1916 765 1982 ad
787 1938 845 1983 cos
866 1917 954 1994 dicit,
969 1915 1022 1981 Ne
1047 1915 1110 1982 hoc
1131 1917 1201 2004 qui-

65 2016 144 2082 dem
167 2013 307 2100 legistis,
340 2013 428 2100 quod
456 2013 532 2080 lecit
550 2017 674 2096 David,
703 2040 799 2105 quum
827 2017 977 2084 esurisset
999 2018 1069 2101 ipse
1091 2017 1201 2102 etqui

64 2139 140 2182 cum
163 2137 205 2180 eo
226 2118 337 2182 erant!
377 2115 407 2182 t.
439 2112 617 2201 Quomodo
637 2121 766 2184 intravit
786 2121 820 2184 iu
841 2117 970 2184 domum
991 2116 1073 2195 Dei,
1093 2126 1126 2181 et
1146 2137 1203 2200 pa·

62 2238 127 2284 nes
146 2217 381 2303 propositionis
401 2219 550 2304 sumpsit,
582 2215 730 2304 editque,
765 2240 803 2282 ao
829 2217 919 2283 dedit
940 2219 1036 2284 etism
1057 2219 1111 2295 iis,
1143 2215 1202 2302 qui
1242 2222 1245 2231 “

62 2339 175 2386 secum
198 2326 298 2394 erant,
325 2336 407 2402 quos
426 2336 495 2382 nnn
515 2315 593 2383 licet
613 2315 713 2384 edere
733 2319 794 2384 nisi
815 2327 936 2384 tautum
956 2313 1225 2406 sacerdotibus?N

63 2420 95 2490 5.
119 2418 164 2486 Et
185 2415 265 2488 dixit
291 2413 371 2495 illis,
393 2415 562 2490 [Dominus
589 2428 637 2484 est
645 2410 760 2484 'Filios
781 2415 919 2486 hominis
946 2419 1040 2483 etiam
1061 2414 1200 2484 sabbati.

140 2581 249 2671 Matth.
268 2585 316 2672 12·
333 2578 404 2642 tera
424 2580 508 2642 lesos
529 2577 663 2674 rahbqrda.
701 2579 738 2644 lu
768 2580 828 2672 hae·
852 2579 974 2644 historia
1002 2575 1198 2670 {vangelista

62 2669 254 2796 litii?
273 2657 742 2796 ‘hiti‘¹¹l,‘t⁰.t²‘ittttt
760 2655 1198 2794 ”tittthitt‘httttit

63 2811 176 2902 addipti
205 2753 333 2901 subrisit,
369 2822 403 2869 ut
418 2755 523 2902 ‚quium
550 2755 582 2870 ii
605 2810 663 2876 illis
687 2755 870 2872 runchutem
903 2829 1023 2902 prorsps
1056 2807 1202 2900 lopqrent,

63 2887 237 2968 Drscrpulos
257 2907 336 2946 earm
351 2883 468 2948 Chrtrtr
492 2899 645 2963 accusant,
715 2887 755 2948 od
773 2898 899 2970 urgente
923 2887 1020 2948 medra
1039 2888 1075 2954 in
1090 2897 1197 2947 rtrnere

63 2963 191 3028 sabbato
211 2961 325 3024 vellant
343 2963 452 3099 spicas,
478 2965 561 3044 qrrasl
577 2963 617 3026 ita
635 2961 687 3026 aab
711 2976 790 3024 atum
808 2963 969 3032 violarent,
1001 2963 1111 3026 Sancta
1131 2961 1197 3042 qui·
1297 3003 1301 3014 ,

64 3043 134 3102 dem
153 3061 200 3100 rer
221 3051 285 3100 erat
302 3039 352 3100 aab
377 3040 416 3098 ati
435 3039 612 3116 observatio,
630 3041 682 3102 sed
701 3061 764 3101 non
784 3039 903 3119 qualem
920 3039 963 3100 illi
982 3039 1021 3100 ho
1045 3042 1145 3114 ebant,
1164 3050 1197 3098 nt

63 3120 111 3180 rix
141 3115 269 3200 digitum
298 3115 354 3175 nisi
382 3116 496 3196 trepida
526 3117 706 3178 conscientia
730 3137 849 3184 morere
873 3115 985 3177 liceret.
1054 3116 1197 3200 ypocrisis

63 3213 139 3277 ergo
158 3205 220 3252 tam
238 3191 425 3272 scrupulosos
444 3194 475 3254 in
500 3194 589 3254 rebus
609 3193 737 3258 leviculis
757 3193 836 3284 ipsos
855 3193 999 3268 reddidit,
1030 3215 1119 3274 quum
1138 3191 1196 3254 sihi

61 3271 95 3340 iu
116 3269 220 3332 crassis
229 3267 485 3349 superstitionibus
502 3281 672 3349 parcerent:
690 3269 774 3332 ricuu
794 3267 1010 3332 alibilihristus
1028 3270 1201 3351 exprobrat,

63 3343 147 3427 quod
166 3345 316 3407 mentham
335 3356 368 3405 et
384 3345 523 3411 anethum
542 3346 698 3420 deciment,
718 3356 910 3408 contemnant
927 3365 999 3407 vero
1020 3367 1196 3427 quaeprae.

64 3425 154 3504 cipna
173 3435 242 3483 sunt
260 3421 359 3504 Legis.
397 3424 495 3502 Atque
515 3421 563 3484 hic
583 3421 744 3505 hypocritis
762 3443 816 3502 per
839 3433 921 3488 eurus
940 3444 1004 3484 mos
1024 3435 1084 3500 est,
1106 3435 1141 3482 ut
1159 3421 1195 3482 li-

63 3497 365 3591 nentiachaptaqtes
392 3499 424 3559 in
453 3497 551 3590 rebus·
573 3499 719 3590 maximis,
749 3443 858 3588 aeduin
886 3500 1059 3592 ceremoniis
1088 3497 1201 3590 intenti

62 3573 1198 3744 seruassent“intaurentur,effatuans

63 3729 316 3896 attestant
335 3727 462 3885 {tls
473 3729 1030 3896 instetuemus
1040 3726 1126 3890 ss
1141 3745 1197 3859 a:

64 3895 125 3942 tem
145 3882 235 3944 nohrs
256 3893 300 3946 est
319 3891 436 3956 tenere,
455 3881 582 3961 qualiter,
601 3881 701 3948 allecti
721 3882 846 3956 luerint,
864 3902 903 3942 ue
944 3901 1010 3940 nem
1053 3875 1197 3953 ermrbet,

64 3961 147 4039 quod
166 3959 248 4039 ipsos
267 3957 311 4018 Le
333 3959 355 4018 is
376 3959 512 4030 doctores
533 3957 666 4019 Christus
685 3969 744 4018 um
763 3955 894 4018 intensos
913 3979 935 4017 ιι
959 3959 968 4015 i
987 3899 1099 4019 ha'duit.

139 4036 213 4095 Luc.
234 4043 262 4100 1.
325 4033 433 4095 rubeo.
449 4033 703 4112 senato-prem.
741 4034 870 4094 Minime
889 4031 1009 4092 dubium
1034 4042 1093 4106 est,
1121 4028 1196 4111 quin

63 4111 123 4174 hoe
142 4110 298 4174 sabbatum
313 4111 493 4203 pertinuerit
512 4111 548 4171 ad
566 4131 657 4172 unum
676 4111 803 4190 aliquem
824 4130 859 4170 er
878 4109 979 4176 diehm
998 4103 1096 4199 iestis,
1120 4128 1194 4189 quos

63 4189 156 4250 mmel
198 4199 336 4250 uutanrus
355 4188 504 4258 celebrari⁴
517 4187 578 4256 Lex
596 4187 731 4256 iubebat:
749 4187 819 4250 ideo
839 4197 979 4267 putarunt
994 4185 1109 4266 quidam
1120 4205 1193 4246 ecn-

65 4265 164 4328 tinnas
176 4209 273 4326 inisse
293 4263 376 4326 bidui
394 4265 497 4341 ferias,
525 4263 577 4326 sed
596 4263 664 4345 quia
684 4275 753 4346 port
771 4262 984 4344 Babylonicum
1004 4260 1134 4353 exsilium
1152 4261 1195 4323 ric

64 4341 170 4410 ludaei
188 4341 252 4404 dies
263 4341 366 4410 'lectos
381 4341 607 4418 distribuerant,
635 4353 668 4406 nt
686 4361 802 4424 semper
817 4359 900 4410 sunus
925 4350 1002 4404 eust
1019 4339 1082 4402 drer
1100 4339 1195 4400 inter-

1236 3675 1253 3714 0
