2778 4838
325 255 409 335 (142
448 257 530 318 Iernr
549 267 676 318 mortem
694 277 774 320 suern
794 260 993 341 praedicens.)
1174 231 1230 332 ffl

62 410 144 480 lium
164 410 305 478 bominis
332 411 431 480 mults
458 415 540 500 pati,
569 421 603 478 ct
621 411 793 501 reprobari
814 437 832 481 a
853 413 1061 494 Senioribus,
1089 422 1232 485 summis·

61 537 129 603 que
150 513 386 581 Sacerdotibus
412 516 606 595 rescribis,
634 528 665 582 et
686 519 808 597 occidi,
835 530 867 584 et
894 530 969 606 post
994 529 1060 586 tres
1090 517 1160 585 dies
1180 541 1231 588 re·
1267 521 1273 539 “

60 639 207 704 surgere·
250 619 302 683 32.
334 619 376 684 Et
398 631 508 706 aperte
529 641 709 686 sermonem
731 621 940 709 loquebatur,
962 633 994 687 et
1016 618 1232 708 apprehendit

60 719 154 785 illum
178 720 306 797 Petrus,
332 725 505 810 coepitque
533 726 702 810 increpare
730 745 811 790 eum.
861 729 911 792 33.
939 730 981 793 At
1005 724 1062 790 ille
1093 732 1229 792 conter-
1270 723 1310 818 ’κ

62 845 134 901 sus,
170 836 204 890 et
236 825 369 890 intuitus
403 824 579 912 discipulos
615 849 706 906 suos,
740 831 920 916 increpavit
946 831 1075 897 Petrum
1109 829 1230 909 dicens,

62 925 128 992 Abi
152 939 227 1013 post
248 951 317 1007 me,
330 929 458 1007 Satana,
478 933 554 1016 quia
574 953 642 997 non
664 933 756 1017 sapis,
779 953 862 1018 quae
883 931 947 998 Dei
966 944 1047 1010 sunt,
1068 929 1126 1000 sed
1143 956 1228 1021 quae

60 1040 137 1095 sunt
171 1029 344 1098 bominum.
398 1035 449 1099 34.
480 1032 522 1098 Et
555 1055 651 1119 quum
685 1035 727 1100 ad
762 1057 797 1099 se
829 1046 976 1102 vocasset
1007 1035 1131 1102 turbam
1163 1059 1229 1102 una

63 1155 136 1198 cum
160 1133 330 1221 discipulis
351 1139 429 1216 suis,
458 1135 535 1200 dixit
555 1134 635 1216 illis,
657 1136 853 1224 Quicunque
875 1137 950 1234 vult*
966 1159 1016 1202 me
1035 1144 1142 1228 sequi,
1173 1138 1229 1204 ab·

60 1247 159 1322 neget
187 1239 408 1324 semetipsum,
444 1249 476 1304 et
509 1237 602 1306 tollat
631 1263 759 1308 crucem
791 1263 898 1320 suam,
931 1253 962 1306 et
988 1254 1142 1328 sequatur
1168 1265 1230 1308 me.

61 1341 112 1405 35.
151 1341 236 1406 Nam
271 1345 415 1430 quisquis
451 1341 592 1408 voluerit
629 1347 764 1409 animam
799 1366 887 1410 suam
923 1366 1067 1422 servare,
1109 1344 1228 1431 perdet

62 1465 148 1510 eam:
179 1447 325 1533 quisquis
353 1457 458 1510 autern
485 1446 666 1531 perdiderit
694 1450 828 1513 animam
855 1468 944 1512 suam
971 1467 1042 1512 mea
1066 1458 1097 1513 ct
1118 1449 1228 1513 Evan-

61 1547 141 1635 gelii
170 1571 282 1625 causa,
309 1548 363 1613 bic
389 1547 530 1623 servabit
552 1571 630 1616 cnm.
673 1550 843 1636 afa-Quid
874 1553 957 1616 enim
985 1549 1145 1636 profuerit
1171 1550 1229 1620 bo·
1336 1581 1340 1594 ·

61 1655 156 1728 mini,
190 1655 220 1718 si
245 1651 386 1717 lucratus
414 1653 512 1720 luerit
538 1665 639 1737 totum
666 1652 834 1730 muudum,
865 1665 896 1718 et
925 1655 1050 1718 animae
1076 1675 1154 1719 suae
1182 1658 1229 1720 ia·
1280 1705 1284 1710 .
1344 1699 1346 1705 -

60 1768 185 1822 cturam
215 1745 349 1823 iecerit?
395 1758 446 1822 37.
483 1760 547 1824 Aut
573 1757 651 1845 quid
681 1757 812 1822 daturus
840 1769 889 1822 est
915 1755 1013 1822 bomo
1041 1778 1229 1843 compensa-

57 1866 161 1928 tionis
188 1883 249 1947 pro
277 1863 381 1926 anima
408 1865 487 1928 sua?
527 1861 577 1928 38.
617 1862 856 1949 Quemcunque
885 1863 968 1926 enim
990 1859 1143 1944 puduerit
1163 1864 1228 1928 mei
1308 1907 1313 1922 .

60 1990 98 2032 ac
128 1986 274 2032 meorum
302 1986 484 2031 sermonum
510 1968 549 2034 in
571 1968 781 2051 generatione
808 1965 869 2028 hac
896 1960 1042 2028 adultera
1065 1975 1097 2030 et
1113 1985 1228 2049 pecca·

60 2075 158 2148 trice',
182 2068 321 2158 pudebit
346 2069 433 2134 illins
461 2079 493 2133 et
510 2067 628 2133 Filium
656 2067 808 2147 hominis,
837 2066 893 2132 ubi
920 2071 1046 2131 venerit
1067 2069 1099 2133 in
1122 2067 1228 2156 gloria

61 2176 168 2240 Patris
200 2175 250 2238 sui
282 2193 352 2238 cum
385 2171 518 2257 Angelis
553 2174 678 2238 sanctis.
741 2172 793 2237 lx.
835 2173 864 2236 1.
905 2169 948 2235 Et
986 2168 1116 2235 dicebat
1153 2169 1228 2248 illis,

60 2280 166 2344 Amen
194 2276 270 2342 dico
297 2273 407 2351 vobis,
433 2285 508 2339 sunt
529 2255 659 2360 quidam
681 2279 765 2338 inter
790 2296 862 2351 cos,
889 2276 944 2359 qui
973 2272 1026 2337 hic
1046 2283 1143 2350 stant,
1170 2273 1227 2358 qul

58 2405 126 2450 non
156 2377 329 2468 gustabunt
356 2387 505 2456 mortem,
538 2375 646 2443 donec
677 2377 817 2447 viderint
845 2393 978 2460 regnum
1006 2372 1071 2438 Dei
1098 2377 1227 2441 venisse
1310 2451 1315 2472 Ι

59 2509 132 2552 cum
154 2487 282 2549 virtute.

146 2648 256 2740 Luc.
276 2652 330 2716 lX.
392 2649 443 2716 21.
487 2652 528 2716 At
556 2648 615 2714 ille
642 2653 852 2716 comminatus
881 2646 946 2730 illis
972 2647 1152 2731 praecepit,
1182 2664 1226 2740 ne

60 2759 116 2823 cui
138 2754 286 2822 dicerent
306 2756 382 2834 boc,
423 2755 474 2819 22.
498 2755 634 2832 Dicens,
663 2751 805 2841 Oportet
826 2750 944 2818 Filium
966 2749 1104 2814 bominis
1124 2745 1227 2846 multa

58 2865 142 2949 pati,
169 2873 202 2926 ct
222 2858 393 2945 reprobari
415 2883 434 2924 a
456 2842 661 2936 Senioribus,
689 2868 721 2923 et
739 2853 939 2943 principibus
960 2851 1171 2940 sacerdotum
1195 2859 1228 2916 et

58 2963 200 3041 Scribis,
226 2974 258 3028 et
280 2963 401 3041 occidi',
423 2974 455 3029 et
475 2965 567 3029 tertia
588 2961 643 3027 die
664 2981 841 3045 resurgere.
883 2959 936 3024 23.
957 2954 1097 3028 Dicebat
1119 2965 1230 3019 autem·
1303 2999 1310 3010 ,

58 3068 103 3133 ad
126 3088 255 3145 omues,
270 3067 314 3140 ‚Si
342 3071 414 3154 quis
435 3065 504 3130 vult
525 3077 598 3151 post
619 3087 669 3130 me
692 3068 818 3141 venire,
847 3060 986 3146 abneget
1012 3061 1227 3144 semetipsum,

57 3183 93 3237 et
126 3169 222 3238 tollat
255 3162 382 3238 crucem
408 3191 496 3235 suam
524 3169 688 3256 quotidie,
721 3179 753 3234 ct
780 3177 933 3254 sequatur
959 3186 1019 3232 me.
1072 3163 1123 3226 st.
1157 3161 1226 3246 Qui

53 3271 147 3378 ‘irim
175 3274 318 3342 voluerit
346 3276 480 3340 animam
509 3295 598 3338 suam
621 3293 764 3346 servare,
792 3269 908 3357 perdet
929 3268 1032 3333 illam:
1060 3268 1116 3350 qui
1144 3283 1242 3343 vero¹

56 3378 240 3467 perdiderit
269 3381 404 3442 animam
432 3398 521 3441 suam
551 3386 688 3462 propter
714 3397 780 3453 me,
806 3374 860 3438 bio
886 3371 1029 3438 servabit
1051 3389 1130 3433 eam.
1172 3366 1225 3430 25.
1278 3438 1283 3460 Ι

58 3484 152 3569 Quid
181 3485 265 3548 enim
286 3480 419 3566 proficit
439 3479 550 3556 homo,
577 3482 605 3544 si
626 3490 728 3545 totum
751 3477 903 3542 mundum
927 3473 1082 3580 lucratus,
1108 3491 1143 3534 se
1171 3490 1226 3532 nu-

59 3598 123 3654 tem
154 3585 299 3671 perdito,
328 3587 479 3648 iacturam
507 3586 557 3646 sui
579 3585 679 3670 ipsius
701 3584 816 3646 tarint?
857 3579 907 3644 26.
935 3574 1019 3641 Nom
1045 3594 1140 3661 quem
1161 3571 1226 3669 mai

60 3713 97 3755 ac
125 3711 310 3756 sermonum
339 3707 483 3752 meorum
505 3687 671 3772 puduerit,
699 3685 794 3750 huius
818 3681 988 3748 etlilium
1011 3677 1225 3757 bominispu·

57 3791 166 3869 debit,
189 3815 286 3880 quum
308 3793 433 3856 venerit
454 3793 487 3854 in
509 3793 675 3854 maiestate
697 3811 754 3854 sua
777 3798 809 3852 et
831 3786 947 3861 Patris,
968 3790 1225 3860 sanctorumque
1304 3865 1309 3882 .

27 3925 29 3941 ¹
56 3893 268 3984 Angelorum.
309 3897 366 3962 27.
399 3895 484 3958 Dico
514 3905 619 3959 autem
646 3890 756 3968 vobis,
788 3913 866 3956 vere
899 3895 973 3951 sunt
1009 3880 1138 3968 quidam
1171 3877 1225 3942 bio

54 4007 194 4076 stantes,
227 4005 283 4088 qui
309 4022 377 4067 non
403 3993 577 4083 gustabunt
604 4006 753 4074 mortem,
789 3992 896 4059 donec
926 3988 1058 4054 videant
1090 4002 1224 4070 regnum

52 4105 130 4170 Dei.

134 4285 228 4353 Edita
245 4291 359 4354 futurae
374 4311 443 4355 suae
458 4289 572 4376 gloriae
583 4287 743 4370 specimine
754 4285 895 4374 adrnopet
908 4281 1041 4343 Christus
1049 4267 1225 4358 discipulos,

56 4371 130 4454 quid
141 4368 199 4430 sibi
213 4371 381 4450 patiendum
392 4370 441 4449 sit,
460 4379 493 4431 ut
511 4365 568 4448 ipsi
588 4371 707 4446 quoque
726 4365 764 4426 ad
783 4359 1072 4463 serendamlcrucem
1091 4375 1123 4417 re
1141 4371 1223 4414 com·
