<?xml version="1.0" encoding="UTF-8"?>
<!DOCTYPE html PUBLIC "-//W3C//DTD XHTML 1.0 Transitional//EN"
    "http://www.w3.org/TR/xhtml1/DTD/xhtml1-transitional.dtd">
<html xmlns="http://www.w3.org/1999/xhtml" xml:lang="en" lang="en">
 <head>
  <title>
</title>
<meta http-equiv="Content-Type" content="text/html;charset=utf-8" />
  <meta name='ocr-system' content='tesseract 3.04.00' />
  <meta name='ocr-capabilities' content='ocr_page ocr_carea ocr_par ocr_line ocrx_word'/>
</head>
<body>
  <div class='ocr_page' id='page_1' title='image "./innovumtestamen00calvgoog_0767.png"; bbox 0 0 2764 4854; ppageno 0'>
   <div class='ocr_carea' id='block_1_1' title="bbox 108 183 1116 304">
    <p class='ocr_par' dir='ltr' id='par_1_1' title="bbox 108 183 1116 304">
     <span class='ocr_line' id='line_1_1' title="bbox 108 183 1116 304; baseline -0.001 -19"><span class='ocrx_word' id='word_1_1' title='bbox 108 277 114 290; x_wconf 87' lang='lat'>.</span> <span class='ocrx_word' id='word_1_2' title='bbox 151 228 210 294; x_wconf 76' lang='lat'>38⁰</span> <span class='ocrx_word' id='word_1_3' title='bbox 374 221 490 286; x_wconf 83' lang='lat' dir='ltr'>SECT.</span> <span class='ocrx_word' id='word_1_4' title='bbox 509 199 589 284; x_wconf 79' lang='lat' dir='ltr'>xtlt.</span> <span class='ocrx_word' id='word_1_5' title='bbox 630 235 762 282; x_wconf 85' lang='lat' dir='ltr'>cumsrt</span> <span class='ocrx_word' id='word_1_6' title='bbox 781 235 898 304; x_wconf 78' lang='lat' dir='ltr'>rnssro</span> <span class='ocrx_word' id='word_1_7' title='bbox 919 235 961 282; x_wconf 80' lang='lat' dir='ltr'>er</span> <span class='ocrx_word' id='word_1_8' title='bbox 981 237 1080 284; x_wconf 84' lang='lat' dir='ltr'>uoas.</span> <span class='ocrx_word' id='word_1_9' title='bbox 1112 183 1116 194; x_wconf 93' lang='lat'>.</span> 
     </span>
    </p>
   </div>
   <div class='ocr_carea' id='block_1_2' title="bbox 25 375 1373 4282">
    <p class='ocr_par' dir='ltr' id='par_1_2' title="bbox 25 375 1373 4282">
     <span class='ocr_line' id='line_1_2' title="bbox 151 375 1307 468; baseline -0.002 -28"><span class='ocrx_word' id='word_1_10' title='bbox 151 380 248 440; x_wconf 82' lang='lat' dir='ltr'>Porro</span> <span class='ocrx_word' id='word_1_11' title='bbox 273 375 331 438; x_wconf 90' lang='lat' dir='ltr'>boc</span> <span class='ocrx_word' id='word_1_12' title='bbox 354 375 441 458; x_wconf 87' lang='lat' dir='ltr'>signo</span> <span class='ocrx_word' id='word_1_13' title='bbox 466 385 615 454; x_wconf 76' lang='lat' dir='ltr'>ostensum</span> <span class='ocrx_word' id='word_1_14' title='bbox 639 375 712 450; x_wconf 76' lang='lat' dir='ltr'>turs,</span> <span class='ocrx_word' id='word_1_15' title='bbox 736 396 803 438; x_wconf 90' lang='lat' dir='ltr'>eum</span> <span class='ocrx_word' id='word_1_16' title='bbox 827 375 884 436; x_wconf 92' lang='lat' dir='ltr'>sihi</span> <span class='ocrx_word' id='word_1_17' title='bbox 914 375 1050 468; x_wconf 84' lang='lat' dir='ltr'>privatim</span> <span class='ocrx_word' id='word_1_18' title='bbox 1077 395 1133 436; x_wconf 90' lang='lat' dir='ltr'>nec</span> <span class='ocrx_word' id='word_1_19' title='bbox 1158 389 1307 438; x_wconf 89' lang='lat' dir='ltr'>mortuum</span> 
     </span>
     <span class='ocr_line' id='line_1_3' title="bbox 151 452 1308 534; baseline -0.003 -16"><span class='ocrx_word' id='word_1_20' title='bbox 151 477 225 530; x_wconf 86' lang='lat' dir='ltr'>esse,</span> <span class='ocrx_word' id='word_1_21' title='bbox 244 464 301 514; x_wconf 81' lang='lat' dir='ltr'>nec</span> <span class='ocrx_word' id='word_1_22' title='bbox 320 452 524 526; x_wconf 77' lang='lat' dir='ltr'>resurrexisse,</span> <span class='ocrx_word' id='word_1_23' title='bbox 548 453 599 514; x_wconf 88' lang='lat' dir='ltr'>sed</span> <span class='ocrx_word' id='word_1_24' title='bbox 625 465 659 512; x_wconf 90' lang='lat' dir='ltr'>ut</span> <span class='ocrx_word' id='word_1_25' title='bbox 676 453 754 514; x_wconf 81' lang='lat' dir='ltr'>vitae</span> <span class='ocrx_word' id='word_1_26' title='bbox 774 453 898 514; x_wconf 90' lang='lat' dir='ltr'>odorem</span> <span class='ocrx_word' id='word_1_27' title='bbox 918 474 950 512; x_wconf 91' lang='grc' dir='ltr'>ιιι</span> <span class='ocrx_word' id='word_1_28' title='bbox 970 473 1074 513; x_wconf 86' lang='lat' dir='ltr'>omnes</span> <span class='ocrx_word' id='word_1_29' title='bbox 1093 453 1196 514; x_wconf 80' lang='lat' dir='ltr'>fideles</span> <span class='ocrx_word' id='word_1_30' title='bbox 1214 455 1308 534; x_wconf 86' lang='lat' dir='ltr'>spira-</span> 
     </span>
     <span class='ocr_line' id='line_1_4' title="bbox 150 527 1306 612; baseline -0.003 -19"><span class='ocrx_word' id='word_1_31' title='bbox 150 543 206 593; x_wconf 91' lang='lat' dir='ltr'>ret.</span> <span class='ocrx_word' id='word_1_32' title='bbox 244 531 302 592; x_wconf 88' lang='lat' dir='ltr'>Hic</span> <span class='ocrx_word' id='word_1_33' title='bbox 326 542 426 590; x_wconf 89' lang='lat' dir='ltr'>tamen</span> <span class='ocrx_word' id='word_1_34' title='bbox 451 529 579 590; x_wconf 90' lang='lat' dir='ltr'>nascitur</span> <span class='ocrx_word' id='word_1_35' title='bbox 605 529 755 609; x_wconf 77' lang='lat' dir='ltr'>quaestio,</span> <span class='ocrx_word' id='word_1_36' title='bbox 780 551 833 590; x_wconf 91' lang='lat' dir='ltr'>cur</span> <span class='ocrx_word' id='word_1_37' title='bbox 858 539 971 588; x_wconf 90' lang='lat' dir='ltr'>tantum</span> <span class='ocrx_word' id='word_1_38' title='bbox 992 527 1135 608; x_wconf 87' lang='lat' dir='ltr'>quosdam</span> <span class='ocrx_word' id='word_1_39' title='bbox 1153 551 1306 612; x_wconf 78' lang='lat' dir='ltr'>resurgere</span> 
     </span>
     <span class='ocr_line' id='line_1_5' title="bbox 152 605 1307 686; baseline -0.001 -17"><span class='ocrx_word' id='word_1_40' title='bbox 152 607 284 670; x_wconf 83' lang='lat' dir='ltr'>voluerit</span> <span class='ocrx_word' id='word_1_41' title='bbox 301 607 399 680; x_wconf 88' lang='lat' dir='ltr'>Deus,</span> <span class='ocrx_word' id='word_1_42' title='bbox 424 627 513 685; x_wconf 91' lang='lat' dir='ltr'>quum</span> <span class='ocrx_word' id='word_1_43' title='bbox 532 626 685 686; x_wconf 85' lang='lat' dir='ltr'>peraeque</span> <span class='ocrx_word' id='word_1_44' title='bbox 710 605 747 666; x_wconf 88' lang='lat' dir='ltr'>ad</span> <span class='ocrx_word' id='word_1_45' title='bbox 773 624 875 666; x_wconf 90' lang='lat' dir='ltr'>omnes</span> <span class='ocrx_word' id='word_1_46' title='bbox 899 605 1002 666; x_wconf 82' lang='lat' dir='ltr'>fideles</span> <span class='ocrx_word' id='word_1_47' title='bbox 1027 605 1153 666; x_wconf 74' lang='lat' dir='ltr'>attineat</span> <span class='ocrx_word' id='word_1_48' title='bbox 1177 628 1307 668; x_wconf 86' lang='lat' dir='ltr'>resurre—</span> 
     </span>
     <span class='ocr_line' id='line_1_6' title="bbox 151 682 1373 770; baseline -0.001 -23"><span class='ocrx_word' id='word_1_49' title='bbox 151 683 259 747; x_wconf 91' lang='lat' dir='ltr'>ctionis</span> <span class='ocrx_word' id='word_1_50' title='bbox 285 682 397 744; x_wconf 79' lang='lat' dir='ltr'>Christi</span> <span class='ocrx_word' id='word_1_51' title='bbox 422 683 556 743; x_wconf 81' lang='lat' dir='ltr'>societas.</span> <span class='ocrx_word' id='word_1_52' title='bbox 600 683 798 764; x_wconf 83' lang='lat' dir='ltr'>Respondeo,</span> <span class='ocrx_word' id='word_1_53' title='bbox 829 682 897 760; x_wconf 90' lang='lat' dir='ltr'>quia</span> <span class='ocrx_word' id='word_1_54' title='bbox 917 683 1048 770; x_wconf 84' lang='lat' dir='ltr'>nqndum</span> <span class='ocrx_word' id='word_1_55' title='bbox 1073 695 1223 744; x_wconf 86' lang='lat' dir='ltr'>maturum</span> <span class='ocrx_word' id='word_1_56' title='bbox 1249 697 1309 744; x_wconf 81' lang='lat' dir='ltr'>erat</span> <span class='ocrx_word' id='word_1_57' title='bbox 1372 692 1373 746; x_wconf 83' lang='lat' dir='ltr'>l</span> 
     </span>
     <span class='ocr_line' id='line_1_7' title="bbox 150 755 1373 852; baseline -0.003 -30"><span class='ocrx_word' id='word_1_58' title='bbox 150 773 280 841; x_wconf 86' lang='lat' dir='ltr'>tempus,</span> <span class='ocrx_word' id='word_1_59' title='bbox 305 781 365 840; x_wconf 92' lang='lat' dir='ltr'>quo</span> <span class='ocrx_word' id='word_1_60' title='bbox 389 770 484 820; x_wconf 91' lang='lat' dir='ltr'>totum</span> <span class='ocrx_word' id='word_1_61' title='bbox 504 757 653 820; x_wconf 81' lang='lat' dir='ltr'>Ecclesiae</span> <span class='ocrx_word' id='word_1_62' title='bbox 680 779 787 840; x_wconf 90' lang='lat' dir='ltr'>corpus</span> <span class='ocrx_word' id='word_1_63' title='bbox 813 770 1025 852; x_wconf 76' lang='lat' dir='ltr'>aggregaretur</span> <span class='ocrx_word' id='word_1_64' title='bbox 1049 759 1085 820; x_wconf 89' lang='lat' dir='ltr'>ad</span> <span class='ocrx_word' id='word_1_65' title='bbox 1106 773 1200 840; x_wconf 89' lang='lat' dir='ltr'>caput</span> <span class='ocrx_word' id='word_1_66' title='bbox 1217 782 1308 832; x_wconf 72' lang='lat' dir='ltr'>sunm,</span> <span class='ocrx_word' id='word_1_67' title='bbox 1372 755 1373 802; x_wconf 63' lang='grc' dir='ltr'>ἶ</span> 
     </span>
     <span class='ocr_line' id='line_1_8' title="bbox 151 834 1310 918; baseline -0.003 -18"><span class='ocrx_word' id='word_1_68' title='bbox 151 839 262 900; x_wconf 90' lang='lat' dir='ltr'>editum</span> <span class='ocrx_word' id='word_1_69' title='bbox 273 837 303 897; x_wconf 91' lang='lat' dir='ltr'>in</span> <span class='ocrx_word' id='word_1_70' title='bbox 316 835 415 918; x_wconf 88' lang='lat' dir='ltr'>paucis</span> <span class='ocrx_word' id='word_1_71' title='bbox 433 835 583 916; x_wconf 83' lang='lat' dir='ltr'>specimen</span> <span class='ocrx_word' id='word_1_72' title='bbox 601 834 690 896; x_wconf 86' lang='lat' dir='ltr'>luisse</span> <span class='ocrx_word' id='word_1_73' title='bbox 709 856 804 896; x_wconf 85' lang='lat' dir='ltr'>novae</span> <span class='ocrx_word' id='word_1_74' title='bbox 815 846 902 908; x_wconf 79' lang='lat' dir='ltr'>ustae,</span> <span class='ocrx_word' id='word_1_75' title='bbox 923 855 997 914; x_wconf 89' lang='lat' dir='ltr'>quae</span> <span class='ocrx_word' id='word_1_76' title='bbox 1011 835 1149 896; x_wconf 89' lang='lat' dir='ltr'>omnibus</span> <span class='ocrx_word' id='word_1_77' title='bbox 1163 837 1310 916; x_wconf 86' lang='lat' dir='ltr'>speranda</span> 
     </span>
     <span class='ocr_line' id='line_1_9' title="bbox 151 911 1311 995; baseline -0.003 -19"><span class='ocrx_word' id='word_1_78' title='bbox 151 926 204 976; x_wconf 87' lang='lat' dir='ltr'>est</span> <span class='ocrx_word' id='word_1_79' title='bbox 244 913 358 974; x_wconf 83' lang='lat' dir='ltr'>Scimus</span> <span class='ocrx_word' id='word_1_80' title='bbox 379 911 468 987; x_wconf 90' lang='lat' dir='ltr'>euim,</span> <span class='ocrx_word' id='word_1_81' title='bbox 489 911 637 972; x_wconf 84' lang='lat' dir='ltr'>Christum</span> <span class='ocrx_word' id='word_1_82' title='bbox 657 911 710 973; x_wconf 91' lang='lat' dir='ltr'>hac</span> <span class='ocrx_word' id='word_1_83' title='bbox 731 911 798 995; x_wconf 83' lang='lat' dir='ltr'>lege</span> <span class='ocrx_word' id='word_1_84' title='bbox 817 923 968 992; x_wconf 89' lang='lat' dir='ltr'>receptum</span> <span class='ocrx_word' id='word_1_85' title='bbox 989 911 1078 972; x_wconf 87' lang='lat' dir='ltr'>luisse</span> <span class='ocrx_word' id='word_1_86' title='bbox 1093 913 1126 971; x_wconf 92' lang='lat' dir='ltr'>in</span> <span class='ocrx_word' id='word_1_87' title='bbox 1144 912 1261 987; x_wconf 82' lang='lat' dir='ltr'>coelos,</span> <span class='ocrx_word' id='word_1_88' title='bbox 1281 925 1311 972; x_wconf 94' lang='lat' dir='ltr'>ut</span> 
     </span>
     <span class='ocr_line' id='line_1_10' title="bbox 68 987 1312 1062; baseline -0.002 -11"><span class='ocrx_word' id='word_1_89' title='bbox 68 1013 71 1022; x_wconf 90' lang='lat'><em>·</em></span> <span class='ocrx_word' id='word_1_90' title='bbox 150 991 209 1052; x_wconf 81' lang='lat' dir='ltr'>vita</span> <span class='ocrx_word' id='word_1_91' title='bbox 227 987 427 1050; x_wconf 77' lang='lat' dir='ltr'>membrorum</span> <span class='ocrx_word' id='word_1_92' title='bbox 447 989 508 1049; x_wconf 88' lang='lat' dir='ltr'>eius</span> <span class='ocrx_word' id='word_1_93' title='bbox 528 989 621 1050; x_wconf 88' lang='lat' dir='ltr'>adbuc</span> <span class='ocrx_word' id='word_1_94' title='bbox 641 989 679 1049; x_wconf 90' lang='lat' dir='ltr'>sit</span> <span class='ocrx_word' id='word_1_95' title='bbox 697 987 886 1062; x_wconf 89' lang='lat' dir='ltr'>abscondita,</span> <span class='ocrx_word' id='word_1_96' title='bbox 906 990 1001 1048; x_wconf 93' lang='lat' dir='ltr'>donec</span> <span class='ocrx_word' id='word_1_97' title='bbox 1021 989 1232 1050; x_wconf 79' lang='lat' dir='ltr'>manifestetur</span> <span class='ocrx_word' id='word_1_98' title='bbox 1251 989 1312 1049; x_wconf 89' lang='lat' dir='ltr'>eius</span> 
     </span>
     <span class='ocr_line' id='line_1_11' title="bbox 151 1064 1313 1146; baseline 0 -18"><span class='ocrx_word' id='word_1_99' title='bbox 151 1065 288 1128; x_wconf 86' lang='lat' dir='ltr'>adventu.</span> <span class='ocrx_word' id='word_1_100' title='bbox 327 1067 439 1126; x_wconf 85' lang='lat' dir='ltr'>Verum</span> <span class='ocrx_word' id='word_1_101' title='bbox 451 1077 484 1127; x_wconf 92' lang='lat' dir='ltr'>ut</span> <span class='ocrx_word' id='word_1_102' title='bbox 495 1085 526 1124; x_wconf 92' lang='lat' dir='ltr'>se</span> <span class='ocrx_word' id='word_1_103' title='bbox 540 1065 662 1127; x_wconf 87' lang='lat' dir='ltr'>alacrius</span> <span class='ocrx_word' id='word_1_104' title='bbox 681 1066 748 1146; x_wconf 91' lang='lat' dir='ltr'>piae</span> <span class='ocrx_word' id='word_1_105' title='bbox 767 1077 880 1126; x_wconf 77' lang='lat' dir='ltr'>menter</span> <span class='ocrx_word' id='word_1_106' title='bbox 891 1064 921 1126; x_wconf 91' lang='lat' dir='ltr'>in</span> <span class='ocrx_word' id='word_1_107' title='bbox 932 1085 1015 1146; x_wconf 90' lang='lat' dir='ltr'>spem</span> <span class='ocrx_word' id='word_1_108' title='bbox 1028 1064 1195 1145; x_wconf 70' lang='lat' dir='ltr'>erigerent,</span> <span class='ocrx_word' id='word_1_109' title='bbox 1214 1087 1313 1128; x_wconf 86' lang='lat' dir='ltr'>resur·</span> 
     </span>
     <span class='ocr_line' id='line_1_12' title="bbox 142 1141 1311 1224; baseline -0.003 -19"><span class='ocrx_word' id='word_1_110' title='bbox 142 1144 325 1218; x_wconf 72' lang='lat' dir='ltr'>rectionem,</span> <span class='ocrx_word' id='word_1_111' title='bbox 359 1163 412 1203; x_wconf 90' lang='lat' dir='ltr'>uae</span> <span class='ocrx_word' id='word_1_112' title='bbox 427 1141 524 1203; x_wconf 85' lang='lat' dir='ltr'>sutura</span> <span class='ocrx_word' id='word_1_113' title='bbox 536 1153 581 1202; x_wconf 92' lang='lat' dir='ltr'>est</span> <span class='ocrx_word' id='word_1_114' title='bbox 590 1141 720 1202; x_wconf 89' lang='lat' dir='ltr'>omnium</span> <span class='ocrx_word' id='word_1_115' title='bbox 734 1141 906 1216; x_wconf 88' lang='lat' dir='ltr'>communis,</span> <span class='ocrx_word' id='word_1_116' title='bbox 915 1142 945 1200; x_wconf 91' lang='lat' dir='ltr'>in</span> <span class='ocrx_word' id='word_1_117' title='bbox 956 1141 1056 1224; x_wconf 88' lang='lat' dir='ltr'>paucis</span> <span class='ocrx_word' id='word_1_118' title='bbox 1091 1141 1248 1202; x_wconf 88' lang='lat' dir='ltr'>uibusdam</span> <span class='ocrx_word' id='word_1_119' title='bbox 1260 1142 1311 1202; x_wconf 93' lang='lat' dir='ltr'>de-</span> 
     </span>
     <span class='ocr_line' id='line_1_13' title="bbox 25 1163 1311 1307; baseline -0.002 -27"><span class='ocrx_word' id='word_1_120' title='bbox 25 1283 33 1294; x_wconf 64' lang='lat'>,</span> <span class='ocrx_word' id='word_1_121' title='bbox 150 1219 238 1280; x_wconf 87' lang='lat' dir='ltr'>libari</span> <span class='ocrx_word' id='word_1_122' title='bbox 248 1219 318 1280; x_wconf 90' lang='lat' dir='ltr'>utile</span> <span class='ocrx_word' id='word_1_123' title='bbox 337 1163 399 1278; x_wconf 75' lang='lat' dir='ltr'>duit</span> <span class='ocrx_word' id='word_1_124' title='bbox 438 1217 540 1280; x_wconf 78' lang='lat' dir='ltr'>Altera</span> <span class='ocrx_word' id='word_1_125' title='bbox 554 1219 686 1297; x_wconf 83' lang='lat' dir='ltr'>quaestio</span> <span class='ocrx_word' id='word_1_126' title='bbox 702 1217 862 1292; x_wconf 86' lang='lat' dir='ltr'>dilhcilior,</span> <span class='ocrx_word' id='word_1_127' title='bbox 882 1217 951 1296; x_wconf 92' lang='lat' dir='ltr'>quid</span> <span class='ocrx_word' id='word_1_128' title='bbox 959 1163 1192 1307; x_wconf 82' lang='lat' dir='ltr'>postealactum</span> <span class='ocrx_word' id='word_1_129' title='bbox 1202 1218 1241 1278; x_wconf 89' lang='lat' dir='ltr'>sit</span> <span class='ocrx_word' id='word_1_130' title='bbox 1253 1220 1311 1278; x_wconf 86' lang='lat' dir='ltr'>istis</span> 
     </span>
     <span class='ocr_line' id='line_1_14' title="bbox 150 1294 1311 1374; baseline -0.003 -16"><span class='ocrx_word' id='word_1_131' title='bbox 150 1295 271 1358; x_wconf 86' lang='lat' dir='ltr'>sanctis:</span> <span class='ocrx_word' id='word_1_132' title='bbox 297 1317 364 1356; x_wconf 89' lang='lat' dir='ltr'>uam</span> <span class='ocrx_word' id='word_1_133' title='bbox 384 1294 540 1356; x_wconf 88' lang='lat' dir='ltr'>absordum</span> <span class='ocrx_word' id='word_1_134' title='bbox 559 1294 690 1370; x_wconf 86' lang='lat' dir='ltr'>videtur,</span> <span class='ocrx_word' id='word_1_135' title='bbox 715 1314 749 1356; x_wconf 85' lang='lat' dir='ltr'>ex</span> <span class='ocrx_word' id='word_1_136' title='bbox 768 1315 828 1374; x_wconf 91' lang='lat' dir='ltr'>quo</span> <span class='ocrx_word' id='word_1_137' title='bbox 847 1294 938 1354; x_wconf 92' lang='lat' dir='ltr'>semel</span> <span class='ocrx_word' id='word_1_138' title='bbox 958 1315 988 1353; x_wconf 92' lang='grc' dir='ltr'>ιιι</span> <span class='ocrx_word' id='word_1_139' title='bbox 1008 1295 1195 1354; x_wconf 85' lang='lat' dir='ltr'>consortium</span> <span class='ocrx_word' id='word_1_140' title='bbox 1217 1315 1311 1354; x_wconf 77' lang='lat' dir='ltr'>norae</span> 
     </span>
     <span class='ocr_line' id='line_1_15' title="bbox 150 1370 1311 1462; baseline -0.002 -30"><span class='ocrx_word' id='word_1_141' title='bbox 150 1373 265 1436; x_wconf 86' lang='lat' dir='ltr'>vitaea</span> <span class='ocrx_word' id='word_1_142' title='bbox 286 1370 406 1432; x_wconf 89' lang='lat' dir='ltr'>Christo</span> <span class='ocrx_word' id='word_1_143' title='bbox 427 1371 544 1432; x_wconf 87' lang='lat' dir='ltr'>admissi</span> <span class='ocrx_word' id='word_1_144' title='bbox 564 1371 695 1462; x_wconf 77' lang='lat' dir='ltr'>sperant,</span> <span class='ocrx_word' id='word_1_145' title='bbox 719 1392 817 1432; x_wconf 88' lang='lat' dir='ltr'>rursus</span> <span class='ocrx_word' id='word_1_146' title='bbox 837 1371 868 1430; x_wconf 89' lang='lat' dir='ltr'>in</span> <span class='ocrx_word' id='word_1_147' title='bbox 910 1371 1037 1430; x_wconf 85' lang='lat' dir='ltr'>ulverem</span> <span class='ocrx_word' id='word_1_148' title='bbox 1061 1391 1213 1432; x_wconf 86' lang='lat' dir='ltr'>reversos.</span> <span class='ocrx_word' id='word_1_149' title='bbox 1252 1371 1311 1430; x_wconf 80' lang='lat' dir='ltr'>Ve-</span> 
     </span>
     <span class='ocr_line' id='line_1_16' title="bbox 148 1393 1313 1528; baseline -0.002 -18"><span class='ocrx_word' id='word_1_150' title='bbox 148 1472 215 1510; x_wconf 90' lang='lat' dir='ltr'>rum</span> <span class='ocrx_word' id='word_1_151' title='bbox 234 1449 320 1510; x_wconf 88' lang='lat' dir='ltr'>sicuti</span> <span class='ocrx_word' id='word_1_152' title='bbox 339 1469 402 1510; x_wconf 91' lang='lat' dir='ltr'>uon</span> <span class='ocrx_word' id='word_1_153' title='bbox 421 1448 514 1510; x_wconf 82' lang='lat' dir='ltr'>facilis</span> <span class='ocrx_word' id='word_1_154' title='bbox 534 1459 595 1522; x_wconf 90' lang='lat' dir='ltr'>est,</span> <span class='ocrx_word' id='word_1_155' title='bbox 620 1469 676 1508; x_wconf 90' lang='lat' dir='ltr'>nec</span> <span class='ocrx_word' id='word_1_156' title='bbox 693 1459 833 1528; x_wconf 90' lang='lat' dir='ltr'>prompta</span> <span class='ocrx_word' id='word_1_157' title='bbox 853 1393 978 1522; x_wconf 85' lang='lat' dir='ltr'>solutio,</span> <span class='ocrx_word' id='word_1_158' title='bbox 1003 1446 1041 1506; x_wconf 88' lang='lat' dir='ltr'>ita</span> <span class='ocrx_word' id='word_1_159' title='bbox 1068 1449 1154 1508; x_wconf 83' lang='lat' dir='ltr'>anxie</span> <span class='ocrx_word' id='word_1_160' title='bbox 1174 1447 1313 1508; x_wconf 86' lang='lat' dir='ltr'>laborare</span> 
     </span>
     <span class='ocr_line' id='line_1_17' title="bbox 149 1523 1312 1606; baseline -0.002 -20"><span class='ocrx_word' id='word_1_161' title='bbox 149 1525 224 1586; x_wconf 92' lang='lat' dir='ltr'>nihil</span> <span class='ocrx_word' id='word_1_162' title='bbox 244 1525 350 1588; x_wconf 83' lang='lat' dir='ltr'>attinet</span> <span class='ocrx_word' id='word_1_163' title='bbox 368 1525 399 1584; x_wconf 93' lang='lat' dir='ltr'>in</span> <span class='ocrx_word' id='word_1_164' title='bbox 418 1544 452 1586; x_wconf 90' lang='lat' dir='ltr'>re</span> <span class='ocrx_word' id='word_1_165' title='bbox 472 1523 595 1606; x_wconf 85' lang='lat' dir='ltr'>cognitu</span> <span class='ocrx_word' id='word_1_166' title='bbox 615 1545 677 1586; x_wconf 90' lang='lat' dir='ltr'>non</span> <span class='ocrx_word' id='word_1_167' title='bbox 697 1525 868 1586; x_wconf 88' lang='lat' dir='ltr'>necessaria.</span> <span class='ocrx_word' id='word_1_168' title='bbox 907 1523 967 1584; x_wconf 89' lang='lat' dir='ltr'>Diu</span> <span class='ocrx_word' id='word_1_169' title='bbox 987 1523 1018 1582; x_wconf 90' lang='lat' dir='ltr'>in</span> <span class='ocrx_word' id='word_1_170' title='bbox 1038 1523 1198 1584; x_wconf 91' lang='lat' dir='ltr'>hominnm</span> <span class='ocrx_word' id='word_1_171' title='bbox 1224 1537 1312 1584; x_wconf 86' lang='lat' dir='ltr'>coetu</span> 
     </span>
     <span class='ocr_line' id='line_1_18' title="bbox 150 1599 1310 1680; baseline -0.005 -16"><span class='ocrx_word' id='word_1_172' title='bbox 150 1601 240 1664; x_wconf 87' lang='lat' dir='ltr'>luisse</span> <span class='ocrx_word' id='word_1_173' title='bbox 258 1614 388 1664; x_wconf 82' lang='lat' dir='ltr'>versatos</span> <span class='ocrx_word' id='word_1_174' title='bbox 408 1599 563 1664; x_wconf 84' lang='lat' dir='ltr'>verisimile</span> <span class='ocrx_word' id='word_1_175' title='bbox 583 1621 646 1662; x_wconf 89' lang='lat' dir='ltr'>uon</span> <span class='ocrx_word' id='word_1_176' title='bbox 666 1613 724 1664; x_wconf 84' lang='lat' dir='ltr'>est:</span> <span class='ocrx_word' id='word_1_177' title='bbox 745 1600 813 1679; x_wconf 90' lang='lat' dir='ltr'>quia</span> <span class='ocrx_word' id='word_1_178' title='bbox 823 1611 936 1660; x_wconf 84' lang='lat' dir='ltr'>tantum</span> <span class='ocrx_word' id='word_1_179' title='bbox 949 1600 986 1662; x_wconf 91' lang='lat' dir='ltr'>ad</span> <span class='ocrx_word' id='word_1_180' title='bbox 996 1599 1088 1660; x_wconf 86' lang='lat' dir='ltr'>breve</span> <span class='ocrx_word' id='word_1_181' title='bbox 1106 1613 1227 1680; x_wconf 89' lang='lat' dir='ltr'>tempus</span> <span class='ocrx_word' id='word_1_182' title='bbox 1238 1622 1310 1662; x_wconf 86' lang='lat' dir='ltr'>cou-</span> 
     </span>
     <span class='ocr_line' id='line_1_19' title="bbox 149 1675 1311 1771; baseline -0.003 -31"><span class='ocrx_word' id='word_1_183' title='bbox 149 1679 223 1771; x_wconf 91' lang='lat' dir='ltr'>spici</span> <span class='ocrx_word' id='word_1_184' title='bbox 243 1677 389 1761; x_wconf 91' lang='lat' dir='ltr'>oportuit,</span> <span class='ocrx_word' id='word_1_185' title='bbox 408 1691 442 1738; x_wconf 90' lang='lat' dir='ltr'>ut</span> <span class='ocrx_word' id='word_1_186' title='bbox 461 1678 491 1738; x_wconf 92' lang='lat' dir='ltr'>in</span> <span class='ocrx_word' id='word_1_187' title='bbox 511 1677 563 1738; x_wconf 93' lang='lat' dir='ltr'>illo</span> <span class='ocrx_word' id='word_1_188' title='bbox 582 1676 704 1759; x_wconf 86' lang='lat' dir='ltr'>speculo</span> <span class='ocrx_word' id='word_1_189' title='bbox 724 1677 771 1738; x_wconf 87' lang='lat' dir='ltr'>vel</span> <span class='ocrx_word' id='word_1_190' title='bbox 791 1675 919 1759; x_wconf 79' lang='lat' dir='ltr'>imagjue</span> <span class='ocrx_word' id='word_1_191' title='bbox 939 1677 1094 1737; x_wconf 78' lang='lat' dir='ltr'>manifesta</span> <span class='ocrx_word' id='word_1_192' title='bbox 1109 1690 1190 1737; x_wconf 83' lang='lat' dir='ltr'>esset</span> <span class='ocrx_word' id='word_1_193' title='bbox 1203 1678 1311 1738; x_wconf 84' lang='lat' dir='ltr'>Christi</span> 
     </span>
     <span class='ocr_line' id='line_1_20' title="bbox 148 1752 1310 1834; baseline -0.003 -17"><span class='ocrx_word' id='word_1_194' title='bbox 148 1768 250 1818; x_wconf 78' lang='lat' dir='ltr'>virtus.</span> <span class='ocrx_word' id='word_1_195' title='bbox 288 1755 388 1831; x_wconf 88' lang='lat' dir='ltr'>Quum</span> <span class='ocrx_word' id='word_1_196' title='bbox 408 1767 506 1816; x_wconf 89' lang='lat' dir='ltr'>antem</span> <span class='ocrx_word' id='word_1_197' title='bbox 525 1755 606 1814; x_wconf 90' lang='lat' dir='ltr'>Deus</span> <span class='ocrx_word' id='word_1_198' title='bbox 625 1753 703 1834; x_wconf 85' lang='lat' dir='ltr'>apud</span> <span class='ocrx_word' id='word_1_199' title='bbox 727 1753 810 1813; x_wconf 85' lang='lat' dir='ltr'>vivos</span> <span class='ocrx_word' id='word_1_200' title='bbox 834 1777 847 1814; x_wconf 90' lang='lat' dir='ltr'>s</span> <span class='ocrx_word' id='word_1_201' title='bbox 871 1773 915 1814; x_wconf 87' lang='lat' dir='ltr'>em</span> <span class='ocrx_word' id='word_1_202' title='bbox 940 1752 1076 1813; x_wconf 87' lang='lat' dir='ltr'>coelestis</span> <span class='ocrx_word' id='word_1_203' title='bbox 1099 1754 1182 1814; x_wconf 79' lang='lat' dir='ltr'>vitae</span> <span class='ocrx_word' id='word_1_204' title='bbox 1202 1754 1310 1814; x_wconf 71' lang='lat' dir='ltr'>coum-</span> 
     </span>
     <span class='ocr_line' id='line_1_21' title="bbox 95 1775 1312 1912; baseline -0.003 -18"><span class='ocrx_word' id='word_1_205' title='bbox 95 1887 105 1910; x_wconf 71' lang='lat'>,</span> <span class='ocrx_word' id='word_1_206' title='bbox 149 1853 229 1894; x_wconf 84' lang='lat' dir='ltr'>mare</span> <span class='ocrx_word' id='word_1_207' title='bbox 248 1831 376 1892; x_wconf 85' lang='lat' dir='ltr'>voluerit</span> <span class='ocrx_word' id='word_1_208' title='bbox 394 1831 425 1889; x_wconf 89' lang='lat' dir='ltr'>in</span> <span class='ocrx_word' id='word_1_209' title='bbox 444 1831 564 1892; x_wconf 89' lang='lat' dir='ltr'>illorum</span> <span class='ocrx_word' id='word_1_210' title='bbox 583 1849 720 1912; x_wconf 87' lang='lat' dir='ltr'>persona,</span> <span class='ocrx_word' id='word_1_211' title='bbox 739 1829 813 1890; x_wconf 89' lang='lat' dir='ltr'>nihil</span> <span class='ocrx_word' id='word_1_212' title='bbox 832 1775 949 1892; x_wconf 81' lang='lat' dir='ltr'>absurdi</span> <span class='ocrx_word' id='word_1_213' title='bbox 969 1829 1036 1904; x_wconf 89' lang='lat' dir='ltr'>erit,</span> <span class='ocrx_word' id='word_1_214' title='bbox 1056 1828 1082 1890; x_wconf 90' lang='lat' dir='ltr'>si</span> <span class='ocrx_word' id='word_1_215' title='bbox 1102 1831 1235 1890; x_wconf 88' lang='lat' dir='ltr'>dicamus</span> <span class='ocrx_word' id='word_1_216' title='bbox 1250 1851 1312 1902; x_wconf 83' lang='lat' dir='ltr'>eos,</span> 
     </span>
     <span class='ocr_line' id='line_1_22' title="bbox 149 1905 1311 1996; baseline -0.003 -26"><span class='ocrx_word' id='word_1_217' title='bbox 149 1909 207 1970; x_wconf 92' lang='lat' dir='ltr'>hoc</span> <span class='ocrx_word' id='word_1_218' title='bbox 228 1907 329 1968; x_wconf 87' lang='lat' dir='ltr'>officio</span> <span class='ocrx_word' id='word_1_219' title='bbox 350 1906 515 1980; x_wconf 81' lang='lat' dir='ltr'>defunctos,</span> <span class='ocrx_word' id='word_1_220' title='bbox 535 1907 642 1966; x_wconf 91' lang='lat' dir='ltr'>iterum</span> <span class='ocrx_word' id='word_1_221' title='bbox 662 1906 806 1984; x_wconf 85' lang='lat' dir='ltr'>quievisse</span> <span class='ocrx_word' id='word_1_222' title='bbox 819 1907 850 1966; x_wconf 92' lang='lat' dir='ltr'>in</span> <span class='ocrx_word' id='word_1_223' title='bbox 864 1906 921 1966; x_wconf 90' lang='lat' dir='ltr'>suis</span> <span class='ocrx_word' id='word_1_224' title='bbox 940 1905 1093 1996; x_wconf 76' lang='lat' dir='ltr'>sepulcris.</span> <span class='ocrx_word' id='word_1_225' title='bbox 1114 1907 1311 1968; x_wconf 83' lang='lat' dir='ltr'>Verisimilins</span> 
     </span>
     <span class='ocr_line' id='line_1_23' title="bbox 149 1981 1308 2064; baseline -0.003 -19"><span class='ocrx_word' id='word_1_226' title='bbox 149 1996 248 2045; x_wconf 69' lang='lat' dir='ltr'>umen</span> <span class='ocrx_word' id='word_1_227' title='bbox 269 1994 323 2058; x_wconf 86' lang='lat' dir='ltr'>est,</span> <span class='ocrx_word' id='word_1_228' title='bbox 341 1981 441 2054; x_wconf 85' lang='lat' dir='ltr'>vitam,</span> <span class='ocrx_word' id='word_1_229' title='bbox 462 2002 519 2060; x_wconf 91' lang='lat' dir='ltr'>qua</span> <span class='ocrx_word' id='word_1_230' title='bbox 539 1981 642 2042; x_wconf 90' lang='lat' dir='ltr'>donati</span> <span class='ocrx_word' id='word_1_231' title='bbox 661 1994 739 2058; x_wconf 77' lang='lat' dir='ltr'>suut,</span> <span class='ocrx_word' id='word_1_232' title='bbox 758 2001 820 2043; x_wconf 90' lang='lat' dir='ltr'>uon</span> <span class='ocrx_word' id='word_1_233' title='bbox 840 1981 927 2043; x_wconf 81' lang='lat' dir='ltr'>fuisse</span> <span class='ocrx_word' id='word_1_234' title='bbox 938 1983 1045 2042; x_wconf 79' lang='lat' dir='ltr'>deinde</span> <span class='ocrx_word' id='word_1_235' title='bbox 1056 1982 1115 2043; x_wconf 91' lang='lat' dir='ltr'>illis</span> <span class='ocrx_word' id='word_1_236' title='bbox 1129 1984 1308 2064; x_wconf 82' lang='lat' dir='ltr'>ademptam:</span> 
     </span>
     <span class='ocr_line' id='line_1_24' title="bbox 149 2055 1306 2132; baseline -0.003 -11"><span class='ocrx_word' id='word_1_237' title='bbox 149 2082 217 2121; x_wconf 91' lang='lat' dir='ltr'>nam</span> <span class='ocrx_word' id='word_1_238' title='bbox 237 2058 261 2119; x_wconf 92' lang='lat' dir='ltr'>si</span> <span class='ocrx_word' id='word_1_239' title='bbox 276 2058 407 2120; x_wconf 87' lang='lat' dir='ltr'>mortalis</span> <span class='ocrx_word' id='word_1_240' title='bbox 419 2057 539 2132; x_wconf 68' lang='lat' dir='ltr'>&#39;luisset</span> <span class='ocrx_word' id='word_1_241' title='bbox 556 2055 670 2118; x_wconf 90' lang='lat' dir='ltr'>solidae</span> <span class='ocrx_word' id='word_1_242' title='bbox 690 2057 913 2120; x_wconf 87' lang='lat' dir='ltr'>resurrectionis</span> <span class='ocrx_word' id='word_1_243' title='bbox 932 2058 1144 2120; x_wconf 87' lang='lat' dir='ltr'>documentum</span> <span class='ocrx_word' id='word_1_244' title='bbox 1166 2081 1225 2120; x_wconf 84' lang='lat' dir='ltr'>esse</span> <span class='ocrx_word' id='word_1_245' title='bbox 1244 2081 1306 2118; x_wconf 91' lang='lat' dir='ltr'>non</span> 
     </span>
     <span class='ocr_line' id='line_1_25' title="bbox 149 2134 1303 2270; baseline -0.003 -73"><span class='ocrx_word' id='word_1_246' title='bbox 149 2145 277 2217; x_wconf 84' lang='lat' dir='ltr'>poterat</span> <span class='ocrx_word' id='word_1_247' title='bbox 314 2134 412 2197; x_wconf 85' lang='lat' dir='ltr'>Porro</span> <span class='ocrx_word' id='word_1_248' title='bbox 432 2153 598 2225; x_wconf 86' lang='lat' dir='ltr'>quanquam</span> <span class='ocrx_word' id='word_1_249' title='bbox 617 2144 697 2195; x_wconf 88' lang='lat' dir='ltr'>totus</span> <span class='ocrx_word' id='word_1_250' title='bbox 716 2136 841 2196; x_wconf 90' lang='lat' dir='ltr'>mundus</span> <span class='ocrx_word' id='word_1_251' title='bbox 859 2147 1009 2270; x_wconf 67' lang='lat' dir='ltr'>rqsurget,</span> <span class='ocrx_word' id='word_1_252' title='bbox 1034 2157 1069 2196; x_wconf 92' lang='lat' dir='ltr'>ac</span> <span class='ocrx_word' id='word_1_253' title='bbox 1091 2134 1227 2202; x_wconf 79' lang='lat' dir='ltr'>Christus</span> <span class='ocrx_word' id='word_1_254' title='bbox 1242 2157 1303 2194; x_wconf 91' lang='lat' dir='ltr'>nou</span> 
     </span>
     <span class='ocr_line' id='line_1_26' title="bbox 149 2210 1303 2293; baseline -0.003 -19"><span class='ocrx_word' id='word_1_255' title='bbox 149 2213 249 2274; x_wconf 89' lang='lat' dir='ltr'>minus</span> <span class='ocrx_word' id='word_1_256' title='bbox 263 2212 371 2293; x_wconf 90' lang='lat' dir='ltr'>impios</span> <span class='ocrx_word' id='word_1_257' title='bbox 390 2211 427 2272; x_wconf 89' lang='lat' dir='ltr'>ad</span> <span class='ocrx_word' id='word_1_258' title='bbox 447 2210 585 2272; x_wconf 75' lang='lat' dir='ltr'>iudicium</span> <span class='ocrx_word' id='word_1_259' title='bbox 604 2210 770 2287; x_wconf 85' lang='lat' dir='ltr'>suscitabit,</span> <span class='ocrx_word' id='word_1_260' title='bbox 790 2233 876 2291; x_wconf 91' lang='lat' dir='ltr'>quam</span> <span class='ocrx_word' id='word_1_261' title='bbox 896 2212 953 2272; x_wconf 89' lang='lat' dir='ltr'>lide</span> <span class='ocrx_word' id='word_1_262' title='bbox 965 2232 996 2284; x_wconf 77' lang='lat' dir='ltr'>es</span> <span class='ocrx_word' id='word_1_263' title='bbox 1017 2213 1054 2272; x_wconf 96' lang='lat' dir='ltr'>ad</span> <span class='ocrx_word' id='word_1_264' title='bbox 1074 2211 1212 2273; x_wconf 84' lang='lat' dir='ltr'>salutem:</span> <span class='ocrx_word' id='word_1_265' title='bbox 1235 2213 1303 2292; x_wconf 92' lang='lat' dir='ltr'>qnia</span> 
     </span>
     <span class='ocr_line' id='line_1_27' title="bbox 149 2279 1305 2371; baseline -0.005 -19"><span class='ocrx_word' id='word_1_266' title='bbox 149 2302 249 2352; x_wconf 87' lang='lat' dir='ltr'>tamen</span> <span class='ocrx_word' id='word_1_267' title='bbox 269 2289 300 2348; x_wconf 91' lang='lat' dir='ltr'>in</span> <span class='ocrx_word' id='word_1_268' title='bbox 320 2287 443 2371; x_wconf 82' lang='lat' dir='ltr'>gratiam</span> <span class='ocrx_word' id='word_1_269' title='bbox 463 2279 614 2350; x_wconf 83' lang='lat' dir='ltr'>Ecclesiae</span> <span class='ocrx_word' id='word_1_270' title='bbox 634 2288 754 2368; x_wconf 90' lang='lat' dir='ltr'>proprie</span> <span class='ocrx_word' id='word_1_271' title='bbox 773 2288 939 2362; x_wconf 78' lang='lat' dir='ltr'>resurrexit,</span> <span class='ocrx_word' id='word_1_272' title='bbox 958 2289 1066 2348; x_wconf 90' lang='lat' dir='ltr'>merito</span> <span class='ocrx_word' id='word_1_273' title='bbox 1086 2310 1152 2348; x_wconf 90' lang='lat' dir='ltr'>non</span> <span class='ocrx_word' id='word_1_274' title='bbox 1173 2289 1225 2350; x_wconf 88' lang='lat' dir='ltr'>nisi</span> <span class='ocrx_word' id='word_1_275' title='bbox 1238 2309 1305 2350; x_wconf 89' lang='lat' dir='ltr'>san-</span> 
     </span>
     <span class='ocr_line' id='line_1_28' title="bbox 150 2363 1308 2448; baseline -0.003 -21"><span class='ocrx_word' id='word_1_276' title='bbox 150 2379 214 2428; x_wconf 92' lang='lat' dir='ltr'>ctos</span> <span class='ocrx_word' id='word_1_277' title='bbox 236 2375 320 2426; x_wconf 88' lang='lat' dir='ltr'>tauto</span> <span class='ocrx_word' id='word_1_278' title='bbox 347 2363 462 2425; x_wconf 88' lang='lat' dir='ltr'>honore</span> <span class='ocrx_word' id='word_1_279' title='bbox 492 2363 521 2423; x_wconf 92' lang='lat' dir='ltr'>di</span> <span class='ocrx_word' id='word_1_280' title='bbox 545 2375 628 2424; x_wconf 89' lang='lat' dir='ltr'>natus</span> <span class='ocrx_word' id='word_1_281' title='bbox 654 2375 713 2439; x_wconf 89' lang='lat' dir='ltr'>est,</span> <span class='ocrx_word' id='word_1_282' title='bbox 739 2375 772 2424; x_wconf 90' lang='lat' dir='ltr'>ut</span> <span class='ocrx_word' id='word_1_283' title='bbox 795 2364 880 2424; x_wconf 89' lang='lat' dir='ltr'>simul</span> <span class='ocrx_word' id='word_1_284' title='bbox 912 2387 977 2425; x_wconf 92' lang='lat' dir='ltr'>cum</span> <span class='ocrx_word' id='word_1_285' title='bbox 1009 2365 1075 2445; x_wconf 92' lang='lat' dir='ltr'>ipso</span> <span class='ocrx_word' id='word_1_286' title='bbox 1109 2379 1308 2448; x_wconf 79' lang='lat' dir='ltr'>resurgerent.</span> 
     </span>
     <span class='ocr_line' id='line_1_29' title="bbox 151 2440 1313 2522; baseline -0.002 -20"><span class='ocrx_word' id='word_1_287' title='bbox 151 2441 244 2519; x_wconf 89' lang='lat' dir='ltr'>Quod</span> <span class='ocrx_word' id='word_1_288' title='bbox 263 2441 499 2522; x_wconf 76' lang='lat' dir='ltr'>Hierosolymam</span> <span class='ocrx_word' id='word_1_289' title='bbox 553 2440 684 2501; x_wconf 88' lang='lat' dir='ltr'>atthaeus</span> <span class='ocrx_word' id='word_1_290' title='bbox 709 2441 874 2502; x_wconf 87' lang='lat' dir='ltr'>honorilice</span> <span class='ocrx_word' id='word_1_291' title='bbox 898 2457 1028 2504; x_wconf 71' lang='lat' dir='ltr'>sunnam</span> <span class='ocrx_word' id='word_1_292' title='bbox 1046 2441 1148 2502; x_wconf 75' lang='lat' dir='ltr'>uideas</span> <span class='ocrx_word' id='word_1_293' title='bbox 1168 2444 1313 2515; x_wconf 77' lang='lat' dir='ltr'>nominet,</span> 
     </span>
     <span class='ocr_line' id='line_1_30' title="bbox 150 2516 1310 2599; baseline -0.002 -19"><span class='ocrx_word' id='word_1_294' title='bbox 150 2539 213 2580; x_wconf 89' lang='lat' dir='ltr'>uon</span> <span class='ocrx_word' id='word_1_295' title='bbox 232 2518 339 2580; x_wconf 83' lang='lat' dir='ltr'>civium</span> <span class='ocrx_word' id='word_1_296' title='bbox 359 2517 469 2578; x_wconf 86' lang='lat' dir='ltr'>meritis</span> <span class='ocrx_word' id='word_1_297' title='bbox 487 2517 592 2578; x_wconf 88' lang='lat' dir='ltr'>tribuit</span> <span class='ocrx_word' id='word_1_298' title='bbox 612 2517 668 2577; x_wconf 92' lang='lat' dir='ltr'>hoc</span> <span class='ocrx_word' id='word_1_299' title='bbox 689 2516 819 2599; x_wconf 88' lang='lat' dir='ltr'>elogium</span> <span class='ocrx_word' id='word_1_300' title='bbox 837 2519 964 2595; x_wconf 83' lang='lat' dir='ltr'>(schnns</span> <span class='ocrx_word' id='word_1_301' title='bbox 980 2518 1057 2580; x_wconf 91' lang='lat' dir='ltr'>enim</span> <span class='ocrx_word' id='word_1_302' title='bbox 1078 2530 1151 2580; x_wconf 93' lang='lat' dir='ltr'>tunc</span> <span class='ocrx_word' id='word_1_303' title='bbox 1173 2519 1310 2580; x_wconf 86' lang='lat' dir='ltr'>omnihus</span> 
     </span>
     <span class='ocr_line' id='line_1_31' title="bbox 148 2593 1311 2676; baseline 0 -20"><span class='ocrx_word' id='word_1_304' title='bbox 148 2595 293 2656; x_wconf 89' lang='lat' dir='ltr'>scelernm</span> <span class='ocrx_word' id='word_1_305' title='bbox 312 2593 538 2674; x_wconf 86' lang='lat' dir='ltr'>inquinamentis</span> <span class='ocrx_word' id='word_1_306' title='bbox 558 2593 646 2654; x_wconf 85' lang='lat' dir='ltr'>luisse</span> <span class='ocrx_word' id='word_1_307' title='bbox 665 2593 815 2669; x_wconf 80' lang='lat' dir='ltr'>refertam,</span> <span class='ocrx_word' id='word_1_308' title='bbox 834 2606 867 2654; x_wconf 90' lang='lat' dir='ltr'>ut</span> <span class='ocrx_word' id='word_1_309' title='bbox 880 2593 1019 2676; x_wconf 87' lang='lat' dir='ltr'>spelunca</span> <span class='ocrx_word' id='word_1_310' title='bbox 1040 2595 1140 2675; x_wconf 87' lang='lat' dir='ltr'>potius</span> <span class='ocrx_word' id='word_1_311' title='bbox 1161 2594 1311 2657; x_wconf 88' lang='lat' dir='ltr'>latronum</span> 
     </span>
     <span class='ocr_line' id='line_1_32' title="bbox 40 2669 1312 2752; baseline 0.001 -21"><span class='ocrx_word' id='word_1_312' title='bbox 40 2721 45 2731; x_wconf 69' lang='grc'><strong>,</strong></span> <span class='ocrx_word' id='word_1_313' title='bbox 150 2673 257 2748; x_wconf 85' lang='lat' dir='ltr'>esset):</span> <span class='ocrx_word' id='word_1_314' title='bbox 276 2670 330 2733; x_wconf 90' lang='lat' dir='ltr'>sed</span> <span class='ocrx_word' id='word_1_315' title='bbox 369 2692 438 2732; x_wconf 89' lang='lat' dir='ltr'>uum</span> <span class='ocrx_word' id='word_1_316' title='bbox 458 2669 596 2730; x_wconf 85' lang='lat' dir='ltr'>divinitus</span> <span class='ocrx_word' id='word_1_317' title='bbox 616 2669 709 2730; x_wconf 84' lang='lat' dir='ltr'>electa</span> <span class='ocrx_word' id='word_1_318' title='bbox 729 2681 821 2744; x_wconf 89' lang='lat' dir='ltr'>esset,</span> <span class='ocrx_word' id='word_1_319' title='bbox 841 2671 937 2733; x_wconf 90' lang='lat' dir='ltr'>donec</span> <span class='ocrx_word' id='word_1_320' title='bbox 956 2671 1051 2752; x_wconf 89' lang='lat' dir='ltr'>palam</span> <span class='ocrx_word' id='word_1_321' title='bbox 1071 2671 1160 2732; x_wconf 88' lang='lat' dir='ltr'>lieret</span> <span class='ocrx_word' id='word_1_322' title='bbox 1180 2674 1244 2734; x_wconf 87' lang='lat' dir='ltr'>eius</span> <span class='ocrx_word' id='word_1_323' title='bbox 1263 2695 1312 2732; x_wconf 89' lang='lat' dir='ltr'>re-</span> 
     </span>
     <span class='ocr_line' id='line_1_33' title="bbox 150 2691 1310 2828; baseline 0.003 -20"><span class='ocrx_word' id='word_1_324' title='bbox 150 2747 301 2828; x_wconf 86' lang='lat' dir='ltr'>probatio,</span> <span class='ocrx_word' id='word_1_325' title='bbox 320 2691 407 2807; x_wconf 83' lang='lat' dir='ltr'>millis</span> <span class='ocrx_word' id='word_1_326' title='bbox 427 2745 580 2806; x_wconf 86' lang='lat' dir='ltr'>hominum</span> <span class='ocrx_word' id='word_1_327' title='bbox 600 2746 774 2825; x_wconf 89' lang='lat' dir='ltr'>corruptelis</span> <span class='ocrx_word' id='word_1_328' title='bbox 796 2747 889 2807; x_wconf 91' lang='lat' dir='ltr'>deleri</span> <span class='ocrx_word' id='word_1_329' title='bbox 903 2748 1010 2827; x_wconf 92' lang='lat' dir='ltr'>potuit,</span> <span class='ocrx_word' id='word_1_330' title='bbox 1030 2748 1152 2828; x_wconf 90' lang='lat' dir='ltr'>quaein</span> <span class='ocrx_word' id='word_1_331' title='bbox 1164 2749 1227 2810; x_wconf 90' lang='lat' dir='ltr'>Dei</span> <span class='ocrx_word' id='word_1_332' title='bbox 1239 2751 1310 2812; x_wconf 88' lang='lat' dir='ltr'>ado·</span> 
     </span>
     <span class='ocr_line' id='line_1_34' title="bbox 172 2821 1313 2960; baseline 0.003 -76"><span class='ocrx_word' id='word_1_333' title='bbox 172 2824 255 2886; x_wconf 90' lang='lat' dir='ltr'>tioue</span> <span class='ocrx_word' id='word_1_334' title='bbox 274 2824 395 2884; x_wconf 85' lang='lat' dir='ltr'>lundata</span> <span class='ocrx_word' id='word_1_335' title='bbox 415 2835 493 2900; x_wconf 88' lang='lat' dir='ltr'>erat,</span> <span class='ocrx_word' id='word_1_336' title='bbox 512 2821 658 2884; x_wconf 87' lang='lat' dir='ltr'>sanctitas.</span> <span class='ocrx_word' id='word_1_337' title='bbox 696 2822 769 2898; x_wconf 86' lang='lat' dir='ltr'>Vel,</span> <span class='ocrx_word' id='word_1_338' title='bbox 788 2823 811 2884; x_wconf 89' lang='lat' dir='ltr'>si</span> <span class='ocrx_word' id='word_1_339' title='bbox 831 2823 896 2960; x_wconf 86' lang='lat' dir='ltr'>quis</span> <span class='ocrx_word' id='word_1_340' title='bbox 916 2823 1032 2886; x_wconf 85' lang='lat' dir='ltr'>brevius</span> <span class='ocrx_word' id='word_1_341' title='bbox 1052 2825 1152 2900; x_wconf 89' lang='lat' dir='ltr'>malit,</span> <span class='ocrx_word' id='word_1_342' title='bbox 1174 2847 1209 2886; x_wconf 83' lang='lat' dir='ltr'>es</span> <span class='ocrx_word' id='word_1_343' title='bbox 1230 2840 1313 2907; x_wconf 86' lang='lat' dir='ltr'>parte</span> 
     </span>
     <span class='ocr_line' id='line_1_35' title="bbox 150 2847 1312 2983; baseline 0.001 -21"><span class='ocrx_word' id='word_1_344' title='bbox 150 2847 302 2963; x_wconf 79' lang='lat' dir='ltr'>bominum</span> <span class='ocrx_word' id='word_1_345' title='bbox 322 2900 463 2983; x_wconf 85' lang='lat' dir='ltr'>prolana,</span> <span class='ocrx_word' id='word_1_346' title='bbox 484 2919 518 2959; x_wconf 82' lang='lat' dir='ltr'>ex</span> <span class='ocrx_word' id='word_1_347' title='bbox 537 2910 619 2979; x_wconf 88' lang='lat' dir='ltr'>parte</span> <span class='ocrx_word' id='word_1_348' title='bbox 639 2896 698 2958; x_wconf 89' lang='lat' dir='ltr'>Dei</span> <span class='ocrx_word' id='word_1_349' title='bbox 716 2911 816 2960; x_wconf 82' lang='lat' dir='ltr'>sancta</span> <span class='ocrx_word' id='word_1_350' title='bbox 851 2900 908 2974; x_wconf 91' lang='lat' dir='ltr'>uit,</span> <span class='ocrx_word' id='word_1_351' title='bbox 934 2900 1080 2980; x_wconf 91' lang='lat' dir='ltr'>usquead</span> <span class='ocrx_word' id='word_1_352' title='bbox 1101 2904 1210 2982; x_wconf 88' lang='lat' dir='ltr'>templi</span> <span class='ocrx_word' id='word_1_353' title='bbox 1236 2905 1312 2964; x_wconf 79' lang='lat' dir='ltr'>exci-</span> 
     </span>
     <span class='ocr_line' id='line_1_36' title="bbox 151 2973 1312 3062; baseline 0.002 -23"><span class='ocrx_word' id='word_1_354' title='bbox 151 2976 230 3040; x_wconf 88' lang='lat' dir='ltr'>dium</span> <span class='ocrx_word' id='word_1_355' title='bbox 239 2977 287 3038; x_wconf 82' lang='lat' dir='ltr'>vel</span> <span class='ocrx_word' id='word_1_356' title='bbox 297 2975 503 3059; x_wconf 86' lang='lat' dir='ltr'>pollutionem,</span> <span class='ocrx_word' id='word_1_357' title='bbox 510 2995 584 3054; x_wconf 87' lang='lat' dir='ltr'>quae</span> <span class='ocrx_word' id='word_1_358' title='bbox 593 2995 655 3034; x_wconf 89' lang='lat' dir='ltr'>non</span> <span class='ocrx_word' id='word_1_359' title='bbox 666 2974 759 3035; x_wconf 91' lang='lat' dir='ltr'>multo</span> <span class='ocrx_word' id='word_1_360' title='bbox 766 2973 989 3056; x_wconf 86' lang='lat' dir='ltr'>postChristum</span> <span class='ocrx_word' id='word_1_361' title='bbox 998 2977 1168 3038; x_wconf 85' lang='lat' dir='ltr'>cmcilixum</span> <span class='ocrx_word' id='word_1_362' title='bbox 1175 2981 1312 3062; x_wconf 89' lang='lat' dir='ltr'>contigit.</span> 
     </span>
     <span class='ocr_line' id='line_1_37' title="bbox 225 3050 1313 3144; baseline 0.005 -31"><span class='ocrx_word' id='word_1_363' title='bbox 225 3061 273 3118; x_wconf 79' lang='lat'>5⁴.</span> <span class='ocrx_word' id='word_1_364' title='bbox 314 3055 446 3113; x_wconf 70' lang='lat' dir='ltr'>Cannutio</span> <span class='ocrx_word' id='word_1_365' title='bbox 464 3074 539 3112; x_wconf 79' lang='lat' dir='ltr'>ueto.</span> <span class='ocrx_word' id='word_1_366' title='bbox 579 3050 679 3126; x_wconf 89' lang='lat' dir='ltr'>Quum</span> <span class='ocrx_word' id='word_1_367' title='bbox 704 3051 798 3113; x_wconf 86' lang='lat' dir='ltr'>Lucas</span> <span class='ocrx_word' id='word_1_368' title='bbox 823 3051 973 3132; x_wconf 88' lang='lat' dir='ltr'>planctum</span> <span class='ocrx_word' id='word_1_369' title='bbox 993 3054 1102 3144; x_wconf 82' lang='lat' dir='ltr'>populi</span> <span class='ocrx_word' id='word_1_370' title='bbox 1126 3077 1313 3117; x_wconf 72' lang='lat' dir='ltr'>commano-</span> 
     </span>
     <span class='ocr_line' id='line_1_38' title="bbox 151 3127 1312 3212; baseline 0.003 -22"><span class='ocrx_word' id='word_1_371' title='bbox 151 3141 213 3204; x_wconf 90' lang='lat' dir='ltr'>ret,</span> <span class='ocrx_word' id='word_1_372' title='bbox 230 3150 295 3195; x_wconf 85' lang='lat' dir='ltr'>oon</span> <span class='ocrx_word' id='word_1_373' title='bbox 319 3128 398 3190; x_wconf 89' lang='lat' dir='ltr'>solus</span> <span class='ocrx_word' id='word_1_374' title='bbox 420 3127 563 3190; x_wconf 88' lang='lat' dir='ltr'>Centurio</span> <span class='ocrx_word' id='word_1_375' title='bbox 589 3147 655 3188; x_wconf 91' lang='lat' dir='ltr'>cum</span> <span class='ocrx_word' id='word_1_376' title='bbox 679 3127 738 3188; x_wconf 91' lang='lat' dir='ltr'>suis</span> <span class='ocrx_word' id='word_1_377' title='bbox 762 3128 903 3189; x_wconf 89' lang='lat' dir='ltr'>militibus</span> <span class='ocrx_word' id='word_1_378' title='bbox 928 3129 1076 3191; x_wconf 74' lang='lat' dir='ltr'>Christum</span> <span class='ocrx_word' id='word_1_379' title='bbox 1103 3133 1233 3212; x_wconf 83' lang='lat' dir='ltr'>agnovit</span> <span class='ocrx_word' id='word_1_380' title='bbox 1256 3134 1312 3194; x_wconf 83' lang='lat' dir='ltr'>Dei</span> 
     </span>
     <span class='ocr_line' id='line_1_39' title="bbox 150 3202 1316 3288; baseline 0.006 -23"><span class='ocrx_word' id='word_1_381' title='bbox 150 3205 273 3279; x_wconf 83' lang='lat' dir='ltr'>Filium,</span> <span class='ocrx_word' id='word_1_382' title='bbox 297 3205 350 3266; x_wconf 90' lang='lat' dir='ltr'>sed</span> <span class='ocrx_word' id='word_1_383' title='bbox 370 3205 426 3266; x_wconf 90' lang='lat' dir='ltr'>hoc</span> <span class='ocrx_word' id='word_1_384' title='bbox 453 3205 559 3268; x_wconf 88' lang='lat' dir='ltr'>diserte</span> <span class='ocrx_word' id='word_1_385' title='bbox 583 3203 718 3264; x_wconf 81' lang='lat' dir='ltr'>referunt</span> <span class='ocrx_word' id='word_1_386' title='bbox 737 3202 773 3266; x_wconf 91' lang='lat' dir='ltr'>de</span> <span class='ocrx_word' id='word_1_387' title='bbox 795 3205 859 3285; x_wconf 89' lang='lat' dir='ltr'>ipso</span> <span class='ocrx_word' id='word_1_388' title='bbox 879 3205 1085 3288; x_wconf 85' lang='lat' dir='ltr'>Evangelistae</span> <span class='ocrx_word' id='word_1_389' title='bbox 1112 3209 1316 3288; x_wconf 83' lang='lat' dir='ltr'>amplificandi</span> 
     </span>
     <span class='ocr_line' id='line_1_40' title="bbox 68 3280 1316 3364; baseline 0.002 -20"><span class='ocrx_word' id='word_1_390' title='bbox 68 3337 88 3354; x_wconf 83' lang='grc'><em>,</em></span> <span class='ocrx_word' id='word_1_391' title='bbox 152 3303 251 3344; x_wconf 85' lang='lat' dir='ltr'>cansa:</span> <span class='ocrx_word' id='word_1_392' title='bbox 278 3281 346 3361; x_wconf 91' lang='lat' dir='ltr'>quia</span> <span class='ocrx_word' id='word_1_393' title='bbox 366 3280 470 3342; x_wconf 88' lang='lat' dir='ltr'>mirum</span> <span class='ocrx_word' id='word_1_394' title='bbox 490 3281 529 3342; x_wconf 90' lang='lat' dir='ltr'>sit</span> <span class='ocrx_word' id='word_1_395' title='bbox 546 3280 703 3361; x_wconf 82' lang='lat' dir='ltr'>profanum</span> <span class='ocrx_word' id='word_1_396' title='bbox 724 3280 890 3358; x_wconf 89' lang='lat' dir='ltr'>hominem,</span> <span class='ocrx_word' id='word_1_397' title='bbox 914 3303 970 3343; x_wconf 90' lang='lat' dir='ltr'>nec</span> <span class='ocrx_word' id='word_1_398' title='bbox 991 3282 1021 3342; x_wconf 91' lang='lat' dir='ltr'>in</span> <span class='ocrx_word' id='word_1_399' title='bbox 1040 3283 1122 3364; x_wconf 88' lang='lat' dir='ltr'>Lege</span> <span class='ocrx_word' id='word_1_400' title='bbox 1143 3287 1316 3358; x_wconf 84' lang='lat' dir='ltr'>educatam,</span> 
     </span>
     <span class='ocr_line' id='line_1_41' title="bbox 151 3357 1315 3440; baseline 0.003 -19"><span class='ocrx_word' id='word_1_401' title='bbox 151 3359 203 3422; x_wconf 90' lang='lat' dir='ltr'>sed</span> <span class='ocrx_word' id='word_1_402' title='bbox 221 3378 309 3419; x_wconf 78' lang='lat' dir='ltr'>serae</span> <span class='ocrx_word' id='word_1_403' title='bbox 330 3357 446 3439; x_wconf 89' lang='lat' dir='ltr'>pietatis</span> <span class='ocrx_word' id='word_1_404' title='bbox 466 3369 625 3439; x_wconf 87' lang='lat' dir='ltr'>expertem,</span> <span class='ocrx_word' id='word_1_405' title='bbox 645 3357 702 3418; x_wconf 89' lang='lat' dir='ltr'>tale</span> <span class='ocrx_word' id='word_1_406' title='bbox 722 3378 757 3418; x_wconf 85' lang='lat' dir='ltr'>ex</span> <span class='ocrx_word' id='word_1_407' title='bbox 775 3358 867 3440; x_wconf 90' lang='lat' dir='ltr'>signis</span> <span class='ocrx_word' id='word_1_408' title='bbox 888 3378 962 3437; x_wconf 88' lang='lat' dir='ltr'>quae</span> <span class='ocrx_word' id='word_1_409' title='bbox 981 3357 1257 3422; x_wconf 82' lang='lat' dir='ltr'>videbatiudicinm</span> <span class='ocrx_word' id='word_1_410' title='bbox 1270 3365 1315 3424; x_wconf 81' lang='lat' dir='ltr'>le-</span> 
     </span>
     <span class='ocr_line' id='line_1_42' title="bbox 151 3433 1317 3518; baseline 0.001 -21"><span class='ocrx_word' id='word_1_411' title='bbox 151 3435 234 3498; x_wconf 88' lang='lat' dir='ltr'>cisse.</span> <span class='ocrx_word' id='word_1_412' title='bbox 273 3435 359 3511; x_wconf 89' lang='lat' dir='ltr'>Quae</span> <span class='ocrx_word' id='word_1_413' title='bbox 380 3435 561 3515; x_wconf 89' lang='lat' dir='ltr'>comparatio</span> <span class='ocrx_word' id='word_1_414' title='bbox 581 3435 618 3494; x_wconf 93' lang='lat' dir='ltr'>ad</span> <span class='ocrx_word' id='word_1_415' title='bbox 638 3433 834 3496; x_wconf 90' lang='lat' dir='ltr'>damnandum</span> <span class='ocrx_word' id='word_1_416' title='bbox 853 3433 933 3496; x_wconf 89' lang='lat' dir='ltr'>urbis</span> <span class='ocrx_word' id='word_1_417' title='bbox 951 3447 1103 3515; x_wconf 89' lang='lat' dir='ltr'>stuporem</span> <span class='ocrx_word' id='word_1_418' title='bbox 1123 3457 1188 3498; x_wconf 90' lang='lat' dir='ltr'>noo</span> <span class='ocrx_word' id='word_1_419' title='bbox 1208 3461 1317 3518; x_wconf 85' lang='lat' dir='ltr'>parum</span> 
     </span>
     <span class='ocr_line' id='line_1_43' title="bbox 150 3509 1316 3593; baseline 0.003 -19"><span class='ocrx_word' id='word_1_420' title='bbox 150 3513 242 3574; x_wconf 79' lang='lat' dir='ltr'>valet:</span> <span class='ocrx_word' id='word_1_421' title='bbox 263 3533 332 3572; x_wconf 88' lang='lat' dir='ltr'>nam</span> <span class='ocrx_word' id='word_1_422' title='bbox 372 3522 469 3572; x_wconf 87' lang='lat' dir='ltr'>raeter</span> <span class='ocrx_word' id='word_1_423' title='bbox 487 3523 576 3571; x_wconf 89' lang='lat' dir='ltr'>tenue</span> <span class='ocrx_word' id='word_1_424' title='bbox 595 3509 708 3593; x_wconf 81' lang='lat' dir='ltr'>vulgus,</span> <span class='ocrx_word' id='word_1_425' title='bbox 728 3511 825 3572; x_wconf 90' lang='lat' dir='ltr'>nullos</span> <span class='ocrx_word' id='word_1_426' title='bbox 847 3532 882 3572; x_wconf 86' lang='lat' dir='ltr'>ex</span> <span class='ocrx_word' id='word_1_427' title='bbox 901 3511 1016 3572; x_wconf 89' lang='lat' dir='ltr'>Iudaeis</span> <span class='ocrx_word' id='word_1_428' title='bbox 1035 3533 1180 3576; x_wconf 86' lang='lat' dir='ltr'>concussa</span> <span class='ocrx_word' id='word_1_429' title='bbox 1199 3528 1232 3576; x_wconf 91' lang='lat' dir='ltr'>et</span> <span class='ocrx_word' id='word_1_430' title='bbox 1252 3529 1316 3577; x_wconf 89' lang='lat' dir='ltr'>tre-</span> 
     </span>
     <span class='ocr_line' id='line_1_44' title="bbox 151 3531 1314 3672; baseline 0.002 -22"><span class='ocrx_word' id='word_1_431' title='bbox 151 3601 250 3652; x_wconf 82' lang='lat' dir='ltr'>mente</span> <span class='ocrx_word' id='word_1_432' title='bbox 269 3531 372 3652; x_wconf 90' lang='lat' dir='ltr'>mundi</span> <span class='ocrx_word' id='word_1_433' title='bbox 390 3587 523 3648; x_wconf 75' lang='lat' dir='ltr'>machina</span> <span class='ocrx_word' id='word_1_434' title='bbox 542 3586 630 3648; x_wconf 81' lang='lat' dir='ltr'>fuisse</span> <span class='ocrx_word' id='word_1_435' title='bbox 650 3599 759 3662; x_wconf 88' lang='lat' dir='ltr'>motos,</span> <span class='ocrx_word' id='word_1_436' title='bbox 779 3587 928 3648; x_wconf 91' lang='lat' dir='ltr'>horribilis</span> <span class='ocrx_word' id='word_1_437' title='bbox 948 3589 1092 3650; x_wconf 83' lang='lat' dir='ltr'>amentiae</span> <span class='ocrx_word' id='word_1_438' title='bbox 1112 3590 1234 3672; x_wconf 89' lang='lat' dir='ltr'>signum</span> <span class='ocrx_word' id='word_1_439' title='bbox 1246 3593 1314 3652; x_wconf 78' lang='lat' dir='ltr'>luit</span> 
     </span>
     <span class='ocr_line' id='line_1_45' title="bbox 109 3664 1316 3746; baseline 0.002 -20"><span class='ocrx_word' id='word_1_440' title='bbox 109 3693 112 3700; x_wconf 91' lang='lat'>·</span> <span class='ocrx_word' id='word_1_441' title='bbox 153 3667 330 3746; x_wconf 87' lang='lat' dir='ltr'>Quanquam</span> <span class='ocrx_word' id='word_1_442' title='bbox 337 3665 419 3727; x_wconf 87' lang='lat' dir='ltr'>Deus</span> <span class='ocrx_word' id='word_1_443' title='bbox 431 3665 460 3724; x_wconf 92' lang='lat' dir='ltr'>in</span> <span class='ocrx_word' id='word_1_444' title='bbox 471 3676 530 3724; x_wconf 90' lang='lat' dir='ltr'>tam</span> <span class='ocrx_word' id='word_1_445' title='bbox 543 3684 637 3725; x_wconf 88' lang='lat' dir='ltr'>crassa</span> <span class='ocrx_word' id='word_1_446' title='bbox 650 3664 805 3740; x_wconf 86' lang='lat' dir='ltr'>coecitate,</span> <span class='ocrx_word' id='word_1_447' title='bbox 813 3685 888 3744; x_wconf 90' lang='lat' dir='ltr'>quae</span> <span class='ocrx_word' id='word_1_448' title='bbox 901 3665 937 3725; x_wconf 92' lang='lat' dir='ltr'>de</span> <span class='ocrx_word' id='word_1_449' title='bbox 948 3664 1025 3726; x_wconf 84' lang='lat' dir='ltr'>Filio</span> <span class='ocrx_word' id='word_1_450' title='bbox 1037 3686 1091 3726; x_wconf 91' lang='lat' dir='ltr'>suo</span> <span class='ocrx_word' id='word_1_451' title='bbox 1105 3668 1217 3728; x_wconf 89' lang='lat' dir='ltr'>edebat</span> <span class='ocrx_word' id='word_1_452' title='bbox 1227 3670 1316 3728; x_wconf 86' lang='lat' dir='ltr'>testi-</span> 
     </span>
     <span class='ocr_line' id='line_1_46' title="bbox 151 3741 1318 3824; baseline 0.004 -22"><span class='ocrx_word' id='word_1_453' title='bbox 151 3741 251 3804; x_wconf 91' lang='lat' dir='ltr'>monia</span> <span class='ocrx_word' id='word_1_454' title='bbox 271 3741 362 3805; x_wconf 90' lang='lat' dir='ltr'>latere</span> <span class='ocrx_word' id='word_1_455' title='bbox 383 3762 481 3823; x_wconf 89' lang='lat' dir='ltr'>passus</span> <span class='ocrx_word' id='word_1_456' title='bbox 500 3761 562 3800; x_wconf 90' lang='lat' dir='ltr'>uon</span> <span class='ocrx_word' id='word_1_457' title='bbox 583 3752 635 3800; x_wconf 89' lang='lat' dir='ltr'>est.</span> <span class='ocrx_word' id='word_1_458' title='bbox 673 3741 756 3823; x_wconf 84' lang='lat' dir='ltr'>Ergo</span> <span class='ocrx_word' id='word_1_459' title='bbox 777 3761 838 3802; x_wconf 89' lang='lat' dir='ltr'>uon</span> <span class='ocrx_word' id='word_1_460' title='bbox 858 3753 970 3801; x_wconf 89' lang='lat' dir='ltr'>tantum</span> <span class='ocrx_word' id='word_1_461' title='bbox 990 3763 1058 3802; x_wconf 83' lang='lat' dir='ltr'>vera</span> <span class='ocrx_word' id='word_1_462' title='bbox 1077 3742 1189 3824; x_wconf 86' lang='lat' dir='ltr'>religio</span> <span class='ocrx_word' id='word_1_463' title='bbox 1207 3747 1318 3806; x_wconf 86' lang='lat' dir='ltr'>ocula-</span> 
     </span>
     <span class='ocr_line' id='line_1_47' title="bbox 151 3815 1320 3901; baseline 0.003 -21"><span class='ocrx_word' id='word_1_464' title='bbox 151 3831 198 3880; x_wconf 90' lang='lat' dir='ltr'>tos</span> <span class='ocrx_word' id='word_1_465' title='bbox 217 3819 346 3880; x_wconf 88' lang='lat' dir='ltr'>reddidit</span> <span class='ocrx_word' id='word_1_466' title='bbox 365 3839 455 3898; x_wconf 90' lang='lat' dir='ltr'>puros</span> <span class='ocrx_word' id='word_1_467' title='bbox 474 3817 533 3878; x_wconf 89' lang='lat' dir='ltr'>Dei</span> <span class='ocrx_word' id='word_1_468' title='bbox 551 3815 688 3892; x_wconf 88' lang='lat' dir='ltr'>cultores,</span> <span class='ocrx_word' id='word_1_469' title='bbox 708 3829 741 3877; x_wconf 92' lang='lat' dir='ltr'>ut</span> <span class='ocrx_word' id='word_1_470' title='bbox 759 3818 904 3878; x_wconf 90' lang='lat' dir='ltr'>sentirent</span> <span class='ocrx_word' id='word_1_471' title='bbox 922 3816 1033 3878; x_wconf 89' lang='lat' dir='ltr'>Christi</span> <span class='ocrx_word' id='word_1_472' title='bbox 1052 3817 1209 3901; x_wconf 87' lang='lat' dir='ltr'>gloriame</span> <span class='ocrx_word' id='word_1_473' title='bbox 1225 3823 1320 3883; x_wconf 89' lang='lat' dir='ltr'>coelo</span> 
     </span>
     <span class='ocr_line' id='line_1_48' title="bbox 150 3891 1321 3986; baseline 0.003 -30"><span class='ocrx_word' id='word_1_474' title='bbox 150 3895 299 3971; x_wconf 85' lang='lat' dir='ltr'>illustrari,</span> <span class='ocrx_word' id='word_1_475' title='bbox 317 3895 369 3958; x_wconf 88' lang='lat' dir='ltr'>sed</span> <span class='ocrx_word' id='word_1_476' title='bbox 388 3895 452 3975; x_wconf 91' lang='lat' dir='ltr'>ipse</span> <span class='ocrx_word' id='word_1_477' title='bbox 468 3905 590 3952; x_wconf 88' lang='lat' dir='ltr'>naturae</span> <span class='ocrx_word' id='word_1_478' title='bbox 609 3914 708 3966; x_wconf 70' lang='lat' dir='ltr'>sensus</span> <span class='ocrx_word' id='word_1_479' title='bbox 729 3891 843 3956; x_wconf 81' lang='lat' dir='ltr'>exteros</span> <span class='ocrx_word' id='word_1_480' title='bbox 862 3893 1006 3968; x_wconf 86' lang='lat' dir='ltr'>homines,</span> <span class='ocrx_word' id='word_1_481' title='bbox 1026 3895 1191 3986; x_wconf 91' lang='lat' dir='ltr'>etquidem</span> <span class='ocrx_word' id='word_1_482' title='bbox 1203 3899 1321 3960; x_wconf 83' lang='lat' dir='ltr'>milites</span> 
     </span>
     <span class='ocr_line' id='line_1_49' title="bbox 152 3964 1321 4062; baseline 0.003 -30"><span class='ocrx_word' id='word_1_483' title='bbox 152 3973 239 4034; x_wconf 84' lang='lat' dir='ltr'>lateri</span> <span class='ocrx_word' id='word_1_484' title='bbox 263 3971 378 4054; x_wconf 87' lang='lat' dir='ltr'>coegit,</span> <span class='ocrx_word' id='word_1_485' title='bbox 405 3971 484 4062; x_wconf 85' lang='lat' dir='ltr'>quod</span> <span class='ocrx_word' id='word_1_486' title='bbox 509 3989 608 4049; x_wconf 90' lang='lat' dir='ltr'>neque</span> <span class='ocrx_word' id='word_1_487' title='bbox 628 3990 663 4031; x_wconf 83' lang='lat' dir='ltr'>ex</span> <span class='ocrx_word' id='word_1_488' title='bbox 681 3964 764 4052; x_wconf 88' lang='lat' dir='ltr'>Lege</span> <span class='ocrx_word' id='word_1_489' title='bbox 791 3986 888 4050; x_wconf 90' lang='lat' dir='ltr'>neque</span> <span class='ocrx_word' id='word_1_490' title='bbox 909 3991 943 4030; x_wconf 87' lang='lat' dir='ltr'>ex</span> <span class='ocrx_word' id='word_1_491' title='bbox 962 3971 1106 4051; x_wconf 83' lang='lat' dir='ltr'>magistus</span> <span class='ocrx_word' id='word_1_492' title='bbox 1133 3973 1321 4036; x_wconf 86' lang='lat' dir='ltr'>didicerant.</span> 
     </span>
     <span class='ocr_line' id='line_1_50' title="bbox 152 4045 1321 4142; baseline 0.005 -34"><span class='ocrx_word' id='word_1_493' title='bbox 152 4047 239 4142; x_wconf 69' lang='lat' dir='ltr'>Quiq</span> <span class='ocrx_word' id='word_1_494' title='bbox 252 4049 367 4110; x_wconf 88' lang='lat' dir='ltr'>Marcus</span> <span class='ocrx_word' id='word_1_495' title='bbox 388 4047 474 4122; x_wconf 78' lang='lat' dir='ltr'>dreit,</span> <span class='ocrx_word' id='word_1_496' title='bbox 495 4045 710 4108; x_wconf 87' lang='lat' dir='ltr'>Centurionem</span> <span class='ocrx_word' id='word_1_497' title='bbox 728 4047 770 4108; x_wconf 89' lang='lat' dir='ltr'>sic</span> <span class='ocrx_word' id='word_1_498' title='bbox 789 4047 962 4126; x_wconf 87' lang='lat' dir='ltr'>loquutum,</span> <span class='ocrx_word' id='word_1_499' title='bbox 980 4047 1058 4127; x_wconf 86' lang='lat' dir='ltr'>quod</span> <span class='ocrx_word' id='word_1_500' title='bbox 1086 4045 1228 4112; x_wconf 88' lang='lat' dir='ltr'>Christus</span> <span class='ocrx_word' id='word_1_501' title='bbox 1253 4075 1321 4114; x_wconf 89' lang='lat' dir='ltr'>ma-</span> 
     </span>
     <span class='ocr_line' id='line_1_51' title="bbox 150 4123 1322 4215; baseline 0.007 -32"><span class='ocrx_word' id='word_1_502' title='bbox 150 4143 213 4215; x_wconf 84' lang='lat' dir='ltr'>gno</span> <span class='ocrx_word' id='word_1_503' title='bbox 233 4125 361 4186; x_wconf 89' lang='lat' dir='ltr'>clamore</span> <span class='ocrx_word' id='word_1_504' title='bbox 380 4123 485 4184; x_wconf 89' lang='lat' dir='ltr'>emisso</span> <span class='ocrx_word' id='word_1_505' title='bbox 505 4123 719 4204; x_wconf 81' lang='lat' dir='ltr'>suspiravisset,</span> <span class='ocrx_word' id='word_1_506' title='bbox 744 4135 849 4203; x_wconf 89' lang='lat' dir='ltr'>putant</span> <span class='ocrx_word' id='word_1_507' title='bbox 873 4124 989 4202; x_wconf 87' lang='lat' dir='ltr'>quidam</span> <span class='ocrx_word' id='word_1_508' title='bbox 1014 4123 1192 4202; x_wconf 88' lang='lat' dir='ltr'>interpretes</span> <span class='ocrx_word' id='word_1_509' title='bbox 1215 4129 1322 4191; x_wconf 70' lang='lat' dir='ltr'>mouri</span> 
     </span>
     <span class='ocr_line' id='line_1_52' title="bbox 152 4195 1322 4282; baseline 0.008 -24"><span class='ocrx_word' id='word_1_510' title='bbox 152 4195 302 4258; x_wconf 77' lang='lat' dir='ltr'>insolitum</span> <span class='ocrx_word' id='word_1_511' title='bbox 321 4201 466 4281; x_wconf 84' lang='lat' dir='ltr'>vigorem,</span> <span class='ocrx_word' id='word_1_512' title='bbox 486 4199 536 4278; x_wconf 93' lang='lat' dir='ltr'>qui</span> <span class='ocrx_word' id='word_1_513' title='bbox 547 4199 583 4260; x_wconf 90' lang='lat' dir='ltr'>ad</span> <span class='ocrx_word' id='word_1_514' title='bbox 595 4210 721 4260; x_wconf 85' lang='lat' dir='ltr'>mortem</span> <span class='ocrx_word' id='word_1_515' title='bbox 738 4221 832 4278; x_wconf 90' lang='lat' dir='ltr'>usque</span> <span class='ocrx_word' id='word_1_516' title='bbox 853 4199 970 4282; x_wconf 90' lang='lat' dir='ltr'>integer</span> <span class='ocrx_word' id='word_1_517' title='bbox 989 4200 1172 4279; x_wconf 88' lang='lat' dir='ltr'>perstiterat:</span> <span class='ocrx_word' id='word_1_518' title='bbox 1193 4217 1230 4264; x_wconf 92' lang='lat' dir='ltr'>et</span> <span class='ocrx_word' id='word_1_519' title='bbox 1245 4227 1322 4266; x_wconf 87' lang='lat' dir='ltr'>saue</span> 
     </span>
    </p>
   </div>
   <div class='ocr_carea' id='block_1_3' title="bbox 60 4271 1322 4428">
    <p class='ocr_par' dir='ltr' id='par_1_3' title="bbox 60 4271 1322 4428">
     <span class='ocr_line' id='line_1_53' title="bbox 60 4271 1322 4408; baseline 0.01 -77"><span class='ocrx_word' id='word_1_520' title='bbox 60 4329 74 4346; x_wconf 72' lang='lat'>,</span> <span class='ocrx_word' id='word_1_521' title='bbox 153 4291 243 4408; x_wconf 83' lang='lat' dir='ltr'>quum</span> <span class='ocrx_word' id='word_1_522' title='bbox 265 4271 327 4334; x_wconf 83' lang='lat' dir='ltr'>lere</span> <span class='ocrx_word' id='word_1_523' title='bbox 347 4295 490 4364; x_wconf 72' lang='lat' dir='ltr'>exsangue</span> <span class='ocrx_word' id='word_1_524' title='bbox 517 4287 592 4338; x_wconf 87' lang='lat' dir='ltr'>esset</span> <span class='ocrx_word' id='word_1_525' title='bbox 611 4274 722 4358; x_wconf 84' lang='lat' dir='ltr'>Christi</span> <span class='ocrx_word' id='word_1_526' title='bbox 742 4297 865 4368; x_wconf 87' lang='lat' dir='ltr'>corpus,</span> <span class='ocrx_word' id='word_1_527' title='bbox 884 4277 947 4366; x_wconf 33' lang='lat' dir='ltr'>&#39;hoc</span> <span class='ocrx_word' id='word_1_528' title='bbox 973 4275 1100 4336; x_wconf 88' lang='lat' dir='ltr'>humano</span> <span class='ocrx_word' id='word_1_529' title='bbox 1125 4299 1215 4339; x_wconf 85' lang='lat' dir='ltr'>more</span> <span class='ocrx_word' id='word_1_530' title='bbox 1238 4284 1322 4343; x_wconf 86' lang='lat' dir='ltr'>acci-</span> 
     </span>
     <span class='ocr_line' id='line_1_54' title="bbox 174 4351 1321 4428; baseline 0.013 -21"><span class='ocrx_word' id='word_1_531' title='bbox 174 4366 225 4408; x_wconf 88' lang='lat' dir='ltr'>ere</span> <span class='ocrx_word' id='word_1_532' title='bbox 245 4369 306 4408; x_wconf 89' lang='lat' dir='ltr'>non</span> <span class='ocrx_word' id='word_1_533' title='bbox 332 4359 445 4428; x_wconf 77' lang='lat' dir='ltr'>potuit,</span> <span class='ocrx_word' id='word_1_534' title='bbox 470 4361 504 4412; x_wconf 92' lang='lat' dir='ltr'>ut</span> <span class='ocrx_word' id='word_1_535' title='bbox 521 4351 645 4416; x_wconf 87' lang='lat' dir='ltr'>laterum</span> <span class='ocrx_word' id='word_1_536' title='bbox 665 4364 697 4414; x_wconf 90' lang='lat' dir='ltr'>et</span> <span class='ocrx_word' id='word_1_537' title='bbox 714 4363 838 4416; x_wconf 75' lang='lat' dir='ltr'>arteriae</span> <span class='ocrx_word' id='word_1_538' title='bbox 863 4376 906 4416; x_wconf 88' lang='lat' dir='ltr'>vu</span> <span class='ocrx_word' id='word_1_539' title='bbox 926 4353 961 4416; x_wconf 88' lang='lat' dir='ltr'>ad</span> <span class='ocrx_word' id='word_1_540' title='bbox 980 4373 1122 4416; x_wconf 88' lang='lat' dir='ltr'>sonorum</span> <span class='ocrx_word' id='word_1_541' title='bbox 1148 4354 1321 4422; x_wconf 79' lang='lat' dir='ltr'>clamorem</span> 
     </span>
    </p>
   </div>
   <div class='ocr_carea' id='block_1_4' title="bbox 0 0 1387 4854">
    <p class='ocr_par' dir='ltr' id='par_1_4' title="bbox 0 0 1387 4854">
     <span class='ocr_line' id='line_1_55' title="bbox 0 0 1387 4854; baseline 0 0"><span class='ocrx_word' id='word_1_542' title='bbox 0 0 1387 4854; x_wconf 95' lang='lat' dir='ltr'> </span> 
     </span>
    </p>
   </div>
  </div>
 </body>
</html>
