2768 4834
457 66 464 98 ι
540 109 545 116 ι

460 266 597 329 Ounrrn
614 281 651 368 ru
671 281 798 331 nourr.
1137 277 1196 342 141

140 417 289 489 MARC,
308 421 365 489 IX.
412 405 462 491 le.
488 424 570 490 Nam
596 427 703 494 omnis
727 423 861 506 (hono)
884 426 959 514 igne
986 424 1135 506 salietur,
1164 437 1199 497 et

61 525 162 588 omnis
182 527 316 589 victima
338 522 409 589 sale
429 523 570 593 salietur.
611 527 662 592 5⁰.
683 526 778 591 Bona
798 547 850 592 res
872 537 921 593 est
941 525 1004 606 sal,
1026 541 1198 596 ¹coeterum
1246 572 1250 580 ·

59 621 152 688 sisal
173 623 320 692 insulsus
347 625 460 705 luerit,
492 629 525 692 in
555 647 621 714 quo
647 631 750 713 ipsum
779 628 970 694 condietur?
1009 627 1138 693 Habete
1163 632 1199 696 in

60 723 152 792 robis
173 726 257 812 ipsis
278 723 394 802 saleru,
421 733 453 790 et
473 748 586 811 pacem
607 731 744 793 invicem
768 728 875 794 colite.
916 729 958 796 V.
979 730 1030 795 21.
1049 729 1093 794 Et
1113 711 1200 808 dice*-

60 827 110 892 bat
131 826 211 904 illis,
232 825 320 891 Num
342 825 475 890 lucerna
496 828 687 907 incenditur,
710 839 744 894 ut
764 827 875 896 subter
890 828 1032 897 modium
1048 840 1200 916 ponetur,

60 941 108 994 aut
130 927 250 994 urbter
269 924 409 992 lectum?
428 947 538 992 nonne
562 937 596 992 nt
616 949 715 1015 super
735 929 966 997 candelabrum
987 935 1147 1018 ponatur?

137 1060 249 1129 LUC.
270 1061 358 1127 XlV.
399 1061 449 1125 34.
475 1061 588 1126 Bonus
615 1073 664 1128 est
689 1062 752 1129 sal:
793 1068 822 1130 si
847 1087 927 1132 sero
954 1064 1004 1132 sal
1023 1066 1199 1130 infatuatus
1252 1056 1255 1067 ’

61 1165 170 1240 luerit,
193 1181 262 1248 quo
284 1159 477 1226 condietur?
517 1162 568 1226 35.
589 1162 705 1250 Neque
727 1169 914 1242 interram,
938 1187 1045 1250 neque
1066 1169 1100 1232 in
1119 1177 1200 1231 ster·

61 1263 233 1352 quilinium
254 1261 343 1327 utilis
366 1260 529 1340 estimas
550 1266 723 1348 proliciunt
736 1267 852 1350 ipsum.
896 1265 964 1350 Qui
984 1263 1083 1331 habet
1105 1265 1201 1332 aurc's

62 1367 99 1430 ad
118 1362 337 1442 audiendum,
371 1361 488 1429 audiat.
539 1363 627 1430 Vlll.
655 1367 705 1432 16.
730 1366 836 1431 Nemo
857 1387 951 1443 vero,
977 1387 1074 1452 quum
1096 1367 1200 1433 lucer·

61 1489 131 1532 nam
160 1463 366 1540 accenderit,
400 1467 507 1548 operit
528 1485 598 1530 eam
620 1487 710 1544 vase,
742 1477 797 1532 aut
822 1464 935 1533 subter
954 1464 1074 1531 lectum
1094 1471 1201 1551 punit:

62 1569 116 1633 sed
143 1589 249 1652 super
275 1562 505 1630 candelabrum
534 1567 641 1649 ponit,
675 1577 709 1631 ut
734 1569 891 1635 intrantes
924 1565 1057 1633 videant
1081 1567 1200 1634 lumen.

64 1671 111 1734 xt.
155 1670 209 1734 33.
236 1667 345 1732 Nemo
373 1665 537 1732 lucernam
565 1666 727 1748 accendit,
762 1670 853 1734 etin
881 1666 1073 1734 abscondito
1100 1673 1201 1756 ponit,

65 1791 171 1858 neque
193 1767 310 1834 subter
330 1769 484 1845 modium,
505 1766 564 1834 sed
585 1790 683 1855 super
704 1767 942 1848 candelabrum,
964 1780 999 1835 ut
1020 1771 1076 1858 qui
1094 1773 1200 1858 ingre-

66 1872 196 1938 diuntur
218 1869 331 1935 lumen
352 1869 494 1934 rideant.

137 2035 246 2096 Matth.
266 2040 315 2100 13.
359 2033 424 2094 Vos
442 2037 508 2094 estis
526 2035 693 2096 salterrae.
734 2035 826 2112 Quod
850 2035 1002 2116 proprium
1023 2049 1068 2099 est
1087 2038 1199 2100 doctri·

67 2135 129 2186 nae,
149 2115 186 2172 ad
208 2131 354 2194 personas
364 2111 549 2186 transfertur,
570 2113 675 2191 quibus
690 2111 840 2174 commissa
851 2113 966 2173 esicius
978 2113 1199 2175 administratio.

69 2191 199 2252 Christus
220 2187 312 2260 enim,
333 2187 495 2267 Apostolos
515 2188 649 2248 vocando
671 2188 769 2248 Salem
789 2201 901 2262 terrae,
920 2189 1076 2272 intelligit,
1096 2212 1199 2250 eorum

68 2287 126 2326 csse
146 2287 254 2324 munus
273 2263 362 2324 salire
382 2275 499 2336 terram,
520 2265 586 2343 quia
605 2265 716 2326 scilicet
734 2265 808 2323 nihil
827 2265 883 2324 nisi
899 2264 1056 2355 insipidum
1071 2266 1201 2328 habeant

67 2343 208 2414 homines,
230 2342 331 2402 donec
351 2340 408 2400 sule
429 2340 581 2402 doctrinae
602 2340 737 2402 coelestis
757 2341 868 2400 conditi
889 2341 1007 2400 luerint
1037 2343 1200 2422 Postquam

70 2432 161 2479 autem
181 2418 251 2478 illos
272 2416 439 2490 admonuit,
459 2417 496 2476 ad
537 2417 586 2478 uid
605 2416 704 2476 vocati
723 2417 797 2491 sint,
822 2415 911 2498 grave
931 2416 986 2483 illis
1007 2430 1038 2476 et
1057 2419 1201 2479 horribile

71 2495 203 2555 indicium
226 2492 399 2567 denuntiat,
417 2493 473 2552 nisi
493 2514 514 2552 o
548 2493 594 2554 cio
613 2493 822 2571 respondeant.
860 2492 905 2552 hc
926 2492 1104 2568 doctrinam,
1125 2514 1201 2573 quae

70 2571 143 2662 apud
160 2572 231 2632 illos
252 2570 387 2650 deposita
406 2581 463 2643 est,
493 2570 534 2630 sic
561 2567 659 2628 bonae
685 2567 882 2627 conscientiae
907 2578 938 2626 et
958 2567 1023 2645 piae
1043 2574 1202 2650 rectaeque

70 2661 141 2708 ntae
160 2667 307 2708 annexam
328 2665 388 2705 esse
403 2647 543 2719 ostendit,
561 2656 605 2719 nt,
625 2664 699 2725 quse
719 2643 749 2702 in
770 2643 832 2703 aliis
851 2641 1014 2703 tolerabilis
1033 2643 1113 2704 soret
1133 2665 1201 2705 ccr-

71 2726 180 2804 ruptio,
200 2725 233 2782 in
253 2722 324 2802 ipsis
344 2721 521 2782 detestabilis
542 2721 632 2782 sitae
653 2719 785 2801 portenti
805 2717 1044 2779 locohabenda:
1077 2719 1134 2780 acsi
1155 2721 1200 2780 di-

72 2814 161 2874 ceret,
191 2801 226 2860 si
247 2819 348 2861 coram
367 2797 436 2857 Deo
460 2798 561 2858 insulsi
580 2809 649 2858 sunt
667 2795 773 2875 reliqui
798 2795 948 2868 homines,
978 2796 1063 2858 vobis
1084 2795 1201 2860 dabitur

71 2877 119 2950 sal,
137 2879 186 2957 qui
206 2895 346 2958 saporem
365 2875 422 2934 illis
443 2874 594 2934 conciliet:
622 2873 646 2934 si
666 2886 763 2932 autem
776 2871 912 2932 inlatuati
926 2871 998 2946 sitis,
1018 2874 1096 2933 unde
1116 2872 1201 2934 vobis

72 2957 226 3033 petendum
247 2951 306 3013 erit
325 2950 495 3024 remedium,
516 2952 597 3030 quod
616 2949 678 3010 aliis
699 2949 835 3010 conferre
855 2969 908 3008 vos
920 2949 1023 3011 decet?
1042 2949 1201 3030 bletspho-

72 3051 128 3090 ram
145 3051 218 3091 vero
240 3049 323 3097 suarn
342 3027 413 3087 scite
434 3027 623 3108 prosequitur
641 3026 803 3101 Dominus,
833 3047 922 3116 quum
943 3026 1029 3102 dicit,
1055 3027 1123 3087 alias
1143 3047 1202 3102 res,
1227 3033 1235 3055 l

73 3127 141 3184 quse
161 3128 177 3166 a
198 3117 305 3166 natura
325 3124 375 3163 sua
396 3105 591 3185 degenerant,
617 3125 677 3162 esse
696 3115 795 3162 tamen
815 3101 914 3181 aliquo
934 3104 1024 3163 modo
1045 3117 1113 3184 post
1132 3124 1202 3163 cor-

73 3184 235 3262 ruptionem
250 3181 351 3240 utiles:
370 3180 411 3238 sal
431 3200 502 3239 vcro
523 3181 610 3239 etiam
631 3200 692 3240 esse
712 3179 842 3252 noxium,
862 3190 895 3237 ut
913 3179 1103 3258 sterquiliniis
1125 3202 1200 3260 quo-

74 3279 126 3336 quc
155 3258 340 3318 sterilitatem
370 3256 497 3316 inducat
552 3257 670 3316 Summa
701 3267 745 3314 cst
773 3255 877 3336 igitur:
917 3254 1109 3318 incurabilem
1139 3277 1202 3317 esse

75 3335 221 3410 morbum,
252 3355 342 3412 quum
366 3332 449 3394 verbi
476 3332 600 3391 ministri
620 3346 650 3392 et
670 3332 807 3392 doctores
832 3351 863 3391 se
882 3331 962 3411 ipsos
982 3332 1149 3394 adulterant
1168 3353 1202 3393 ac

74 3408 208 3490 insipidos
227 3409 367 3484 reddunt,
387 3408 453 3489 quia
473 3409 618 3489 reliquum
638 3408 777 3467 mundum
790 3408 849 3466 sale
862 3429 915 3466 suo
929 3409 1050 3469 condire
1064 3409 1202 3470 debeant.

74 3485 164 3546 Porro
184 3507 247 3546 non
267 3485 407 3546 ministris
427 3485 523 3545 solum
543 3485 620 3544 utilis
641 3497 685 3545 est
709 3484 781 3544 haec
805 3484 983 3559 admonitio,
1012 3486 1064 3563 sed
1093 3497 1202 3548 cuncto
1252 3497 1257 3512 ·

74 3564 153 3642 gregi
173 3562 296 3624 Christi.
333 3563 408 3622 Nam
430 3583 519 3640 quum
539 3561 610 3622 velit
629 3563 711 3621 Deus
729 3559 824 3622 ,verbo
844 3580 898 3620 suo
918 3572 1027 3622 terram
1046 3563 1135 3636 saliri,
1154 3581 1202 3621 se-

76 3638 176 3716 quitur,
195 3637 338 3700 insulsum
357 3659 456 3698 coram
476 3637 623 3717 ipso‘esse
665 3637 710 3697 uic
733 3635 782 3696 uid
803 3656 839 3698 eo
860 3635 919 3698 sale
934 3648 1025 3713 caret,
1067 3647 1203 3698 uantum·

75 3713 113 3774 ris
129 3715 300 3775 hominibus
319 3714 420 3794 sapiat.
461 3715 563 3790 Quare
584 3659 662 3774 nihil
677 3658 779 3774 rullius
800 3725 854 3787 cst,
875 3734 961 3794 quam
981 3661 1202 3774 condimentum

77 3789 237 3866 admittere,
258 3810 319 3870 quo
339 3791 405 3850 solo
425 3803 527 3850 nostra
547 3784 690 3852 insulsitas
711 3787 885 3872 corrigitur,
910 3789 962 3850 sed
982 3789 1100 3849 interim
1119 3787 1202 3848 ride·
1285 3784 1289 3802 '

76 3867 129 3927 rint
145 3869 298 3940 salitores,
328 3888 366 3927 ne
386 3867 527 3927 mundum
547 3868 577 3926 in
598 3867 732 3927 fatuitate
757 3887 807 3926 sua
833 3865 969 3928 sor-eant:
1000 3865 1093 3924 multo
1115 3863 1203 3925 etiam

76 3945 177 4026 magis,
202 3965 242 4004 ue
258 3965 354 4080 pravo
375 3965 442 4004 cum
463 3955 493 4004 et
512 3944 618 4004 vitioso
638 3963 744 4023 sopore
764 3942 903 4002 inliciant
943 3942 1048 4075 ltaque
1067 3938 1202 4020 Papista-

75 4039 132 4079 rnm
157 4022 256 4100 impro
280 4021 333 4080 itas
357 4020 476 4080 minime
502 4033 546 4082 est
571 4020 701 4080 ferenda.
753 4019 846 4094 Quasi
868 4037 939 4080 vero
966 4013 1077 4076 Croti
1103 4017 1202 4078 consi-

75 4092 138 4156 lium
157 4097 266 4171 luerit,
293 4095 438 4157 elsrcncm
457 4097 514 4158 suis
534 4097 686 4178 Apostolis
712 4093 858 4157 licentiam
883 4091 1079 4174 permittere,
1101 4106 1131 4155 et
1151 4115 1203 4157 eos

76 4174 251 4234 constituere
271 4173 431 4232 animarum
451 4185 610 4254 tyrannos,
638 4194 672 4236 ac
693 4193 753 4230 non
775 4171 872 4251 potius
893 4163 985 4230 oflicii
1004 4169 1049 4229 sui
1068 4192 1203 4246 monere,

76 4267 109 4308 nc
127 4272 143 4310 a
162 4262 244 4310 recta
270 4249 347 4309 linea
373 4250 574 4310 deflecterent.
619 4247 799 4308 Pronuntiat
823 4245 972 4319 Christus,
1013 4245 1112 4340 quales
1140 4267 1203 4308 esse

75 4325 140 4386 velit
157 4325 310 4396 Ecclesiae
336 4346 405 4388 suae
430 4327 577 4387 doctores.
630 4325 691 4400 Qui
717 4344 747 4384 se
773 4345 829 4403 pro
849 4319 1002 4412 Apostolis
1029 4322 1113 4383 nullo
1139 4324 1202 4383 iure
1300 4374 1303 4385 .

75 4403 238 4486 rendunt,
270 4401 326 4468 hoe
346 4403 488 4485 operculo
508 4411 615 4488 tegunt
634 4399 773 4483 quicquid
792 4399 1045 4466 abominationum
1064 4399 1202 4492 ingerere
