2768 4834
176 229 234 297 m
577 225 582 238 ¹
627 219 780 282 suerio
802 221 854 280 vi.

126 401 133 419 ‘-
176 377 288 461 talione
308 376 416 457 agitur:
444 375 505 434 eius
525 373 673 434 licentiam
693 385 726 434 iit
744 373 880 456 Christus
900 373 958 434 suis
978 371 1125 451 discipulis
1137 371 1311 451 praecidat,

176 453 283 516 malum
304 475 359 534 pro
379 452 457 514 malo
468 461 548 510 vetat
559 471 591 510 re
616 451 737 511 cndcrc:
759 450 865 510 deinde
875 449 993 530 lougius
1004 449 1134 508 extendit
1144 449 1310 528 patientiae

177 529 289 611 legem,
315 537 429 590 utnon
449 539 561 586 tautum
583 472 707 586 Cdramus
727 527 806 586 taciti
826 538 960 606 acceptas
980 524 1116 598 iniurias,
1134 526 1188 584 sed
1208 526 1311 604 potius
1370 581 1371 594 ,

175 605 440 666 novistolcrandis
460 624 515 662 iios
534 623 677 694 paremus.
722 603 789 663 lliic
809 603 839 664 iii
859 623 969 664 sumina
989 612 1108 679 spectat„
1120 613 1184 662 tota
1204 603 1312 661 admo-

155 670 269 750 'nitim
297 693 330 740 ut
354 679 486 740 oblivisci
514 679 626 739 discant
651 679 753 740 fideles
776 679 917 770 quicquid
936 677 1086 738 malorum
1106 677 1176 757 ipsis
1195 677 1312 738 illatum

175 757 275 832 fuerit,
296 777 333 816 ne
351 757 421 818 laesi
440 757 471 814 iii
493 755 592 816 uilium
612 756 658 816 vel
670 756 913 836 ,malevolentiam
934 767 1138 836 prorumpant,
1158 767 1208 813 aut
1219 755 1308 817 vicis-

173 833 229 896 sim
254 853 365 894 nocere
391 832 527 911 cupiant,
556 833 608 891 sed
633 831 788 912 compositi
814 832 873 893 sint
892 833 928 891 ad
949 831 1089 890 maiorem
1110 830 1311 908 tolerantiam,

174 909 199 970 si
223 921 334 972 crescat
357 930 390 969 ac
410 909 501 990 magis
520 908 652 969 irritetur
671 909 813 968 malorum
833 908 1005 989 improbitas
1026 919 1056 966 et
1075 906 1180 968 libido.
1222 907 1310 991 Quis-

142 1026 143 1034 .
174 989 238 1121 gnis
255 989 404 1060 impegerit
420 985 548 1060 alapam.
594 985 707 1046 Insulsc
728 985 856 1046 Iulianus
877 996 908 1046 et
925 985 1032 1046 similes
1052 983 1220 1044 calumniati
1240 997 1310 1046 suut

196 1062 340 1122 octrinam
360 1062 487 1135 Christi,
511 1061 592 1141 quasi
613 1061 695 1142 leges
712 1073 743 1122 et
762 1061 867 1122 iudicia
887 1061 1016 1120 funditus
1037 1072 1193 1120 everteret
1231 1061 1308 1120 Nam

173 1137 258 1221 sicuti
278 1139 458 1220 Augustinus
478 1138 550 1197 scite
570 1149 600 1197 et
619 1139 781 1218 prudenter
800 1139 923 1218 epistola
943 1145 970 1203 ὁ.
992 1135 1124 1210 disserit,
1143 1157 1206 1199 non
1228 1137 1308 1198 aliud

173 1213 231 1274 fuit
251 1213 362 1274 Christi
383 1213 553 1292 mansilium,
578 1233 663 1292 quam
684 1214 812 1274 fidelium
833 1214 945 1274 animos
965 1213 1001 1272 ad
1022 1214 1257 1274 moderationem
1279 1227 1310 1274 et

173 1291 351 1369 aequitatem
371 1289 510 1364 formare,
529 1310 567 1350 ne
587 1289 678 1350 semel
697 1301 748 1350 aut
766 1289 811 1352 bis
831 1291 939 1350 offensi
961 1289 1098 1351 deficiant
1115 1289 1162 1351 vel
1175 1290 1307 1372 fatigen-

173 1377 230 1426 tur.
271 1367 313 1426 Ei
332 1382 439 1428 verum*
453 1379 496 1428 est
516 1368 595 1446 quod
615 1367 687 1428 dicit
705 1369 750 1428 Au
776 1367 900 1440 ustinus,
931 1369 1000 1428 Nori
1021 1367 1093 1446 poni
1113 1365 1210 1448 legem
1231 1387 1306 1446 ope-

171 1441 253 1503 ribus
274 1444 410 1519 eiter‘uis,
428 1443 453 1504 si
472 1444 563 1502 modo
584 1442 683 1503 dextre
699 1387 856 1527 inteiligas.
885 1443 1024 1516 Coercet,
1043 1443 1151 1514 fateor,
1172 1442 1307 1504 Christus

112 1549 117 1570 ›
171 1539 274 1580 maniis
298 1533 414 1580 nostras
439 1540 456 1579 a
480 1519 608 1580 vindicta
633 1541 694 1580 non
720 1520 815 1580 minus
835 1542 921 1600 quam
941 1521 1068 1578 animos:
1099 1519 1151 1578 sed
1170 1518 1223 1578 ubi
1243 1520 1308 1579 sine

171 1595 301 1656 vindicta
320 1606 420 1676 potest
460 1595 581 1674 uispiam
601 1617 632 1656 se
654 1609 686 1656 et
703 1618 754 1656 sna
774 1611 932 1679 protegere
952 1595 988 1655 ab
1009 1595 1136 1670 iniuriis,
1166 1615 1230 1654 uon
1251 1597 1307 1656 im-

172 1672 298 1751 pediunt
316 1673 409 1732 verba
421 1617 540 1744 Christi,
561 1674 631 1751 quin
652 1672 766 1752 placide
787 1685 817 1733 et
836 1675 901 1734 sine
921 1693 997 1732 noxa
1008 1672 1167 1732 irruentem
1180 1672 1240 1730 vim
1254 1673 1307 1732 de-

173 1747 273 1809 clinet.
304 1747 394 1810 Certe
414 1748 654 1810 noluithristus
673 1751 786 1810 hortari
804 1771 873 1812 suos
893 1749 930 1810 ad
949 1769 1051 1810 eorum
1072 1749 1233 1809 acuendam
1244 1769 1308 1809 ma-

172 1823 279 1898 litiam,
300 1824 351 1904 qui
369 1821 426 1884 iani
446 1825 574 1885 nocendi
594 1825 717 1886 libidine
738 1827 802 1905 plus
821 1826 889 1886 satis
910 1826 1026 1884 ardent:
1054 1823 1210 1905 porrigere
1230 1846 1305 1886 vero

160 1899 293 1959 alteram
313 1899 472 1972 maxillam,
498 1901 569 1992 quid
589 1903 667 1962 aliud
686 1903 766 1962 foret
786 1921 872 1982 quam
892 1901 950 1961 tale
971 1900 1205 1962 irritamentum?
1243 1922 1306 1962 non

172 1987 219 2036 est
236 1975 327 2068 igitur
347 1977 432 2112 tegni
451 1999 573 2057 sanique
593 1979 763 2059 interpretis
783 1979 907 2060 syllabas
921 1978 1069 2070 aucupari,
1088 1978 1139 2038 sed
1151 1978 1306 2038 attendere

172 2053 297 2112 adeius
323 2051 373 2132 qui
407 2055 526 2132 oquitur
545 2055 708 2115 consilium.
748 2051 788 2114 Et'
808 2055 918 2118 Christi
938 2053 1096 2134 discipulos
1116 2053 1189 2113 nihil
1208 2054 1306 2113 minus

171 2130 265 2190 decet.
277 2151 363 2210 quani
382 2129 484 2190 ludere
504 2129 662 2193 verborum
682 2131 810 2208 cavillis,
830 2131 885 2205 ubi
901 2143 1040 2212 apparet,
1061 2130 1131 2209 quid
1150 2130 1224 2190 velit
1243 2151 1306 2189 nia-

99 2255 104 2265 .
170 2206 272 2342 gister,
314 2205 405 2284 niqui
424 2207 545 2268 minime
566 2207 720 2286 obscurum
741 2220 799 2282 est,
829 2230 896 2288 quo,
909 2209 1011 2267 tendat
1031 2206 1175 2288 Christus,
1195 2227 1304 2286 nempe

194 2303 260 2342 nem
279 2281 363 2341 unius
384 2285 550 2344 certaminis
570 2283 635 2342 fore
655 2285 772 2344 alterius
792 2279 919 2360 initium,
940 2283 1027 2344 etita
1047 2295 1113 2342 toto
1129 2283 1206 2342 vitae
1219 2305 1305 2343 cursu

193 2379 225 2418 er
259 2360 416 2420 continuos
467 2360 551 2419 radus
581 2359 745 2421 subeundas
780 2383 841 2424 esse
873 2361 1007 2420 fidelibus
1036 2359 1139 2420 multas
1172 2360 1303 2420 iniurias.

167 2381 254 2518 begu
274 2435 324 2495 iibi
345 2381 524 2502 semelllaesi
545 2436 664 2512 fuerint,
684 2439 742 2500 hoc
761 2439 826 2519 ipso
847 2439 1027 2501 documento
1047 2435 1169 2501 formari
1188 2436 1304 2500 vultad

169 2513 368 2586 tolerantiam,
388 2524 421 2572 ut
439 2514 580 2608 patiendo
601 2516 745 2594 patientes
766 2537 827 2576 csse
848 2515 969 2576 discant.

247 2595 300 2654 40.
339 2589 381 2648 Es
402 2612 452 2669 qui
474 2604 565 2649 tecum
587 2591 653 2650 velit
676 2591 866 2654 mutandae
899 2591 1029 2650 Alteram
1055 2610 1147 2650 noxae
1172 2589 1303 2668 speciem

169 2667 289 2748 attIngit
309 2664 457 2740 Christus,
482 2687 571 2745 quum
589 2666 700 2729 scilicet
719 2668 847 2750 improbi
868 2689 922 2726 nos
942 2667 1041 2726 litibus
1060 2677 1174 2726 vexant.
1212 2665 1304 2726 lubet

170 2755 277 2817 autem,
297 2763 351 2801 nos
372 2743 425 2801 hac
447 2742 533 2802 ctiam
554 2742 583 2800 in
604 2757 687 2824 parte
707 2745 748 2808 sic
770 2767 831 2806 esse
852 2744 955 2804 animis
975 2744 1011 2803 ad
1032 2743 1203 2823 patientiam
1218 2763 1302 2802 com-

169 2820 298 2900 positos,
329 2829 362 2876 ut
387 2817 481 2877 ablata
506 2817 605 2878 tunica
629 2823 722 2901 parati
747 2823 834 2882 simus
860 2821 979 2901 pallium
1005 2820 1120 2881 cedere.
1177 2819 1303 2898 Ineptus

169 2897 230 2957 erit
253 2891 381 3030 puisquis
406 2893 503 2954 verbis
529 2895 651 2956 insistet.
697 2900 781 2958 Prius
802 2898 970 2958 adversariis
990 2897 1116 2956 dandum
1137 2916 1199 2957 esse
1220 2898 1302 2977 quod

193 2983 257 3038 astu
271 2982 338 3042 ant,
371 2991 456 3048 quain
482 2970 512 3030 in
537 2972 581 3032 ius
604 2986 723 3035 ventum
750 2975 850 3036 fuerit:
883 2973 948 3034 talis
969 2973 1047 3034 enim
1068 2973 1191 3033 facilitas
1209 2972 1303 3034 instar

168 2995 281 3109 llsbetti
299 3046 501 3126 improborum
522 3049 634 3110 animos
654 3053 691 3111 ad
711 3053 786 3112 furta
807 3064 838 3112 et
856 3052 972 3131 rapinas
992 3051 1181 3124 accenderet,
1201 3070 1300 3128 aquo

168 3125 274 3185 scimus
299 3123 403 3203 procul
428 3123 554 3185 abluisse
584 3125 695 3188 Christi
719 3138 858 3188 mentem.
905 3128 985 3202 Quid
1007 3139 1050 3186 cst
1070 3127 1159 3208 igitur
1178 3126 1301 3205 pallium

170 3203 239 3262 dare
258 3201 386 3262 tunicam
406 3199 459 3259 sub
480 3201 550 3262 iuris
570 3217 723 3283 praetextu
742 3205 857 3284 eripere
878 3203 1017 3266 conanti?
1055 3203 1170 3282 Nempe
1190 3203 1215 3262 si
1235 3202 1301 3281 quis

167 3278 272 3356 iniquo
298 3276 407 3336 iudicio
428 3298 584 3358 oppressus
603 3282 708 3360 perdat
728 3283 808 3362 quod
827 3301 910 3341 suum
931 3291 989 3354 cst,
1020 3301 1053 3340 ac
1072 3281 1191 3340 interim
1212 3299 1301 3359 para-

167 3365 214 3414 tus
236 3365 279 3413 est
298 3353 442 3432 reliquum
463 3355 501 3434 (si
522 3377 596 3436 opus
616 3358 720 3438 fuerit)
741 3357 879 3432 abiicere,
898 3378 961 3418 nori
981 3355 1301 3435 minorem'paticntiae

168 3431 285 3490 laudem
311 3443 456 3506 meretur,
489 3453 575 3510 quam
596 3434 646 3528 qui
667 3435 710 3495 bis
730 3455 762 3494 sc
782 3433 910 3526 spoliare
930 3434 1054 3513 patitur,
1083 3444 1240 3511 antequam
1262 3433 1300 3492 ad

166 3507 296 3567 tribunal
315 3519 435 3567 ventum
457 3509 556 3568 fuerit
597 3511 715 3571 humma
737 3523 781 3570 est
832 3511 906 3585 itur,
937 3509 1136 3583 Christianos,
1160 3508 1211 3568 ubi
1235 3509 1300 3588 quis

167 3585 315 3645 bonorum
336 3596 424 3674 parte
440 3585 516 3646 illos
542 3605 647 3648 exuere
671 3600 782 3662 tentat,
834 3588 922 3648 ebere
943 3599 1060 3668 paratos
1080 3606 1142 3646 esse
1162 3585 1198 3645 ad
1218 3586 1301 3646 inte·

166 3681 248 3745 grani
267 3660 485 3742 spoliationem.
516 3661 595 3722 ilinc
615 3663 790 3746 colligimus,
809 3685 872 3724 non
891 3665 984 3724 arceri
1004 3684 1124 3744 prorsus
1143 3662 1300 3738 aiudiciis,

166 3741 190 3799 si
218 3739 335 3817 quando
363 3737 456 3816 iustae
482 3739 648 3800 defensioni
670 3741 751 3801 locus
772 3743 866 3801 datur.
909 3742 984 3800 Nam
1005 3739 1058 3799 etsi
1079 3739 1213 3798 fortunas
1232 3759 1300 3804 suas

165 3817 291 3898 praedae
325 3817 401 3875 nou'
422 3827 592 3895 exponunt,
630 3838 693 3878 non
723 3829 821 3878 tamen
852 3817 1005 3878 discedunt
1033 3815 1068 3876 ab
1098 3816 1152 3875 hac
1185 3813 1299 3876 Christi

167 3891 317 3965 doctrina,
357 3912 431 3969 quae
461 3892 499 3951 ad
527 3890 680 3953 ferendam
711 3895 859 3974 patienter
884 3894 1046 3955 nuditatem
1071 3913 1126 3952 nos
1151 3893 1298 3952 hortatur.

164 3969 274 4028 Rarum
299 3966 416 4046 quidem
441 3967 603 4048 exemplum
624 3982 682 4048 est,
713 3982 746 4030 ut
765 3972 827 4051 quis
847 3972 883 4031 ad
904 3970 947 4030 liti
970 3971 1077 4030 andum
1095 3967 1198 4029 sedato
1218 3967 1299 4028 inte·

165 4065 281 4127 groque
307 4042 416 4104 affectu
443 4045 479 4105 ad
504 4045 600 4106 fortini
626 4049 760 4122 accedat,
788 4049 839 4108 sed
864 4048 932 4126 quia
949 3991 1014 4106 heri
1035 4057 1148 4124 potest,
1178 4055 1212 4104 ut
1232 4045 1297 4136 quis

163 4119 276 4200 publici
295 4119 367 4180 boni
386 4121 483 4181 studio
502 4132 613 4182 rectam
632 4145 746 4185 causam
767 4125 916 4194 defendat,
935 4145 998 4184 rem
1019 4123 1028 4181 i
1050 4142 1109 4182 sani
1121 4121 1297 4211 simpliciter

164 4198 302 4256 damnare
321 4195 363 4258 fas
384 4219 445 4258 non
467 4209 524 4272 est,
554 4199 650 4262 donec
670 4211 786 4262 constet
804 4202 840 4260 de
860 4201 967 4260 vitioso
988 4144 1108 4258 aldem.
1152 4199 1296 4260 Diversae

162 4273 351 4352 loquutione-s
371 4275 447 4354 apud
467 4275 645 4337 blatthacum
667 4290 698 4337 ct
717 4279 825 4340 Lucam
844 4298 962 4336 sensum
982 4296 1043 4336 uon
1063 4286 1186 4336 mutant.
1225 4273 1294 4333 Pal-

162 4347 232 4418 timi
251 4349 370 4414 maioris
389 4347 477 4438 pretii
498 4373 560 4417 esse
580 4356 656 4420 solet
676 4375 763 4444 qiiaiii
782 4353 895 4417 tunica:
923 4372 1105 4438 quumergo
1126 4351 1198 4416 dicit
1216 4351 1295 4420 Mal·
