2778 4838
118 147 194 266 ‘118
342 117 351 156 l
417 143 811 256 sucurrendum
830 147 1010 250 pascuost

138 345 261 429 expedit.
299 345 387 408 Tune
406 358 504 407 autem
523 345 624 408 llloses
644 354 674 405 et
691 341 770 404 Elias
790 361 853 404 oon
872 339 928 404 sibi
947 348 1181 413 resurrexerunt,
1200 337 1253 399 sed
1266 348 1302 398 ut
1376 341 1377 354 ¹

137 435 256 506 praesto
276 423 412 484 adessent
430 420 560 484 Christo.
599 421 633 482 Si
657 420 721 502 quis
744 440 858 480 rursum
883 429 1020 499 quaerat,
1043 418 1124 477 uude
1142 415 1302 494 Apostolis

138 501 245 562 notitia
257 501 348 565 Mosis
368 511 398 562 et
415 499 510 576 Elias,
530 519 604 580 quos
623 517 773 576 uunquam
793 506 1015 576 conspexerant,
1034 493 1193 574 responsio
1207 491 1303 552 facilis

73 621 79 637 .
139 589 198 638 est:
218 598 306 657 quum
326 597 378 637 eos
397 577 429 636 in
448 576 576 636 medium
587 576 669 636 Deus
689 573 876 655 produceret,
895 572 979 710 siqua
993 571 1081 631 etiam
1093 581 1124 629 et
1141 581 1231 630 notas
1249 569 1303 628 de-

140 653 227 729 disse,
246 652 351 733 quibus
363 653 586 714 innotescerent
604 651 681 732 apud
701 670 762 710 eos.
799 651 926 710 Extraor
947 648 1041 709 inario
1054 646 1174 727 quidem
1186 644 1302 707 revela·
1376 659 1377 696 3

138 730 230 790 tionis
249 728 339 790 modo
359 729 417 788 hoc
437 729 545 795 factum
566 741 624 804 est,
647 740 681 788 ut
704 737 787 794 certo
806 727 917 788 scirent
936 715 999 786 esde
1018 725 1126 784 Mosen
1146 734 1179 784 et
1196 721 1303 782 Eliam.

141 805 206 868 Cur
219 817 320 865 autem
340 805 528 886 apparuerint
547 805 577 864 hi
597 807 657 866 duo
674 803 783 885 potius,
803 825 890 883 quam
901 803 949 862 alii
961 813 1175 862 exsauctorum
1185 797 1302 880 patrum

140 881 245 956 choro,
263 881 400 942 sulficere
420 881 508 942 nohis
528 881 618 942 dehet
636 880 686 942 illa
705 881 792 956 ratio,
810 891 847 939 ut⁴
862 891 1022 952 constaret,
1041 891 1107 936 non
1125 876 1216 937 alium
1227 875 1304 957 Legi
1376 925 1377 934 ,

140 969 173 1018 ct
190 956 348 1037 Prophetis
367 979 490 1050 scopum
511 979 573 1019 esse
592 979 681 1037 quarn
702 956 860 1019 Christum.
898 958 975 1016 Nam
1000 953 1070 1016 fidei
1095 965 1217 1015 nostrae
1240 974 1303 1012 ma-
1376 971 1377 1006 t

141 1053 276 1116 gnopere
303 1033 454 1109 interfuit,
481 1033 630 1094 Christum
650 1055 712 1094 non
732 1034 853 1113 prodire
872 1033 935 1093 siue
954 1030 1143 1104 testimonio,
1168 1030 1220 1092 sed
1244 1029 1305 1088 iam

142 1109 213 1170 olim
233 1130 250 1170 a
268 1109 337 1170 Deo
358 1112 602 1171 commendatum.
631 1112 735 1190 Neque
756 1111 842 1172 etiam
864 1109 1008 1189 displicet,
1028 1127 1103 1188 quae
1115 1105 1218 1166 afferri
1225 1105 1307 1166 solet
1376 1145 1377 1156 .

141 1185 230 1261 ratio,
248 1187 342 1247 Ellam
361 1188 483 1247 maxime
503 1200 679 1268 assumptum
699 1173 770 1262 essi,
791 1186 840 1266 qui
855 1186 1020 1266 Prophetas
1040 1204 1144 1244 omnes
1163 1182 1304 1242 referret:
1376 1215 1377 1256 3

164 1262 222 1337 uia,
241 1263 356 1323 tametsi
375 1263 448 1324 nihil
469 1264 589 1354 reliquit
607 1265 758 1344 scripturn,
777 1263 951 1354 praecipuus
970 1271 1069 1322 umen
1090 1258 1223 1321 excelluit
1231 1267 1305 1338 post
1376 1287 1377 1316 ι

92 1367 94 1373 ·
176 1358 263 1414 osen,
289 1338 399 1400 cultum
416 1339 477 1399 Dei
495 1341 627 1400 vitiatum
646 1340 782 1413 restituit,
801 1341 860 1400 imo
880 1335 1194 1419 incomparabilissfuit
1212 1334 1305 1416 Legis
1376 1407 1377 1410 Ἴ

143 1426 174 1474 et
192 1435 279 1512 vqrae
299 1416 417 1495 pietatis
435 1429 507 1476 tunc
526 1417 741 1498 propemodum
763 1417 920 1476 exstinctae
940 1415 1052 1476 vindex.
1099 1411 1191 1487 Quod
1212 1431 1306 1490 appa·
1376 1415 1377 1432 ¹

142 1503 211 1550 rent
229 1511 296 1552 cum
313 1491 432 1553 Christo
454 1505 484 1562 et
501 1513 669 1554 sermonem
689 1493 916 1567 communicant,
935 1492 1050 1574 signum
1071 1501 1116 1550 est
1134 1507 1307 1548 cousensus.

145 1564 243 1640 Quale
263 1580 360 1630 autem
381 1569 471 1630 luerit
490 1569 688 1649 colloquium,
707 1569 900 1630 solus'Lucas
921 1567 1070 1649 exprimit:
1096 1585 1205 1644 nempe
1226 1563 1307 1644 quod
1376 1637 1377 1644 ἵ

143 1643 250 1704 exitium
269 1639 442 1719 narrarunt,
462 1647 513 1724 qui
533 1645 683 1706 Christum
701 1645 840 1706 manebat
858 1644 1083 1726 Hierosolymis.
1122 1643 1193 1702 Hoc
1235 1660 1305 1699 orro
1376 1649 1377 1708 ἶ

144 1717 181 1808 ιὰ
201 1720 331 1809 ριίιιιιιιοι
346 1741 449 1781 eorum
469 1742 610 1800 personas
629 1721 767 1812 restringi
785 1741 848 1781 non
869 1720 968 1796 debet,
987 1723 1038 1782 sed
1054 1719 1153 1800 potius
1170 1661 1308 1796 addega-
1376 1763 1377 1780 .

142 1805 256 1856 taonem
275 1796 346 1875 ipsas
366 1796 437 1856 olim
456 1797 627 1858 iniunctam.
665 1798 771 1860 Voluit
790 1798 869 1858 enim
879 1797 1037 1872 Dominus,
1057 1813 1227 1878 quanquam
1245 1793 1307 1872 pri·
1376 1857 1377 1870 χ

144 1869 211 1932 dem
230 1872 460 1950 mortui‘erant,
484 1895 518 1934 ac
538 1874 731 1934 coniecerant
749 1875 913 1940 vocationis
929 1895 998 1934 suae
1019 1871 1213 1945 curriculum,
1232 1889 1310 1930 voce

145 1957 243 2006 umen
262 1968 313 2007 sua
332 1947 439 2008 iterum
457 1949 587 2026 sancire,
608 1950 688 2030 quod
708 1951 739 2010 in
758 1951 818 2012 vita
836 1972 887 2012 sua
908 1951 1084 2024 docuerant,
1104 1959 1138 2008 ut
1156 1947 1309 2022 sciremus,

144 2042 331 2112 communem
350 2025 436 2086 nobis
456 2026 579 2088 salutem
599 2028 630 2087 in
652 2027 763 2088 Christi
782 2027 926 2088 sacrificio
952 2026 1137 2120 propositam
1156 2043 1221 2083 esse
1243 2043 1308 2084 mm
1376 2025 1377 2042 ²

144 2110 250 2159 sauctus
269 2099 414 2162 Patribus.
453 2103 516 2162 Iam
541 2125 629 2194 quum
655 2105 692 2165 dc
713 2103 823 2166 Christi
848 2117 945 2164 morte
969 2101 1122 2164 vaticinati
1141 2109 1212 2160 suut
1231 2098 1309 2159 Pro-

146 2175 254 2254 phetae
273 2187 398 2253 veteres,
417 2181 539 2241 sedebat
556 2201 619 2260 1pse
640 2182 706 2317 Squi
726 2192 845 2242 aeterna
865 2193 929 2240 erat
940 2181 999 2241 Dei
1019 2177 1190 2258 Sapientia)
1210 2176 1242 2234 in
1262 2196 1310 2235 ar-

146 2271 220 2341 cano
241 2251 354 2333 gloriae
373 2275 441 2316 suae
461 2257 548 2316 solio.
587 2259 636 2317 Un
660 2279 675 2316 e
695 2257 841 2336 sequitur,
867 2259 960 2337 ipsum
981 2275 1068 2318 earne
1088 2253 1228 2314 indutum
1247 2272 1310 2316 nou

145 2325 233 2388 llusse
253 2328 411 2392 obnoxium
432 2333 532 2406 morti,
552 2334 607 2394 nisi
628 2347 770 2414 quatenus
790 2354 822 2394 se
842 2332 936 2393 libere'
956 2331 1098 2393 submisit.

75 2417 81 2422 “
149 2437 150 2447 ¹
221 2412 249 2469 «l.
287 2405 429 2484 Doridos,
450 2408 554 2469 ὂοιιιιοι
572 2425 622 2472 est.
659 2411 754 2470 Lucas
780 2410 821 2472 ita
847 2410 877 2470 lo
902 2420 1004 2470 nutum
1029 2429 1091 2469 esse
1111 2406 1234 2467 Petrum
1261 2425 1310 2466 re·
1376 2409 1377 2450 l

145 2478 220 2570 fert,
245 2503 332 2561 quum
354 2485 451 2545 Moses
478 2498 507 2545 et
527 2486 606 2547 Elias
633 2487 827 2549 discederent.
897 2487 955 2546 nde
975 2483 1158 2568 colligimus,
1183 2483 1310 2544 veritum
1376 2491 1377 2494 ’

145 2556 250 2634 luisse,
270 2578 308 2630 ne
328 2561 458 2640 ipsorum
479 2563 606 2624 discessu
626 2564 816 2624 intercideret
834 2583 921 2625 suave
941 2562 1014 2622 illud
1033 2573 1064 2622 et
1082 2561 1203 2620 beatum
1223 2580 1309 2640 spec-

144 2635 282 2726 taculum.
310 2637 376 2696 Eoi
395 2651 490 2698 autem
510 2641 616 2700 mirum
637 2659 699 2700 nou
720 2652 774 2715 est,
792 2639 913 2702 Petrum
932 2641 973 2722 sic
993 2637 1151 2699 dulcedine
1171 2636 1223 2698 illa
1241 2657 1311 2716 cap·
1376 2687 1377 2708 ,

141 2720 208 2800 ⁸tum
228 2712 332 2801 luisse,
356 2725 391 2772 ut
417 2715 480 2775 aliis
506 2717 642 2778 omnihus
667 2717 772 2796 spretis
796 2717 859 2777 sola
885 2717 947 2778 eius
966 2715 1068 2777 fruitio
1085 2713 1129 2774 illi
1149 2712 1313 2784 sufficeret,
1376 2719 1377 2730 ¹

30 2813 33 2822 ⁴
145 2798 220 2847 sicut
238 2811 269 2846 ru
287 2788 404 2850 Psalmo
425 2791 533 2852 dicitur
551 2795 687 2871 (17,15.)
707 2794 832 2854 Satietas
852 2791 983 2854 laetitiae
1003 2811 1067 2853 csse
1087 2791 1118 2850 iu
1131 2788 1196 2850 Dei
1213 2789 1313 2848 vultu:
1376 2831 1377 2836 κ

110 2875 369 2956 Ἴριοεροιιειοιιι
388 2877 486 2926 umen
507 2869 568 2928 eius
586 2881 687 2928 votum
708 2869 773 2944 suit,
794 2870 874 2950 quod
893 2870 983 2930 finem
1001 2867 1122 2932 visionis
1142 2887 1207 2928 uon
1225 2879 1314 2926 tene-

40 2979 42 2986 >
144 2939 332 3030 repedeinde
351 2941 439 3002 stulte
460 2944 738 3023 aequavitDomino
759 2967 872 3007 servos:
893 2947 983 3007 tertio
1003 2943 1123 3018 errarit,
1145 2965 1236 3024 quum
1257 2943 1313 3002 ho·
1376 2983 1377 3004 r

97 3019 102 3036 ¹
141 3014 273 3076 minibus
297 3037 329 3076 ru
353 3018 511 3079 coelestem
538 3032 569 3081 et
593 3020 757 3103 angelicam
784 3023 909 3106 gloriam
928 3023 1055 3103 receptis
1079 3021 1190 3086 caduca
1210 3019 1315 3080 taber-

75 3115 118 3156 ι,
146 3088 251 3150 nacula
271 3103 418 3154 exstruere
437 3095 537 3156 vellet.
575 3095 669 3172 Dico,
695 3097 783 3160 finem
803 3099 924 3161 visionis
945 3101 1032 3160 luisse
1052 3097 1099 3160 illi
1115 3096 1314 3180 incognitum.

145 3163 221 3254 Natu
247 3187 336 3257 quum
358 3190 396 3259 ‚⁰¹
421 3190 474 3238 ore
493 3172 576 3234 Elias
603 3187 633 3234 et
656 3173 747 3236 Mosis
772 3176 903 3252 audiret,
931 3175 1040 3236 instare
1064 3187 1182 3254 ternpus
1210 3173 1314 3232 mortis
1376 3215 1377 3228 .

147 3237 332 3332 Christ1,stu
356 3247 419 3336 idus
439 3251 567 3328 speciem
587 3250 676 3326 illam,
698 3271 772 3331 quae
792 3251 963 3332 temporalis
983 3264 1056 3324 crat,
1075 3263 1230 3312 aeternam
1248 3250 1314 3309 lore

106 3363 123 3378 e
145 3331 280 3380 somniat
321 3267 403 3396 duni
431 3326 511 3416 quod
531 3328 589 3388 hoc
607 3329 698 3388 modo
719 3347 844 3412 regnum
866 3327 977 3390 Christi
995 3328 1099 3410 viginti
1119 3338 1172 3386 aut
1191 3327 1325 3409 triginta·

143 3395 253 3486 pedum
279 3399 418 3488 augustiis
445 3402 588 3464 inclusum
616 3404 736 3465 fuisset?
763 3405 815 3465 uhi
840 3407 931 3466 totius
951 3405 1101 3466 Ecclesiae
1121 3401 1315 3483 redemptio?

145 3471 197 3562 ¹¹¹³!
222 3471 322 3534 saluus
348 3488 485 3548 aeternae
511 3481 657 3543 societas?
696 3481 764 3542 lloc
815 3503 913 3563 uoque
939 3483 1022 3544 valde
1049 3499 1222 3562 perversum
1246 3478 1312 3552 fuit,

143 3547 240 3638 Ellam
261 3562 291 3610 et
310 3552 417 3642 lllosen
439 3554 567 3649 collegas
588 3558 701 3641 fingere
714 3559 774 3618 Dei
789 3505 879 3634 ditio,
900 3560 982 3640 quasi
1001 3579 1063 3619 noo
1083 3577 1191 3618 omnes
1210 3557 1240 3614 iu
1260 3575 1310 3614 or-

144 3623 243 3686 dinem
270 3648 338 3710 cogi
364 3650 483 3692 neeesse
508 3645 562 3708 srt,
586 3646 619 3694 ut
643 3635 722 3696 solus
748 3635 811 3715 ipse
838 3637 975 3696 emineat.
1019 3636 1081 3696 lam
1108 3633 1132 3692 si
1159 3643 1242 3694 sorte
1260 3649 1312 3690 sua

143 3713 300 3764 contentus
321 3717 365 3766 est
380 3706 484 3768 Petrus
515 3733 569 3770 cur
587 3731 638 3772 eos
660 3731 748 3796 egere
768 3713 894 3778 terrenis
914 3712 1050 3775 subsidiis
1069 3721 1165 3792 putat,
1187 3729 1314 3789 quorum

136 3791 264 3876 aspectu
289 3781 359 3842 felix
382 3783 440 3845 sihi
464 3785 599 3847 videtur?
638 3789 730 3848 Recte
752 3809 825 3870 ergo
845 3789 1053 3872 Evangelistae
1066 3789 1135 3874 pluo
1157 3795 1317 3860 annotant,
1376 3789 1377 3792 ’

141 3857 362 3994 msouselpuol
381 3860 495 3922 dicem
545 3865 661 3924 Marcus
686 3885 801 3926 eausam
827 3866 923 3940 addit,
957 3863 1037 3946 quod
1065 3877 1158 3924 essem
1186 3883 1316 3940 aprux-

136 3931 254 4025 fimi,
299 3957 384 4028 eque·
396 3937 475 3998 enim
494 3938 569 3999 ultra
590 3953 661 4000 tuuc
681 3941 846 4022 Apostolos
860 3942 1016 4024 proficere
1035 3940 1240 4016 voluitDeus,
1261 3936 1315 4000 nisi

144 4009 255 4068 utFrlu
270 4014 477 4074 surDertatem
499 4013 579 4094 quasi
599 4016 631 4075 in
650 4017 718 4078 vivo
740 4019 861 4098 speculo
882 4019 919 4079 ad
938 4030 1123 4079 momentum
1143 4025 1315 4076 cernerent
1376 4049 1377 4060 .

38 4168 40 4174 Α
128 4081 257 4180 ‘Postea‘
284 4109 418 4178 successu
449 4093 591 4172 temporis
617 4094 744 4154 fructum
769 4095 826 4155 illis
852 4097 1010 4158 ostendens
1038 4091 1140 4154 iudicii
1165 4093 1315 4154 deiectum

143 4173 279 4252 correxit.
320 4165 475 4247 Significat
496 4189 569 4250 ergo
590 4171 723 4245 hlarcus,
743 4171 881 4248 Petrum,
906 4195 996 4254 quum
1015 4171 1047 4232 in
1068 4169 1197 4232 ecstasin
1217 4181 1315 4250 raptus

145 4233 236 4310 soret,
254 4251 345 4299 lnslur
366 4243 493 4304 hominis
512 4247 631 4314 attoniti
651 4246 806 4328 loquutunr
827 4271 899 4310 esse.

217 4321 245 4379 ὅ·
284 4313 363 4378 Ecce
381 4319 469 4381 subm
487 4321 593 4384 haido.
635 4325 782 4407 Opposita
811 4327 868 4388 suit
893 4323 989 4389 nubes
1015 4303 1120 4388 eorum
1147 4325 1261 4400 oculis,
1284 4333 1314 4382 ut
