<?xml version="1.0" encoding="UTF-8"?>
<!DOCTYPE html PUBLIC "-//W3C//DTD XHTML 1.0 Transitional//EN"
    "http://www.w3.org/TR/xhtml1/DTD/xhtml1-transitional.dtd">
<html xmlns="http://www.w3.org/1999/xhtml" xml:lang="en" lang="en">
 <head>
  <title>
</title>
<meta http-equiv="Content-Type" content="text/html;charset=utf-8" />
  <meta name='ocr-system' content='tesseract 3.04.00' />
  <meta name='ocr-capabilities' content='ocr_page ocr_carea ocr_par ocr_line ocrx_word'/>
</head>
<body>
  <div class='ocr_page' id='page_1' title='image "./innovumtestamen00calvgoog_0193.png"; bbox 0 0 2766 4834; ppageno 0'>
   <div class='ocr_carea' id='block_1_1' title="bbox 0 0 6 1609">
    <p class='ocr_par' dir='ltr' id='par_1_1' title="bbox 0 0 6 1609">
     <span class='ocr_line' id='line_1_1' title="bbox 0 0 6 1609; baseline 0 0"><span class='ocrx_word' id='word_1_1' title='bbox 0 0 6 1609; x_wconf 95' lang='lat' dir='ltr'><strong> </strong></span> 
     </span>
    </p>
   </div>
   <div class='ocr_carea' id='block_1_2' title="bbox 182 265 1090 347">
    <p class='ocr_par' dir='ltr' id='par_1_2' title="bbox 182 265 1090 347">
     <span class='ocr_line' id='line_1_2' title="bbox 182 265 1090 347; baseline -0.019 0"><span class='ocrx_word' id='word_1_2' title='bbox 182 282 241 347; x_wconf 81' lang='lat' dir='ltr'><strong>tat</strong></span> <span class='ocrx_word' id='word_1_3' title='bbox 365 271 519 339; x_wconf 69' lang='lat' dir='ltr'><strong>secuto</strong></span> <span class='ocrx_word' id='word_1_4' title='bbox 539 272 579 332; x_wconf 74' lang='lat' dir='ltr'><strong>t.</strong></span> <span class='ocrx_word' id='word_1_5' title='bbox 616 265 770 334; x_wconf 65' lang='lat' dir='ltr'><strong>uuum</strong></span> <span class='ocrx_word' id='word_1_6' title='bbox 791 269 869 330; x_wconf 78' lang='lat' dir='ltr'><strong>Iesu</strong></span> <span class='ocrx_word' id='word_1_7' title='bbox 884 283 1090 333; x_wconf 69' lang='lat' dir='ltr'><strong>cnutonem.</strong></span> 
     </span>
    </p>
   </div>
   <div class='ocr_carea' id='block_1_3' title="bbox 104 421 1342 2016">
    <p class='ocr_par' dir='ltr' id='par_1_3' title="bbox 187 421 1342 585">
     <span class='ocr_line' id='line_1_3' title="bbox 189 421 1342 512; baseline -0.006 -21"><span class='ocrx_word' id='word_1_8' title='bbox 189 428 321 512; x_wconf 86' lang='lat' dir='ltr'><strong>pertinet</strong></span> <span class='ocrx_word' id='word_1_9' title='bbox 338 427 375 488; x_wconf 89' lang='lat' dir='ltr'><strong>ad</strong></span> <span class='ocrx_word' id='word_1_10' title='bbox 389 445 512 506; x_wconf 83' lang='lat' dir='ltr'><strong>eorpus,</strong></span> <span class='ocrx_word' id='word_1_11' title='bbox 530 425 571 485; x_wconf 82' lang='lat' dir='ltr'><strong>ita</strong></span> <span class='ocrx_word' id='word_1_12' title='bbox 591 443 653 503; x_wconf 82' lang='lat' dir='ltr'><strong>non</strong></span> <span class='ocrx_word' id='word_1_13' title='bbox 672 423 799 484; x_wconf 89' lang='lat' dir='ltr'><strong>interior</strong></span> <span class='ocrx_word' id='word_1_14' title='bbox 816 424 908 486; x_wconf 87' lang='lat' dir='ltr'><strong>modo</strong></span> <span class='ocrx_word' id='word_1_15' title='bbox 929 423 1023 486; x_wconf 83' lang='lat' dir='ltr'><strong>cultus</strong></span> <span class='ocrx_word' id='word_1_16' title='bbox 1036 421 1161 484; x_wconf 87' lang='lat' dir='ltr'><strong>debetur</strong></span> <span class='ocrx_word' id='word_1_17' title='bbox 1173 423 1231 484; x_wconf 86' lang='lat' dir='ltr'><strong>soli</strong></span> <span class='ocrx_word' id='word_1_18' title='bbox 1245 423 1342 502; x_wconf 87' lang='lat' dir='ltr'><strong>Deo,</strong></span> 
     </span>
     <span class='ocr_line' id='line_1_4' title="bbox 187 496 859 585; baseline -0.013 -17"><span class='ocrx_word' id='word_1_19' title='bbox 187 507 239 569; x_wconf 85' lang='lat' dir='ltr'><strong>sed</strong></span> <span class='ocrx_word' id='word_1_20' title='bbox 258 496 410 567; x_wconf 82' lang='lat' dir='ltr'><strong>exteruuni</strong></span> <span class='ocrx_word' id='word_1_21' title='bbox 429 520 547 585; x_wconf 88' lang='lat' dir='ltr'><strong>qnoque</strong></span> <span class='ocrx_word' id='word_1_22' title='bbox 567 502 629 561; x_wconf 85' lang='lat' dir='ltr'><strong>eius</strong></span> <span class='ocrx_word' id='word_1_23' title='bbox 648 500 859 562; x_wconf 90' lang='lat' dir='ltr'><strong>testimonium.</strong></span> 
     </span>
    </p>

    <p class='ocr_par' dir='ltr' id='par_1_4' title="bbox 110 575 1339 1653">
     <span class='ocr_line' id='line_1_5' title="bbox 262 575 1339 658; baseline -0.004 -16"><span class='ocrx_word' id='word_1_24' title='bbox 262 587 310 649; x_wconf 83' lang='grc'><strong>11.</strong></span> <span class='ocrx_word' id='word_1_25' title='bbox 350 581 437 642; x_wconf 74' lang='lat' dir='ltr'><strong>Tm</strong></span> <span class='ocrx_word' id='word_1_26' title='bbox 458 580 560 638; x_wconf 68' lang='lat' dir='ltr'><strong>omitit</strong></span> <span class='ocrx_word' id='word_1_27' title='bbox 582 577 666 638; x_wconf 76' lang='grc' dir='ltr'>ιἸΙιιιιι</span> <span class='ocrx_word' id='word_1_28' title='bbox 689 575 836 654; x_wconf 72' lang='lat' dir='ltr'><strong>diabulau,</strong></span> <span class='ocrx_word' id='word_1_29' title='bbox 861 591 888 637; x_wconf 81' lang='lat' dir='ltr'><strong>et</strong></span> <span class='ocrx_word' id='word_1_30' title='bbox 911 597 975 654; x_wconf 74' lang='lat' dir='ltr'><strong>orep</strong></span> <span class='ocrx_word' id='word_1_31' title='bbox 998 591 1049 638; x_wconf 83' lang='lat' dir='ltr'><strong>ete.</strong></span> <span class='ocrx_word' id='word_1_32' title='bbox 1093 576 1163 636; x_wconf 87' lang='lat' dir='ltr'><strong>Plus</strong></span> <span class='ocrx_word' id='word_1_33' title='bbox 1188 577 1339 658; x_wconf 79' lang='lat' dir='ltr'>exprimit</span> 
     </span>
     <span class='ocr_line' id='line_1_6' title="bbox 187 653 1337 745; baseline -0.004 -25"><span class='ocrx_word' id='word_1_34' title='bbox 187 659 297 722; x_wconf 73' lang='lat' dir='ltr'><strong>Lucast</strong></span> <span class='ocrx_word' id='word_1_35' title='bbox 325 677 432 737; x_wconf 76' lang='lat' dir='ltr'><strong>nempe</strong></span> <span class='ocrx_word' id='word_1_36' title='bbox 457 655 598 731; x_wconf 75' lang='lat' dir='ltr'><strong>completo</strong></span> <span class='ocrx_word' id='word_1_37' title='bbox 620 658 698 718; x_wconf 79' lang='lat' dir='ltr'><strong>omni</strong></span> <span class='ocrx_word' id='word_1_38' title='bbox 721 659 887 731; x_wconf 61' lang='lat' dir='ltr'><strong>wardone,</strong></span> <span class='ocrx_word' id='word_1_39' title='bbox 919 653 978 716; x_wconf 88' lang='lat' dir='ltr'><strong>acsi</strong></span> <span class='ocrx_word' id='word_1_40' title='bbox 998 655 1125 727; x_wconf 87' lang='lat' dir='ltr'><strong>diceret,</strong></span> <span class='ocrx_word' id='word_1_41' title='bbox 1159 673 1221 714; x_wconf 92' lang='lat' dir='ltr'><strong>non</strong></span> <span class='ocrx_word' id='word_1_42' title='bbox 1244 656 1337 745; x_wconf 89' lang='lat' dir='ltr'><strong>prius</strong></span> 
     </span>
     <span class='ocr_line' id='line_1_7' title="bbox 189 731 1335 811; baseline -0.006 -14"><span class='ocrx_word' id='word_1_43' title='bbox 189 735 309 798; x_wconf 87' lang='lat' dir='ltr'><strong>Christo</strong></span> <span class='ocrx_word' id='word_1_44' title='bbox 329 735 423 794; x_wconf 89' lang='lat' dir='ltr'><strong>datam</strong></span> <span class='ocrx_word' id='word_1_45' title='bbox 444 732 573 811; x_wconf 86' lang='lat' dir='ltr'><strong>quietem</strong></span> <span class='ocrx_word' id='word_1_46' title='bbox 592 731 792 806; x_wconf 82' lang='lat' dir='ltr'><strong>reiinducias,</strong></span> <span class='ocrx_word' id='word_1_47' title='bbox 812 753 897 811; x_wconf 85' lang='lat' dir='ltr'><strong>quam</strong></span> <span class='ocrx_word' id='word_1_48' title='bbox 909 743 1008 791; x_wconf 79' lang='lat' dir='ltr'><strong>exacte</strong></span> <span class='ocrx_word' id='word_1_49' title='bbox 1027 731 1109 790; x_wconf 88' lang='lat' dir='ltr'><strong>omni</strong></span> <span class='ocrx_word' id='word_1_50' title='bbox 1130 743 1335 792; x_wconf 79' lang='lat' dir='ltr'><strong>certaminum</strong></span> 
     </span>
     <span class='ocr_line' id='line_1_8' title="bbox 110 803 1334 894; baseline -0.007 -20"><span class='ocrx_word' id='word_1_51' title='bbox 110 815 117 834; x_wconf 85' lang='lat'>¹</span> <span class='ocrx_word' id='word_1_52' title='bbox 187 831 299 894; x_wconf 80' lang='lat' dir='ltr'>genere</span> <span class='ocrx_word' id='word_1_53' title='bbox 317 809 458 890; x_wconf 80' lang='lat' dir='ltr'><strong>probatus</strong></span> <span class='ocrx_word' id='word_1_54' title='bbox 477 808 565 869; x_wconf 83' lang='lat' dir='ltr'><strong>soret</strong></span> <span class='ocrx_word' id='word_1_55' title='bbox 606 805 736 881; x_wconf 81' lang='lat' dir='ltr'><strong>Sphiicit</strong></span> <span class='ocrx_word' id='word_1_56' title='bbox 757 809 861 884; x_wconf 86' lang='lat' dir='ltr'><strong>etiam,</strong></span> <span class='ocrx_word' id='word_1_57' title='bbox 897 807 1031 868; x_wconf 89' lang='lat' dir='ltr'><strong>relictum</strong></span> <span class='ocrx_word' id='word_1_58' title='bbox 1056 806 1143 868; x_wconf 81' lang='lat' dir='ltr'><strong>fuisse</strong></span> <span class='ocrx_word' id='word_1_59' title='bbox 1172 803 1334 870; x_wconf 76' lang='lat' dir='ltr'><strong>Christum</strong></span> 
     </span>
     <span class='ocr_line' id='line_1_9' title="bbox 188 885 1334 966; baseline -0.004 -17"><span class='ocrx_word' id='word_1_60' title='bbox 188 890 226 949; x_wconf 84' lang='lat' dir='ltr'><strong>ad</strong></span> <span class='ocrx_word' id='word_1_61' title='bbox 244 899 358 966; x_wconf 83' lang='lat' dir='ltr'><strong>tempus</strong></span> <span class='ocrx_word' id='word_1_62' title='bbox 380 887 534 960; x_wconf 77' lang='lat' dir='ltr'><strong>duntaxat,</strong></span> <span class='ocrx_word' id='word_1_63' title='bbox 557 897 591 946; x_wconf 91' lang='lat' dir='ltr'><strong>ut</strong></span> <span class='ocrx_word' id='word_1_64' title='bbox 610 885 746 959; x_wconf 75' lang='lat' dir='ltr'><strong>etiamen,</strong></span> <span class='ocrx_word' id='word_1_65' title='bbox 766 885 909 965; x_wconf 78' lang='lat' dir='ltr'><strong>reliquam</strong></span> <span class='ocrx_word' id='word_1_66' title='bbox 931 885 991 944; x_wconf 89' lang='lat' dir='ltr'><strong>eius</strong></span> <span class='ocrx_word' id='word_1_67' title='bbox 1010 885 1099 944; x_wconf 80' lang='lat' dir='ltr'><strong>vitam</strong></span> <span class='ocrx_word' id='word_1_68' title='bbox 1119 903 1181 945; x_wconf 92' lang='lat' dir='ltr'><strong>non</strong></span> <span class='ocrx_word' id='word_1_69' title='bbox 1201 905 1334 964; x_wconf 82' lang='lat' dir='ltr'><strong>prorsus</strong></span> 
     </span>
     <span class='ocr_line' id='line_1_10' title="bbox 188 959 1333 1056; baseline 0 -34"><span class='ocrx_word' id='word_1_70' title='bbox 188 961 436 1056; x_wconf 50' lang='lat' dir='ltr'><strong>ptentau&#39;onihus</strong></span> <span class='ocrx_word' id='word_1_71' title='bbox 456 961 544 1022; x_wconf 83' lang='lat' dir='ltr'><strong>fuisse</strong></span> <span class='ocrx_word' id='word_1_72' title='bbox 563 963 738 1034; x_wconf 87' lang='lat' dir='ltr'><strong>immunem,</strong></span> <span class='ocrx_word' id='word_1_73' title='bbox 768 963 820 1022; x_wconf 90' lang='lat' dir='ltr'><strong>sed</strong></span> <span class='ocrx_word' id='word_1_74' title='bbox 838 962 898 1022; x_wconf 83' lang='lat' dir='ltr'><strong>vim</strong></span> <span class='ocrx_word' id='word_1_75' title='bbox 918 962 1045 1022; x_wconf 71' lang='lat' dir='ltr'><strong>Samnae</strong></span> <span class='ocrx_word' id='word_1_76' title='bbox 1070 960 1207 1021; x_wconf 87' lang='lat' dir='ltr'><strong>divinitus</strong></span> <span class='ocrx_word' id='word_1_77' title='bbox 1234 959 1333 1022; x_wconf 81' lang='lat' dir='ltr'><strong>tuisse</strong></span> 
     </span>
     <span class='ocr_line' id='line_1_11' title="bbox 118 1037 1331 1128; baseline -0.003 -28"><span class='ocrx_word' id='word_1_78' title='bbox 118 1083 122 1108; x_wconf 81' lang='lat'><strong>,</strong></span> <span class='ocrx_word' id='word_1_79' title='bbox 188 1038 363 1111; x_wconf 77' lang='lat' dir='ltr'><strong>cohibitam,</strong></span> <span class='ocrx_word' id='word_1_80' title='bbox 382 1057 421 1098; x_wconf 91' lang='lat' dir='ltr'><strong>ne</strong></span> <span class='ocrx_word' id='word_1_81' title='bbox 440 1037 610 1128; x_wconf 86' lang='lat' dir='ltr'><strong>importune</strong></span> <span class='ocrx_word' id='word_1_82' title='bbox 629 1038 768 1098; x_wconf 86' lang='lat' dir='ltr'><strong>molestus</strong></span> <span class='ocrx_word' id='word_1_83' title='bbox 789 1050 864 1098; x_wconf 90' lang='lat' dir='ltr'><strong>esset</strong></span> <span class='ocrx_word' id='word_1_84' title='bbox 885 1037 1021 1112; x_wconf 72' lang='lat' dir='ltr'><strong>Christo,</strong></span> <span class='ocrx_word' id='word_1_85' title='bbox 1041 1037 1126 1098; x_wconf 89' lang='lat' dir='ltr'><strong>sicuti</strong></span> <span class='ocrx_word' id='word_1_86' title='bbox 1145 1039 1222 1098; x_wconf 78' lang='lat' dir='ltr'><strong>solet</strong></span> <span class='ocrx_word' id='word_1_87' title='bbox 1241 1037 1331 1097; x_wconf 87' lang='lat' dir='ltr'><strong>Deus</strong></span> 
     </span>
     <span class='ocr_line' id='line_1_12' title="bbox 188 1113 1330 1197; baseline -0.003 -21"><span class='ocrx_word' id='word_1_88' title='bbox 188 1137 253 1176; x_wconf 88' lang='lat' dir='ltr'><strong>cum</strong></span> <span class='ocrx_word' id='word_1_89' title='bbox 280 1115 416 1175; x_wconf 88' lang='lat' dir='ltr'><strong>omnihus</strong></span> <span class='ocrx_word' id='word_1_90' title='bbox 438 1137 497 1175; x_wconf 79' lang='lat' dir='ltr'><strong>suis</strong></span> <span class='ocrx_word' id='word_1_91' title='bbox 523 1135 621 1197; x_wconf 82' lang='lat' dir='ltr'><strong>agere.</strong></span> <span class='ocrx_word' id='word_1_92' title='bbox 659 1115 734 1174; x_wconf 88' lang='lat' dir='ltr'><strong>Nam</strong></span> <span class='ocrx_word' id='word_1_93' title='bbox 760 1113 921 1193; x_wconf 79' lang='lat' dir='ltr'><strong>siquando</strong></span> <span class='ocrx_word' id='word_1_94' title='bbox 943 1115 1037 1174; x_wconf 84' lang='lat' dir='ltr'><strong>acrius</strong></span> <span class='ocrx_word' id='word_1_95' title='bbox 1059 1114 1156 1176; x_wconf 76' lang='lat' dir='ltr'><strong>vexari</strong></span> <span class='ocrx_word' id='word_1_96' title='bbox 1180 1135 1233 1174; x_wconf 90' lang='lat' dir='ltr'><strong>eos</strong></span> <span class='ocrx_word' id='word_1_97' title='bbox 1254 1133 1330 1192; x_wconf 91' lang='lat' dir='ltr'><strong>per-</strong></span> 
     </span>
     <span class='ocr_line' id='line_1_13' title="bbox 187 1189 1330 1272; baseline -0.002 -20"><span class='ocrx_word' id='word_1_98' title='bbox 187 1191 287 1266; x_wconf 88' lang='lat' dir='ltr'><strong>mittit,</strong></span> <span class='ocrx_word' id='word_1_99' title='bbox 306 1203 408 1272; x_wconf 83' lang='lat' dir='ltr'><strong>postea</strong></span> <span class='ocrx_word' id='word_1_100' title='bbox 429 1211 463 1251; x_wconf 83' lang='lat' dir='ltr'><strong>ea</strong></span> <span class='ocrx_word' id='word_1_101' title='bbox 483 1192 637 1252; x_wconf 86' lang='lat' dir='ltr'><strong>immodica</strong></span> <span class='ocrx_word' id='word_1_102' title='bbox 658 1191 851 1251; x_wconf 77' lang='lat' dir='ltr'><strong>contentione</strong></span> <span class='ocrx_word' id='word_1_103' title='bbox 869 1190 979 1270; x_wconf 88' lang='lat' dir='ltr'><strong>aliquid</strong></span> <span class='ocrx_word' id='word_1_104' title='bbox 993 1190 1111 1264; x_wconf 83' lang='lat' dir='ltr'><strong>relaxat,</strong></span> <span class='ocrx_word' id='word_1_105' title='bbox 1130 1202 1164 1249; x_wconf 90' lang='lat' dir='ltr'><strong>ut</strong></span> <span class='ocrx_word' id='word_1_106' title='bbox 1173 1189 1330 1272; x_wconf 84' lang='lat' dir='ltr'><strong>paulisper</strong></span> 
     </span>
     <span class='ocr_line' id='line_1_14' title="bbox 188 1266 1328 1350; baseline -0.002 -22"><span class='ocrx_word' id='word_1_107' title='bbox 188 1268 336 1348; x_wconf 80' lang='lat' dir='ltr'><strong>respirent</strong></span> <span class='ocrx_word' id='word_1_108' title='bbox 354 1287 389 1327; x_wconf 86' lang='lat' dir='ltr'><strong>ac</strong></span> <span class='ocrx_word' id='word_1_109' title='bbox 408 1266 553 1350; x_wconf 85' lang='lat' dir='ltr'><strong>colligant</strong></span> <span class='ocrx_word' id='word_1_110' title='bbox 571 1268 698 1332; x_wconf 82' lang='lat' dir='ltr'><strong>animos:</strong></span> <span class='ocrx_word' id='word_1_111' title='bbox 722 1267 842 1326; x_wconf 85' lang='lat' dir='ltr'><strong>minime</strong></span> <span class='ocrx_word' id='word_1_112' title='bbox 861 1273 959 1326; x_wconf 71' lang='lat' dir='ltr'><strong>umen</strong></span> <span class='ocrx_word' id='word_1_113' title='bbox 977 1267 1035 1328; x_wconf 84' lang='lat' dir='ltr'><strong>iliis</strong></span> <span class='ocrx_word' id='word_1_114' title='bbox 1054 1267 1164 1348; x_wconf 88' lang='lat' dir='ltr'><strong>parcit,</strong></span> <span class='ocrx_word' id='word_1_115' title='bbox 1183 1279 1217 1326; x_wconf 90' lang='lat' dir='ltr'><strong>ut</strong></span> <span class='ocrx_word' id='word_1_116' title='bbox 1236 1266 1328 1347; x_wconf 80' lang='lat' dir='ltr'><strong>igna-</strong></span> 
     </span>
     <span class='ocr_line' id='line_1_15' title="bbox 187 1342 1328 1426; baseline -0.002 -22"><span class='ocrx_word' id='word_1_117' title='bbox 187 1343 252 1404; x_wconf 82' lang='lat' dir='ltr'><strong>viae</strong></span> <span class='ocrx_word' id='word_1_118' title='bbox 272 1343 461 1426; x_wconf 85' lang='lat' dir='ltr'><strong>indulgeant,</strong></span> <span class='ocrx_word' id='word_1_119' title='bbox 491 1344 543 1404; x_wconf 89' lang='lat' dir='ltr'><strong>sed</strong></span> <span class='ocrx_word' id='word_1_120' title='bbox 566 1353 737 1404; x_wconf 77' lang='lat' dir='ltr'><strong>tantumne</strong></span> <span class='ocrx_word' id='word_1_121' title='bbox 761 1364 792 1404; x_wconf 86' lang='lat' dir='ltr'><strong>se</strong></span> <span class='ocrx_word' id='word_1_122' title='bbox 818 1357 992 1424; x_wconf 84' lang='lat' dir='ltr'><strong>comparent</strong></span> <span class='ocrx_word' id='word_1_123' title='bbox 1018 1342 1055 1402; x_wconf 81' lang='lat' dir='ltr'><strong>ad</strong></span> <span class='ocrx_word' id='word_1_124' title='bbox 1079 1364 1171 1404; x_wconf 85' lang='lat' dir='ltr'><strong>novas</strong></span> <span class='ocrx_word' id='word_1_125' title='bbox 1197 1365 1239 1423; x_wconf 93' lang='lat' dir='ltr'><strong>pu</strong></span> <span class='ocrx_word' id='word_1_126' title='bbox 1264 1365 1328 1404; x_wconf 88' lang='lat' dir='ltr'><strong>uas.</strong></span> 
     </span>
     <span class='ocr_line' id='line_1_16' title="bbox 190 1363 1328 1511; baseline -0.001 -30"><span class='ocrx_word' id='word_1_127' title='bbox 190 1421 283 1497; x_wconf 82' lang='lat' dir='ltr'><strong>Quod</strong></span> <span class='ocrx_word' id='word_1_128' title='bbox 303 1432 407 1511; x_wconf 88' lang='lat' dir='ltr'><strong>postea</strong></span> <span class='ocrx_word' id='word_1_129' title='bbox 426 1421 569 1499; x_wconf 87' lang='lat' dir='ltr'><strong>sequitur,</strong></span> <span class='ocrx_word' id='word_1_130' title='bbox 587 1421 706 1496; x_wconf 77' lang='lat' dir='ltr'><strong>angelos</strong></span> <span class='ocrx_word' id='word_1_131' title='bbox 722 1420 769 1478; x_wconf 75' lang='lat' dir='ltr'><strong>titt</strong></span> <span class='ocrx_word' id='word_1_132' title='bbox 787 1424 978 1496; x_wconf 55' lang='lat' dir='ltr'><strong>mirta&#39;strnsm</strong></span> <span class='ocrx_word' id='word_1_133' title='bbox 997 1421 1034 1480; x_wconf 87' lang='lat' dir='ltr'><strong>ad</strong></span> <span class='ocrx_word' id='word_1_134' title='bbox 1053 1420 1191 1480; x_wconf 87' lang='lat' dir='ltr'><strong>solatium</strong></span> <span class='ocrx_word' id='word_1_135' title='bbox 1211 1363 1328 1494; x_wconf 66' lang='lat' dir='ltr'><strong>reiero,</strong></span> 
     </span>
     <span class='ocr_line' id='line_1_17' title="bbox 188 1494 1328 1577; baseline -0.001 -20"><span class='ocrx_word' id='word_1_136' title='bbox 188 1509 223 1558; x_wconf 88' lang='lat' dir='ltr'><strong>ut</strong></span> <span class='ocrx_word' id='word_1_137' title='bbox 240 1507 364 1557; x_wconf 74' lang='lat' dir='ltr'><strong>sentiret</strong></span> <span class='ocrx_word' id='word_1_138' title='bbox 383 1494 528 1570; x_wconf 81' lang='lat' dir='ltr'><strong>Christus,</strong></span> <span class='ocrx_word' id='word_1_139' title='bbox 547 1517 577 1558; x_wconf 89' lang='lat' dir='ltr'><strong>se</strong></span> <span class='ocrx_word' id='word_1_140' title='bbox 597 1496 665 1557; x_wconf 91' lang='lat' dir='ltr'><strong>Deo</strong></span> <span class='ocrx_word' id='word_1_141' title='bbox 686 1497 767 1556; x_wconf 83' lang='lat' dir='ltr'><strong>Patri</strong></span> <span class='ocrx_word' id='word_1_142' title='bbox 788 1511 875 1558; x_wconf 81' lang='lat' dir='ltr'><strong>curae</strong></span> <span class='ocrx_word' id='word_1_143' title='bbox 896 1517 969 1572; x_wconf 85' lang='lat' dir='ltr'><strong>esse,</strong></span> <span class='ocrx_word' id='word_1_144' title='bbox 987 1497 1144 1575; x_wconf 85' lang='lat' dir='ltr'><strong>validoque</strong></span> <span class='ocrx_word' id='word_1_145' title='bbox 1160 1498 1223 1572; x_wconf 83' lang='lat' dir='ltr'><strong>eius</strong></span> <span class='ocrx_word' id='word_1_146' title='bbox 1234 1517 1328 1577; x_wconf 88' lang='lat' dir='ltr'><strong>prae-</strong></span> 
     </span>
     <span class='ocr_line' id='line_1_18' title="bbox 187 1573 1326 1653; baseline -0.003 -18"><span class='ocrx_word' id='word_1_147' title='bbox 187 1573 426 1636; x_wconf 76' lang='lat' dir='ltr'><strong>sidiomunitum</strong></span> <span class='ocrx_word' id='word_1_148' title='bbox 446 1585 550 1632; x_wconf 89' lang='lat' dir='ltr'><strong>eontra</strong></span> <span class='ocrx_word' id='word_1_149' title='bbox 571 1573 718 1652; x_wconf 68' lang='lat' dir='ltr'><strong>satanam.</strong></span> <span class='ocrx_word' id='word_1_150' title='bbox 756 1574 831 1633; x_wconf 88' lang='lat' dir='ltr'><strong>Nam</strong></span> <span class='ocrx_word' id='word_1_151' title='bbox 851 1574 913 1653; x_wconf 79' lang='lat' dir='ltr'><strong>ipsa</strong></span> <span class='ocrx_word' id='word_1_152' title='bbox 933 1574 1063 1634; x_wconf 88' lang='lat' dir='ltr'><strong>solitudo</strong></span> <span class='ocrx_word' id='word_1_153' title='bbox 1082 1594 1253 1634; x_wconf 89' lang='lat' dir='ltr'><strong>moerorem</strong></span> <span class='ocrx_word' id='word_1_154' title='bbox 1271 1595 1326 1632; x_wconf 84' lang='lat' dir='ltr'><strong>au-</strong></span> 
     </span>
    </p>

    <p class='ocr_par' dir='ltr' id='par_1_5' title="bbox 104 1649 1326 2016">
     <span class='ocr_line' id='line_1_19' title="bbox 210 1649 1326 1730; baseline 0 -20"><span class='ocrx_word' id='word_1_155' title='bbox 210 1669 259 1710; x_wconf 91' lang='lat' dir='ltr'><strong>ere</strong></span> <span class='ocrx_word' id='word_1_156' title='bbox 279 1659 413 1730; x_wconf 86' lang='lat' dir='ltr'><strong>poterat,</strong></span> <span class='ocrx_word' id='word_1_157' title='bbox 440 1668 529 1727; x_wconf 91' lang='lat' dir='ltr'><strong>quum</strong></span> <span class='ocrx_word' id='word_1_158' title='bbox 548 1649 685 1710; x_wconf 87' lang='lat' dir='ltr'><strong>omnihus</strong></span> <span class='ocrx_word' id='word_1_159' title='bbox 704 1649 856 1710; x_wconf 91' lang='lat' dir='ltr'><strong>hominnm</strong></span> <span class='ocrx_word' id='word_1_160' title='bbox 877 1651 982 1712; x_wconf 80' lang='lat' dir='ltr'><strong>officiis</strong></span> <span class='ocrx_word' id='word_1_161' title='bbox 1000 1650 1128 1730; x_wconf 75' lang='lat' dir='ltr'><strong>privatin</strong></span> <span class='ocrx_word' id='word_1_162' title='bbox 1147 1649 1326 1718; x_wconf 69' lang='lat' dir='ltr'><strong>interseras</strong></span> 
     </span>
     <span class='ocr_line' id='line_1_20' title="bbox 187 1671 1326 1809; baseline -0.003 -20"><span class='ocrx_word' id='word_1_163' title='bbox 187 1671 325 1809; x_wconf 77' lang='lat' dir='ltr'><strong>degeret,</strong></span> <span class='ocrx_word' id='word_1_164' title='bbox 348 1764 352 1772; x_wconf 88' lang='lat'>·</span> <span class='ocrx_word' id='word_1_165' title='bbox 377 1725 438 1784; x_wconf 92' lang='lat' dir='ltr'><strong>uod</strong></span> <span class='ocrx_word' id='word_1_166' title='bbox 463 1726 550 1785; x_wconf 81' lang='lat' dir='ltr'><strong>etiam</strong></span> <span class='ocrx_word' id='word_1_167' title='bbox 574 1725 681 1786; x_wconf 83' lang='lat' dir='ltr'><strong>diserte</strong></span> <span class='ocrx_word' id='word_1_168' title='bbox 701 1726 813 1787; x_wconf 84' lang='lat' dir='ltr'><strong>notavit</strong></span> <span class='ocrx_word' id='word_1_169' title='bbox 832 1727 970 1788; x_wconf 79' lang='lat' dir='ltr'><strong>Marcus.</strong></span> <span class='ocrx_word' id='word_1_170' title='bbox 1011 1728 1074 1787; x_wconf 90' lang='lat' dir='ltr'><strong>Nec</strong></span> <span class='ocrx_word' id='word_1_171' title='bbox 1092 1739 1190 1786; x_wconf 89' lang='lat' dir='ltr'><strong>tamen</strong></span> <span class='ocrx_word' id='word_1_172' title='bbox 1213 1739 1326 1807; x_wconf 85' lang='lat' dir='ltr'><strong>putan-</strong></span> 
     </span>
     <span class='ocr_line' id='line_1_21' title="bbox 188 1745 1324 1896; baseline -0.002 -32"><span class='ocrx_word' id='word_1_173' title='bbox 188 1805 258 1864; x_wconf 86' lang='lat' dir='ltr'><strong>dum</strong></span> <span class='ocrx_word' id='word_1_174' title='bbox 278 1813 333 1876; x_wconf 82' lang='lat' dir='ltr'><strong>est,</strong></span> <span class='ocrx_word' id='word_1_175' title='bbox 354 1745 504 1862; x_wconf 56' lang='lat' dir='ltr'><strong>dhe-istum</strong></span> <span class='ocrx_word' id='word_1_176' title='bbox 523 1822 651 1893; x_wconf 64' lang='lat' dir='ltr'><strong>unquam</strong></span> <span class='ocrx_word' id='word_1_177' title='bbox 671 1801 817 1863; x_wconf 82' lang='lat' dir='ltr'><strong>desertum</strong></span> <span class='ocrx_word' id='word_1_178' title='bbox 838 1803 926 1865; x_wconf 80' lang='lat' dir='ltr'><strong>fuisse</strong></span> <span class='ocrx_word' id='word_1_179' title='bbox 947 1803 983 1864; x_wconf 85' lang='lat' dir='ltr'><strong>ab</strong></span> <span class='ocrx_word' id='word_1_180' title='bbox 1003 1803 1125 1896; x_wconf 79' lang='lat' dir='ltr'><strong>angelis,</strong></span> <span class='ocrx_word' id='word_1_181' title='bbox 1144 1803 1196 1864; x_wconf 86' lang='lat' dir='ltr'><strong>sed</strong></span> <span class='ocrx_word' id='word_1_182' title='bbox 1216 1815 1251 1863; x_wconf 89' lang='lat' dir='ltr'><strong>ut</strong></span> <span class='ocrx_word' id='word_1_183' title='bbox 1272 1805 1324 1862; x_wconf 83' lang='lat' dir='ltr'><strong>da-</strong></span> 
     </span>
     <span class='ocr_line' id='line_1_22' title="bbox 187 1876 1324 1963; baseline 0.002 -25"><span class='ocrx_word' id='word_1_184' title='bbox 187 1890 270 1940; x_wconf 83' lang='lat' dir='ltr'><strong>retur</strong></span> <span class='ocrx_word' id='word_1_185' title='bbox 287 1876 445 1938; x_wconf 84' lang='lat' dir='ltr'><strong>tentationi</strong></span> <span class='ocrx_word' id='word_1_186' title='bbox 463 1876 561 1939; x_wconf 84' lang='lat' dir='ltr'><strong>locus:</strong></span> <span class='ocrx_word' id='word_1_187' title='bbox 580 1879 727 1940; x_wconf 78' lang='lat' dir='ltr'><strong>interdurn</strong></span> <span class='ocrx_word' id='word_1_188' title='bbox 739 1879 798 1939; x_wconf 90' lang='lat' dir='ltr'><strong>Dei</strong></span> <span class='ocrx_word' id='word_1_189' title='bbox 810 1881 915 1963; x_wconf 79' lang='lat' dir='ltr'><strong>gratia,</strong></span> <span class='ocrx_word' id='word_1_190' title='bbox 935 1901 1065 1962; x_wconf 79' lang='lat' dir='ltr'><strong>quamvis</strong></span> <span class='ocrx_word' id='word_1_191' title='bbox 1075 1899 1214 1960; x_wconf 81' lang='lat' dir='ltr'><strong>praesens</strong></span> <span class='ocrx_word' id='word_1_192' title='bbox 1236 1893 1324 1954; x_wconf 85' lang='lat' dir='ltr'><strong>esset,</strong></span> 
     </span>
     <span class='ocr_line' id='line_1_23' title="bbox 104 1953 1244 2016; baseline -0.001 0"><span class='ocrx_word' id='word_1_193' title='bbox 104 1964 112 2008; x_wconf 65' lang='grc' dir='ltr'><em>ἒ</em></span> <span class='ocrx_word' id='word_1_194' title='bbox 187 1975 254 2016; x_wconf 88' lang='lat' dir='ltr'><strong>eum</strong></span> <span class='ocrx_word' id='word_1_195' title='bbox 274 1953 435 2016; x_wconf 86' lang='lat' dir='ltr'><strong>secundum</strong></span> <span class='ocrx_word' id='word_1_196' title='bbox 455 1956 549 2016; x_wconf 82' lang='lat' dir='ltr'><strong>cernis</strong></span> <span class='ocrx_word' id='word_1_197' title='bbox 568 1975 684 2016; x_wconf 84' lang='lat' dir='ltr'><strong>sensum</strong></span> <span class='ocrx_word' id='word_1_198' title='bbox 704 1955 804 2016; x_wconf 66' lang='lat' dir='ltr'><strong>latuit*</strong></span> <span class='ocrx_word' id='word_1_199' title='bbox 1242 1991 1244 1996; x_wconf 88' lang='lat'><em>·</em></span> 
     </span>
    </p>
   </div>
   <div class='ocr_carea' id='block_1_4' title="bbox 470 2209 1178 2383">
    <p class='ocr_par' dir='ltr' id='par_1_6' title="bbox 470 2209 1178 2383">
     <span class='ocr_line' id='line_1_24' title="bbox 470 2209 1178 2383; baseline 0.003 -9"><span class='ocrx_word' id='word_1_200' title='bbox 470 2209 709 2374; x_wconf 72' lang='lat' dir='ltr'><strong>sterio</strong></span> <span class='ocrx_word' id='word_1_201' title='bbox 750 2287 804 2376; x_wconf 83' lang='lat' dir='ltr'><strong>V.</strong></span> <span class='ocrx_word' id='word_1_202' title='bbox 859 2304 1035 2383; x_wconf 67' lang='lat' dir='ltr'><strong>‹aa-o.)</strong></span> <span class='ocrx_word' id='word_1_203' title='bbox 1159 2365 1178 2376; x_wconf 82' lang='grc'><strong>.</strong></span> 
     </span>
    </p>
   </div>
   <div class='ocr_carea' id='block_1_5' title="bbox 393 2444 1141 2528">
    <p class='ocr_par' dir='ltr' id='par_1_7' title="bbox 393 2444 1141 2528">
     <span class='ocr_line' id='line_1_25' title="bbox 393 2444 1141 2528; baseline 0.008 -5"><span class='ocrx_word' id='word_1_204' title='bbox 393 2444 620 2528; x_wconf 73' lang='lat' dir='ltr'><strong>uenenis</strong></span> <span class='ocrx_word' id='word_1_205' title='bbox 655 2471 768 2528; x_wconf 79' lang='lat' dir='ltr'><strong>insu</strong></span> <span class='ocrx_word' id='word_1_206' title='bbox 802 2453 1141 2528; x_wconf 79' lang='grc' dir='ltr'>ιιιιιοιιιιιι.”</span> 
     </span>
    </p>
   </div>
   <div class='ocr_carea' id='block_1_6' title="bbox 305 2593 308 2612">
    <p class='ocr_par' dir='ltr' id='par_1_8' title="bbox 305 2593 308 2612">
     <span class='ocr_line' id='line_1_26' title="bbox 305 2593 308 2612; baseline 0 0"><span class='ocrx_word' id='word_1_207' title='bbox 305 2593 308 2612; x_wconf 89' lang='grc'><strong>1</strong></span> 
     </span>
    </p>
   </div>
   <div class='ocr_carea' id='block_1_7' title="bbox 138 2623 1380 3658">
    <p class='ocr_par' dir='ltr' id='par_1_9' title="bbox 138 2623 1320 3014">
     <span class='ocr_line' id='line_1_27' title="bbox 225 2623 1320 2716; baseline 0.005 -26"><span class='ocrx_word' id='word_1_208' title='bbox 225 2623 309 2704; x_wconf 82' lang='grc'><strong>(33.)</strong></span> <span class='ocrx_word' id='word_1_209' title='bbox 331 2623 502 2692; x_wconf 86' lang='grc' dir='ltr'><strong>ΜΑΤΤΗ.</strong></span> <span class='ocrx_word' id='word_1_210' title='bbox 522 2629 579 2694; x_wconf 86' lang='lat' dir='ltr'><strong>tv.</strong></span> <span class='ocrx_word' id='word_1_211' title='bbox 623 2627 673 2693; x_wconf 79' lang='grc'><strong>12.</strong></span> <span class='ocrx_word' id='word_1_212' title='bbox 696 2625 805 2711; x_wconf 85' lang='lat' dir='ltr'><strong>Quum</strong></span> <span class='ocrx_word' id='word_1_213' title='bbox 818 2627 959 2694; x_wconf 86' lang='lat' dir='ltr'><strong>audisset</strong></span> <span class='ocrx_word' id='word_1_214' title='bbox 981 2637 1086 2692; x_wconf 86' lang='lat' dir='ltr'><strong>autem</strong></span> <span class='ocrx_word' id='word_1_215' title='bbox 1108 2628 1207 2706; x_wconf 85' lang='lat' dir='ltr'><strong>lesus,</strong></span> <span class='ocrx_word' id='word_1_216' title='bbox 1229 2629 1320 2716; x_wconf 91' lang='lat' dir='ltr'><strong>quod</strong></span> 
     </span>
     <span class='ocr_line' id='line_1_28' title="bbox 138 2723 1320 2808; baseline 0.005 -18"><span class='ocrx_word' id='word_1_217' title='bbox 138 2793 147 2808; x_wconf 46' lang='lat' dir='ltr'><strong><em>s</em></strong></span> <span class='ocrx_word' id='word_1_218' title='bbox 184 2723 325 2792; x_wconf 80' lang='lat' dir='ltr'><strong>loannes</strong></span> <span class='ocrx_word' id='word_1_219' title='bbox 356 2726 493 2792; x_wconf 87' lang='lat' dir='ltr'><strong>traditus</strong></span> <span class='ocrx_word' id='word_1_220' title='bbox 519 2739 618 2807; x_wconf 83' lang='lat' dir='ltr'><strong>esset,</strong></span> <span class='ocrx_word' id='word_1_221' title='bbox 649 2733 781 2794; x_wconf 84' lang='lat' dir='ltr'><strong>secessit</strong></span> <span class='ocrx_word' id='word_1_222' title='bbox 806 2731 839 2795; x_wconf 91' lang='lat' dir='ltr'><strong>in</strong></span> <span class='ocrx_word' id='word_1_223' title='bbox 869 2728 1061 2794; x_wconf 84' lang='lat' dir='ltr'><strong>Galilaeam.</strong></span> <span class='ocrx_word' id='word_1_224' title='bbox 1110 2729 1162 2796; x_wconf 82' lang='lat'><strong>17.</strong></span> <span class='ocrx_word' id='word_1_225' title='bbox 1195 2729 1244 2794; x_wconf 81' lang='lat' dir='ltr'><strong>Ex</strong></span> <span class='ocrx_word' id='word_1_226' title='bbox 1277 2753 1320 2796; x_wconf 90' lang='lat' dir='ltr'><strong>eo</strong></span> 
     </span>
     <span class='ocr_line' id='line_1_29' title="bbox 184 2827 1318 2920; baseline 0.004 -29"><span class='ocrx_word' id='word_1_227' title='bbox 184 2835 331 2912; x_wconf 89' lang='lat' dir='ltr'><strong>tempore</strong></span> <span class='ocrx_word' id='word_1_228' title='bbox 352 2827 461 2912; x_wconf 87' lang='lat' dir='ltr'><strong>coepit</strong></span> <span class='ocrx_word' id='word_1_229' title='bbox 481 2828 571 2894; x_wconf 85' lang='lat' dir='ltr'><strong>lesus</strong></span> <span class='ocrx_word' id='word_1_230' title='bbox 593 2827 799 2914; x_wconf 80' lang='lat' dir='ltr'><strong>praedicare,</strong></span> <span class='ocrx_word' id='word_1_231' title='bbox 825 2839 858 2894; x_wconf 89' lang='lat' dir='ltr'><strong>et</strong></span> <span class='ocrx_word' id='word_1_232' title='bbox 879 2829 1004 2910; x_wconf 85' lang='lat' dir='ltr'><strong>dicere,</strong></span> <span class='ocrx_word' id='word_1_233' title='bbox 1024 2831 1242 2917; x_wconf 82' lang='lat' dir='ltr'><strong>Resipiscite:.</strong></span> <span class='ocrx_word' id='word_1_234' title='bbox 1263 2853 1318 2920; x_wconf 87' lang='lat' dir='ltr'><strong>ap·</strong></span> 
     </span>
     <span class='ocr_line' id='line_1_30' title="bbox 182 2928 869 3014; baseline 0.012 -26"><span class='ocrx_word' id='word_1_235' title='bbox 182 2928 413 3012; x_wconf 80' lang='lat' dir='ltr'><strong>propinquavit</strong></span> <span class='ocrx_word' id='word_1_236' title='bbox 433 2929 518 2994; x_wconf 85' lang='lat' dir='ltr'><strong>euim</strong></span> <span class='ocrx_word' id='word_1_237' title='bbox 539 2929 869 3014; x_wconf 78' lang='lat' dir='ltr'><strong>regnum‘coelorum.</strong></span> 
     </span>
    </p>

    <p class='ocr_par' dir='ltr' id='par_1_10' title="bbox 182 3039 1380 3438">
     <span class='ocr_line' id='line_1_31' title="bbox 266 3039 1318 3134; baseline 0.007 -27"><span class='ocrx_word' id='word_1_238' title='bbox 266 3039 406 3110; x_wconf 73' lang='lat' dir='ltr'><strong>Mane.</strong></span> <span class='ocrx_word' id='word_1_239' title='bbox 433 3045 456 3111; x_wconf 86' lang='lat'><strong>1.</strong></span> <span class='ocrx_word' id='word_1_240' title='bbox 504 3044 555 3110; x_wconf 85' lang='grc'><strong>14.</strong></span> <span class='ocrx_word' id='word_1_241' title='bbox 589 3047 762 3134; x_wconf 85' lang='lat' dir='ltr'><strong>Postquam</strong></span> <span class='ocrx_word' id='word_1_242' title='bbox 801 3057 906 3112; x_wconf 82' lang='lat' dir='ltr'><strong>autem</strong></span> <span class='ocrx_word' id='word_1_243' title='bbox 945 3047 1199 3134; x_wconf 89' lang='lat' dir='ltr'><strong>comprehensus</strong></span> <span class='ocrx_word' id='word_1_244' title='bbox 1234 3056 1318 3114; x_wconf 86' lang='lat' dir='ltr'><strong>esset</strong></span> 
     </span>
     <span class='ocr_line' id='line_1_32' title="bbox 182 3139 1317 3234; baseline 0.007 -28"><span class='ocrx_word' id='word_1_245' title='bbox 182 3141 336 3222; x_wconf 85' lang='lat' dir='ltr'><strong>loannes,</strong></span> <span class='ocrx_word' id='word_1_246' title='bbox 366 3147 456 3228; x_wconf 81' lang='lat' dir='ltr'><strong>veuit</strong></span> <span class='ocrx_word' id='word_1_247' title='bbox 482 3147 571 3213; x_wconf 85' lang='lat' dir='ltr'><strong>lesus</strong></span> <span class='ocrx_word' id='word_1_248' title='bbox 597 3151 632 3214; x_wconf 91' lang='lat' dir='ltr'><strong>in</strong></span> <span class='ocrx_word' id='word_1_249' title='bbox 658 3145 854 3226; x_wconf 82' lang='lat' dir='ltr'><strong>Gnlilnenm,</strong></span> <span class='ocrx_word' id='word_1_250' title='bbox 888 3149 1080 3234; x_wconf 86' lang='lat' dir='ltr'><strong>praedicans</strong></span> <span class='ocrx_word' id='word_1_251' title='bbox 1104 3139 1317 3234; x_wconf 80' lang='lat' dir='ltr'><strong>Evangelium</strong></span> 
     </span>
     <span class='ocr_line' id='line_1_33' title="bbox 182 3245 1315 3337; baseline 0.008 -30"><span class='ocrx_word' id='word_1_252' title='bbox 182 3246 275 3328; x_wconf 77' lang='lat' dir='ltr'><strong>regni</strong></span> <span class='ocrx_word' id='word_1_253' title='bbox 295 3245 377 3311; x_wconf 75' lang='lat' dir='ltr'><strong>Deis</strong></span> <span class='ocrx_word' id='word_1_254' title='bbox 418 3248 467 3313; x_wconf 75' lang='lat'><strong>15.</strong></span> <span class='ocrx_word' id='word_1_255' title='bbox 489 3247 530 3314; x_wconf 85' lang='lat' dir='ltr'><strong>Et</strong></span> <span class='ocrx_word' id='word_1_256' title='bbox 552 3248 679 3327; x_wconf 87' lang='lat' dir='ltr'><strong>dicens,</strong></span> <span class='ocrx_word' id='word_1_257' title='bbox 711 3248 879 3334; x_wconf 83' lang='lat' dir='ltr'><strong>impletum</strong></span> <span class='ocrx_word' id='word_1_258' title='bbox 907 3258 955 3314; x_wconf 86' lang='lat' dir='ltr'><strong>est</strong></span> <span class='ocrx_word' id='word_1_259' title='bbox 976 3259 1116 3334; x_wconf 83' lang='lat' dir='ltr'><strong>tempus,</strong></span> <span class='ocrx_word' id='word_1_260' title='bbox 1144 3260 1177 3315; x_wconf 93' lang='lat' dir='ltr'><strong>et</strong></span> <span class='ocrx_word' id='word_1_261' title='bbox 1199 3271 1315 3337; x_wconf 78' lang='lat' dir='ltr'><strong>appro-</strong></span> 
     </span>
     <span class='ocr_line' id='line_1_34' title="bbox 182 3346 1380 3438; baseline 0.008 -30"><span class='ocrx_word' id='word_1_262' title='bbox 182 3346 350 3432; x_wconf 85' lang='lat' dir='ltr'><strong>pinquavit</strong></span> <span class='ocrx_word' id='word_1_263' title='bbox 369 3367 501 3434; x_wconf 85' lang='lat' dir='ltr'><strong>regnum</strong></span> <span class='ocrx_word' id='word_1_264' title='bbox 523 3350 602 3415; x_wconf 86' lang='lat' dir='ltr'><strong>Dei:</strong></span> <span class='ocrx_word' id='word_1_265' title='bbox 622 3350 815 3435; x_wconf 83' lang='lat' dir='ltr'><strong>resipiscite,</strong></span> <span class='ocrx_word' id='word_1_266' title='bbox 837 3360 870 3414; x_wconf 90' lang='lat' dir='ltr'><strong>et</strong></span> <span class='ocrx_word' id='word_1_267' title='bbox 890 3349 1012 3415; x_wconf 87' lang='lat' dir='ltr'><strong>credite</strong></span> <span class='ocrx_word' id='word_1_268' title='bbox 1033 3349 1223 3435; x_wconf 80' lang='lat' dir='ltr'><strong>Evangelio.</strong></span> <span class='ocrx_word' id='word_1_269' title='bbox 1379 3433 1380 3438; x_wconf 5' lang='grc' dir='ltr'>ἵ</span> 
     </span>
    </p>

    <p class='ocr_par' dir='ltr' id='par_1_11' title="bbox 181 3463 1317 3658">
     <span class='ocr_line' id='line_1_35' title="bbox 267 3463 1314 3555; baseline 0.006 -27"><span class='ocrx_word' id='word_1_270' title='bbox 267 3463 454 3555; x_wconf 26' lang='lat' dir='ltr'>LUC0111L</span> <span class='ocrx_word' id='word_1_271' title='bbox 507 3467 567 3534; x_wconf 54' lang='lat'><strong>³19.</strong></span> <span class='ocrx_word' id='word_1_272' title='bbox 593 3466 745 3534; x_wconf 81' lang='lat' dir='ltr'><strong>Herodes</strong></span> <span class='ocrx_word' id='word_1_273' title='bbox 772 3477 878 3533; x_wconf 86' lang='lat' dir='ltr'><strong>autem</strong></span> <span class='ocrx_word' id='word_1_274' title='bbox 906 3467 1078 3548; x_wconf 82' lang='lat' dir='ltr'><strong>tetrarcha,</strong></span> <span class='ocrx_word' id='word_1_275' title='bbox 1118 3491 1217 3554; x_wconf 89' lang='lat' dir='ltr'><strong>quum</strong></span> <span class='ocrx_word' id='word_1_276' title='bbox 1245 3491 1314 3536; x_wconf 90' lang='lat' dir='ltr'><strong>cor·</strong></span> 
     </span>
     <span class='ocr_line' id='line_1_36' title="bbox 181 3560 1317 3658; baseline 0.004 -29"><span class='ocrx_word' id='word_1_277' title='bbox 181 3563 344 3648; x_wconf 86' lang='lat' dir='ltr'><strong>riperetur</strong></span> <span class='ocrx_word' id='word_1_278' title='bbox 370 3560 411 3630; x_wconf 88' lang='lat' dir='ltr'><strong>ah</strong></span> <span class='ocrx_word' id='word_1_279' title='bbox 438 3565 498 3633; x_wconf 92' lang='lat' dir='ltr'><strong>illo</strong></span> <span class='ocrx_word' id='word_1_280' title='bbox 522 3567 568 3658; x_wconf 82' lang='lat' dir='ltr'><strong>de</strong></span> <span class='ocrx_word' id='word_1_281' title='bbox 591 3567 794 3646; x_wconf 76' lang='lat' dir='ltr'><strong>neroniade,</strong></span> <span class='ocrx_word' id='word_1_282' title='bbox 837 3589 937 3634; x_wconf 89' lang='lat' dir='ltr'><strong>uxore</strong></span> <span class='ocrx_word' id='word_1_283' title='bbox 965 3569 1072 3634; x_wconf 81' lang='lat' dir='ltr'><strong>fratris</strong></span> <span class='ocrx_word' id='word_1_284' title='bbox 1098 3571 1163 3649; x_wconf 88' lang='lat' dir='ltr'><strong>sui,</strong></span> <span class='ocrx_word' id='word_1_285' title='bbox 1207 3570 1317 3656; x_wconf 86' lang='lat' dir='ltr'><strong>deque</strong></span> 
     </span>
    </p>
   </div>
   <div class='ocr_carea' id='block_1_8' title="bbox 62 3654 1313 3760">
    <p class='ocr_par' dir='ltr' id='par_1_12' title="bbox 62 3654 1313 3760">
     <span class='ocr_line' id='line_1_37' title="bbox 62 3654 1313 3760; baseline 0.006 -32"><span class='ocrx_word' id='word_1_286' title='bbox 62 3749 68 3754; x_wconf 28' lang='grc' dir='ltr'>Ι</span> <span class='ocrx_word' id='word_1_287' title='bbox 183 3654 332 3731; x_wconf 84' lang='lat' dir='ltr'><strong>omnihus</strong></span> <span class='ocrx_word' id='word_1_288' title='bbox 369 3665 473 3748; x_wconf 86' lang='lat' dir='ltr'><strong>malis,</strong></span> <span class='ocrx_word' id='word_1_289' title='bbox 515 3687 597 3754; x_wconf 84' lang='lat' dir='ltr'><strong>qnae</strong></span> <span class='ocrx_word' id='word_1_290' title='bbox 630 3667 771 3734; x_wconf 77' lang='lat' dir='ltr'><strong>iaciebat</strong></span> <span class='ocrx_word' id='word_1_291' title='bbox 802 3668 968 3748; x_wconf 85' lang='lat' dir='ltr'><strong>Herodes,</strong></span> <span class='ocrx_word' id='word_1_292' title='bbox 1003 3671 1055 3734; x_wconf 79' lang='lat'><strong>2⁰.</strong></span> <span class='ocrx_word' id='word_1_293' title='bbox 1086 3669 1217 3735; x_wconf 79' lang='lat' dir='ltr'><strong>Adiecit</strong></span> <span class='ocrx_word' id='word_1_294' title='bbox 1251 3671 1313 3760; x_wconf 76' lang='lat' dir='ltr'><strong>hnc</strong></span> 
     </span>
    </p>
   </div>
   <div class='ocr_carea' id='block_1_9' title="bbox 175 3767 1313 4058">
    <p class='ocr_par' dir='ltr' id='par_1_13' title="bbox 175 3767 1313 4058">
     <span class='ocr_line' id='line_1_38' title="bbox 182 3767 1312 3852; baseline 0.009 -24"><span class='ocrx_word' id='word_1_295' title='bbox 182 3784 314 3850; x_wconf 87' lang='lat' dir='ltr'><strong>quoqne</strong></span> <span class='ocrx_word' id='word_1_296' title='bbox 350 3787 449 3852; x_wconf 87' lang='lat' dir='ltr'><strong>super</strong></span> <span class='ocrx_word' id='word_1_297' title='bbox 486 3771 607 3846; x_wconf 87' lang='lat' dir='ltr'><strong>omnia,</strong></span> <span class='ocrx_word' id='word_1_298' title='bbox 651 3780 684 3834; x_wconf 90' lang='lat' dir='ltr'><strong>et</strong></span> <span class='ocrx_word' id='word_1_299' title='bbox 718 3767 848 3835; x_wconf 86' lang='lat' dir='ltr'><strong>inclusit</strong></span> <span class='ocrx_word' id='word_1_300' title='bbox 883 3771 1037 3836; x_wconf 88' lang='lat' dir='ltr'><strong>loannem</strong></span> <span class='ocrx_word' id='word_1_301' title='bbox 1075 3771 1109 3835; x_wconf 90' lang='lat' dir='ltr'><strong>in</strong></span> <span class='ocrx_word' id='word_1_302' title='bbox 1141 3791 1312 3839; x_wconf 87' lang='lat' dir='ltr'><strong>carcerem.</strong></span> 
     </span>
     <span class='ocr_line' id='line_1_39' title="bbox 175 3861 1313 3957; baseline 0.012 -33"><span class='ocrx_word' id='word_1_303' title='bbox 175 3861 238 3928; x_wconf 76' lang='grc' dir='ltr'><strong>Ν.</strong></span> <span class='ocrx_word' id='word_1_304' title='bbox 285 3865 335 3930; x_wconf 79' lang='lat' dir='ltr'><strong>at</strong></span> <span class='ocrx_word' id='word_1_305' title='bbox 372 3865 413 3932; x_wconf 86' lang='lat' dir='ltr'><strong>Et</strong></span> <span class='ocrx_word' id='word_1_306' title='bbox 445 3888 594 3934; x_wconf 82' lang='lat' dir='ltr'><strong>reversus</strong></span> <span class='ocrx_word' id='word_1_307' title='bbox 631 3880 679 3935; x_wconf 87' lang='lat' dir='ltr'><strong>est</strong></span> <span class='ocrx_word' id='word_1_308' title='bbox 710 3870 801 3936; x_wconf 81' lang='lat' dir='ltr'><strong>lesus</strong></span> <span class='ocrx_word' id='word_1_309' title='bbox 835 3874 954 3938; x_wconf 85' lang='lat' dir='ltr'><strong>virtute</strong></span> <span class='ocrx_word' id='word_1_310' title='bbox 988 3873 1124 3957; x_wconf 87' lang='lat' dir='ltr'><strong>Spiritus</strong></span> <span class='ocrx_word' id='word_1_311' title='bbox 1158 3874 1195 3937; x_wconf 90' lang='lat' dir='ltr'><strong>in</strong></span> <span class='ocrx_word' id='word_1_312' title='bbox 1225 3871 1313 3938; x_wconf 88' lang='lat' dir='ltr'><strong>Gali-</strong></span> 
     </span>
     <span class='ocr_line' id='line_1_40' title="bbox 180 3960 1311 4058; baseline 0.009 -30"><span class='ocrx_word' id='word_1_313' title='bbox 180 3960 302 4040; x_wconf 78' lang='lat' dir='ltr'><strong>laeam,</strong></span> <span class='ocrx_word' id='word_1_314' title='bbox 344 3976 378 4031; x_wconf 91' lang='lat' dir='ltr'><strong>et</strong></span> <span class='ocrx_word' id='word_1_315' title='bbox 411 3967 495 4034; x_wconf 81' lang='lat' dir='ltr'><strong>ieme</strong></span> <span class='ocrx_word' id='word_1_316' title='bbox 525 3970 600 4033; x_wconf 87' lang='lat' dir='ltr'><strong>exiit</strong></span> <span class='ocrx_word' id='word_1_317' title='bbox 633 3990 694 4054; x_wconf 90' lang='lat' dir='ltr'><strong>per</strong></span> <span class='ocrx_word' id='word_1_318' title='bbox 729 3972 910 4036; x_wconf 84' lang='lat' dir='ltr'><strong>universam</strong></span> <span class='ocrx_word' id='word_1_319' title='bbox 947 3975 1111 4058; x_wconf 80' lang='lat' dir='ltr'><strong>regionem</strong></span> <span class='ocrx_word' id='word_1_320' title='bbox 1158 3971 1201 4038; x_wconf 89' lang='lat' dir='ltr'><strong>de</strong></span> <span class='ocrx_word' id='word_1_321' title='bbox 1245 3973 1311 4040; x_wconf 88' lang='lat' dir='ltr'><strong>illo.</strong></span> 
     </span>
    </p>
   </div>
   <div class='ocr_carea' id='block_1_10' title="bbox 181 4049 1311 4233">
    <p class='ocr_par' dir='ltr' id='par_1_14' title="bbox 181 4049 1311 4233">
     <span class='ocr_line' id='line_1_41' title="bbox 181 4049 1311 4158; baseline 0.011 -30"><span class='ocrx_word' id='word_1_322' title='bbox 181 4061 233 4128; x_wconf 78' lang='lat'><strong>15.</strong></span> <span class='ocrx_word' id='word_1_323' title='bbox 259 4049 303 4129; x_wconf 84' lang='lat' dir='ltr'><strong>Et</strong></span> <span class='ocrx_word' id='word_1_324' title='bbox 333 4067 404 4151; x_wconf 84' lang='lat' dir='ltr'><strong>ipse</strong></span> <span class='ocrx_word' id='word_1_325' title='bbox 434 4065 575 4138; x_wconf 78' lang='lat' dir='ltr'><strong>docebat</strong></span> <span class='ocrx_word' id='word_1_326' title='bbox 601 4070 634 4133; x_wconf 91' lang='lat' dir='ltr'><strong>in</strong></span> <span class='ocrx_word' id='word_1_327' title='bbox 663 4072 835 4158; x_wconf 76' lang='lat' dir='ltr'><strong>synagogis</strong></span> <span class='ocrx_word' id='word_1_328' title='bbox 858 4053 985 4152; x_wconf 69' lang='lat' dir='ltr'><strong>eorum,</strong></span> <span class='ocrx_word' id='word_1_329' title='bbox 1018 4083 1050 4137; x_wconf 90' lang='lat' dir='ltr'><strong>et</strong></span> <span class='ocrx_word' id='word_1_330' title='bbox 1070 4070 1311 4158; x_wconf 74' lang='lat' dir='ltr'><strong>glorificabatur</strong></span> 
     </span>
     <span class='ocr_line' id='line_1_42' title="bbox 181 4161 840 4233; baseline 0.015 -7"><span class='ocrx_word' id='word_1_331' title='bbox 181 4161 224 4228; x_wconf 86' lang='lat' dir='ltr'><strong>ab</strong></span> <span class='ocrx_word' id='word_1_332' title='bbox 243 4165 403 4233; x_wconf 84' lang='lat' dir='ltr'><strong>omnihus.</strong></span> <span class='ocrx_word' id='word_1_333' title='bbox 833 4177 840 4188; x_wconf 87' lang='lat'>&#39;</span> 
     </span>
    </p>
   </div>
   <div class='ocr_carea' id='block_1_11' title="bbox 179 4288 1307 4476">
    <p class='ocr_par' dir='ltr' id='par_1_15' title="bbox 179 4288 1307 4476">
     <span class='ocr_line' id='line_1_43' title="bbox 252 4288 1307 4394; baseline 0.013 -14"><span class='ocrx_word' id='word_1_334' title='bbox 252 4319 324 4380; x_wconf 85' lang='lat' dir='ltr'><strong>Luc.</strong></span> <span class='ocrx_word' id='word_1_335' title='bbox 341 4325 389 4386; x_wconf 78' lang='lat'><strong>19.</strong></span> <span class='ocrx_word' id='word_1_336' title='bbox 427 4322 558 4386; x_wconf 77' lang='lat' dir='ltr'><strong>Herodes</strong></span> <span class='ocrx_word' id='word_1_337' title='bbox 575 4340 669 4386; x_wconf 65' lang='lat' dir='ltr'><strong>ouem</strong></span> <span class='ocrx_word' id='word_1_338' title='bbox 685 4323 830 4394; x_wconf 72' lang='lat' dir='ltr'><strong>ten-orcha</strong></span> <span class='ocrx_word' id='word_1_339' title='bbox 847 4341 898 4392; x_wconf 83' lang='lat' dir='ltr'><strong>etc.</strong></span> <span class='ocrx_word' id='word_1_340' title='bbox 939 4327 1026 4390; x_wconf 81' lang='lat' dir='ltr'><strong>Solus</strong></span> <span class='ocrx_word' id='word_1_341' title='bbox 1043 4288 1137 4390; x_wconf 78' lang='lat' dir='ltr'><strong>huces</strong></span> <span class='ocrx_word' id='word_1_342' title='bbox 1163 4330 1307 4394; x_wconf 82' lang='lat' dir='ltr'><strong>hocloco</strong></span> 
     </span>
     <span class='ocr_line' id='line_1_44' title="bbox 179 4397 1307 4476; baseline 0.013 -20"><span class='ocrx_word' id='word_1_343' title='bbox 179 4405 294 4460; x_wconf 63' lang='lat' dir='ltr'><strong>minem</strong></span> <span class='ocrx_word' id='word_1_344' title='bbox 314 4397 445 4476; x_wconf 82' lang='lat' dir='ltr'><strong>exponit,</strong></span> <span class='ocrx_word' id='word_1_345' title='bbox 464 4422 515 4462; x_wconf 92' lang='lat' dir='ltr'><strong>cnr</strong></span> <span class='ocrx_word' id='word_1_346' title='bbox 534 4401 571 4464; x_wconf 83' lang='lat' dir='ltr'><strong>ab</strong></span> <span class='ocrx_word' id='word_1_347' title='bbox 587 4403 710 4466; x_wconf 85' lang='lat' dir='ltr'><strong>Herode</strong></span> <span class='ocrx_word' id='word_1_348' title='bbox 728 4404 880 4467; x_wconf 79' lang='lat' dir='ltr'><strong>coniectus</strong></span> <span class='ocrx_word' id='word_1_349' title='bbox 900 4403 990 4467; x_wconf 85' lang='lat' dir='ltr'><strong>suerit</strong></span> <span class='ocrx_word' id='word_1_350' title='bbox 1009 4409 1138 4470; x_wconf 83' lang='lat' dir='ltr'><strong>Ioannes</strong></span> <span class='ocrx_word' id='word_1_351' title='bbox 1158 4407 1188 4466; x_wconf 89' lang='lat' dir='ltr'><strong>in</strong></span> <span class='ocrx_word' id='word_1_352' title='bbox 1210 4429 1307 4470; x_wconf 85' lang='lat' dir='ltr'><strong>carce-</strong></span> 
     </span>
    </p>
   </div>
   <div class='ocr_carea' id='block_1_12' title="bbox 0 0 1388 4834">
    <p class='ocr_par' dir='ltr' id='par_1_16' title="bbox 0 0 1388 4834">
     <span class='ocr_line' id='line_1_45' title="bbox 0 0 1388 4834; baseline 0 3"><span class='ocrx_word' id='word_1_353' title='bbox 0 0 1388 4834; x_wconf 95' lang='lat' dir='ltr'><strong> </strong></span> 
     </span>
    </p>
   </div>
  </div>
 </body>
</html>
