2756 4838
169 262 229 330 238
328 257 449 322 SECT.
464 247 562 348 syn.
602 268 865 320 manrsasoaou
883 257 1171 320 uhcnmarrones.
1216 237 1220 244 ’

170 428 200 476 ct
219 398 329 474 nomen
348 413 405 473 illis
427 412 484 472 luit
502 413 686 494 impositum:
706 431 773 472 narn
786 393 1119 472 Pherusim'dieti'sunt
1138 411 1224 490 quasi
1243 413 1327 474 inter·
1364 403 1365 438 l

105 533 110 552 .
170 503 277 574 pectes.
316 492 494 572 Quanquam
515 501 612 548 autem
632 489 690 550 suis
711 489 884 550 commentis
903 501 997 548 totam
1018 489 1204 568 scripturam
1229 489 1327 549 focda-

170 580 288 640 verant,
334 568 380 626 uia
401 579 498 626 tamen
518 579 556 626 se·
570 565 717 628 iactabant
737 566 789 625 illo
832 566 946 645 opulari
966 567 1119 626 doctrinae
1144 585 1275 647 genere,
1301 569 1327 625 in

169 641 315 706 tradendo
359 643 385 703 ei
406 643 485 702 ctrltn
506 656 536 703 et
554 655 654 702 sancte
673 587 958 721 vivendi⁸disciplina
973 643 1133 722 praecipue
1148 641 1328 722 vigebatco-

170 743 233 782 rum
255 721 421 780 auctoritas.
460 721 533 780 Ideo
553 719 595 778 sic
616 718 724 778 resolvi
744 717 835 778 debet
853 717 1000 798 loquutio,
1019 717 1171 779 Pharisaei
1186 732 1218 777 et
1229 721 1328 798 reliqui
1365 728 1366 780 l

170 795 294 868 scribae,
313 797 359 856 vel
371 797 495 871 scribae,
515 797 593 856 inter
613 815 686 874 quos
700 793 848 854 Pharisaei
865 815 979 854 summo
999 796 1114 854 honore
1133 795 1265 874 pollent,
1282 817 1329 856 ro·
1365 821 1366 832 ¹

141 869 150 890 ⁸
170 875 216 934 bis
242 874 310 933 duim
330 873 507 951 loquuntur,
526 883 630 933 rectae
649 873 727 931 vitae
747 871 836 950 probi
855 883 924 932 suut
941 872 1088 954 magistri,
1113 871 1214 952 impiis
1239 885 1329 930 autem

170 949 310 1030 operibus
330 950 454 1029 pessime
473 963 528 1010 vos'
545 948 717 1008 instituunt:
738 967 828 1028 quare
848 947 885 1007 ad
906 961 1007 1008 eorum
1024 969 1076 1009 ora
1089 950 1190 1028 potius
1202 970 1288 1028 quam
1299 951 1330 1008 ul

169 1047 272 1086 manus
290 1027 443 1086 attendite.
482 1025 742 1104 Nuncquaeritur,
763 1024 902 1114 quicquid
921 1025 1106 1104 praecipiant
1126 1025 1278 1096 doctores,
1297 1047 1331 1084 au

170 1104 234 1164 sine
254 1103 421 1162 discrimine
463 1103 603 1162 arandum
616 1101 669 1166 sit.
707 1102 782 1160 Nam
794 1112 862 1160 satas
873 1112 998 1174 constat,
1017 1103 1121 1161 aetatis
1133 1101 1210 1160 illius
1223 1101 1332 1161 scribes

173 1180 312 1259 nequiter
336 1191 365 1238 et
380 1123 531 1240 'scelerate
556 1179 723 1258 corrupisse
748 1177 791 1236 Le
814 1197 859 1236 ern
884 1177 981 1257 pravis
1007 1177 1167 1258 figmentis,
1192 1198 1332 1236 onerasse

171 1257 278 1336 iniquis
303 1253 431 1335 legibus·
445 1255 565 1316 miseras
590 1255 715 1326 animas,
741 1197 839 1316 nulus
863 1254 1122 1334 superstitionibus
1137 1254 1253 1316 uitiasse
1272 1256 1332 1313 Dei

172 1333 297 1394 cultum:
325 1333 407 1410 atqui
431 1332 539 1393 servaei
566 1331 629 1389 vult
650 1329 784 1390 Christus
809 1350 913 1390 eorum
936 1331 1119 1405 doctrinam,
1147 1331 1204 1391 acsi
1229 1351 1332 1390 eorum

172 1409 320 1490 tyrannidi
339 1410 475 1468 resistere
496 1407 537 1469 las
557 1427 619 1466 non
641 1419 724 1468 esset.
764 1405 871 1476 Facilis
885 1419 928 1466 est
939 1406 1059 1479 solutio,
1079 1428 1143 1468 non
1164 1407 1333 1487 simpliciter
1366 1413 1367 1468 f

122 1517 130 1532 ι
172 1486 303 1546 conferri
323 1485 485 1566 quamlibet
504 1483 668 1544 doctrinam
688 1501 754 1542 cum
773 1484 844 1556 vita,-
863 1483 915 1544 sed
935 1484 993 1544 boc
1011 1483 1135 1544 Christo
1155 1483 1246 1544 fuisse
1266 1506 1331 1564 pro·

195 1561 310 1636 osituna,
331 1584 347 1622 a
367 1561 499 1642 profanis
519 1579 622 1621 eorum
643 1559 784 1640 operibus
801 1560 970 1620 discernere
988 1573 1118 1621 sanctam
1137 1561 1198 1620 nei
1219 1561 1331 1642 Legem.

171 1583 249 1698 bam
271 1637 369 1698 sedero
390 1643 423 1697 θη
446 1635 582 1699 cathedra
600 1637 699 1697 Musis
724 1636 798 1696 nihil
824 1635 902 1696 aliud
923 1647 983 1712 cst,
1012 1659 1100 1716 quam
1121 1657 1157 1696 ex
1178 1637 1260 1720 Lege
1278 1638 1331 1695 Dei

173 1717 308 1789 tradere,
329 1716 482 1794 quomodo
501 1714 656 1776 vivendum
677 1714 721 1772 sit.
763 1713 940 1791 Quanquam
960 1726 1058 1774 autem
1077 1713 1152 1774 mihi
1173 1735 1237 1779 non
1256 1726 1330 1773 certo

174 1801 301 1865 constat,
321 1791 402 1850 unde
421 1803 534 1869 sumpta
554 1791 593 1849 sit
611 1788 758 1870 loquutio,
777 1789 943 1870 probabilis
958 1801 1057 1850 tamen
1077 1801 1124 1850 est
1144 1811 1251 1850 eorum
1266 1811 1330 1850 con-

110 1940 114 1946 ,
173 1867 294 1938 iectura,
315 1867 374 1947 qui*
385 1866 422 1926 ad
440 1877 610 1948 suggestum
629 1865 764 1925 referunt
784 1885 870 1946 quern
885 1866 976 1926 erexit
987 1867 1106 1942 Esdras,
1126 1867 1210 1927 unde
1220 1867 1278 1927 Lex
1289 1886 1330 1926 re-

62 1981 68 2007 ,
164 1943 313 2000 'citaretur
338 1941 378 2019 (1.
398 1942 484 2001 Esdr.
503 1947 532 2014 Θ,
551 1945 604 2020 4.).
645 1939 735 2002 Certe
755 1943 994 2021 quumuabbini
1014 1945 1051 2004 de
1072 1941 1230 2022 Scriptura
1251 1943 1329 2004 disse-

172 2028 289 2092 rercnt‚
313 2018 418 2078 ordine
444 2012 606 2100 surgebant
625 2019 676 2098 qui
697 2039 731 2077 ex
750 2039 889 2082 consessu
909 2031 993 2078 erant
1011 2019 1103 2080 verba
1123 2021 1244 2080 tacturi.
1277 2020 1326 2077 Le-

173 2115 241 2187 gem
261 2113 332 2154 vero
351 2095 444 2174 ipsam
464 2113 498 2153 ex
520 2095 646 2154 editiore
666 2094 734 2156 loco
756 2095 936 2178 promulgari
955 2096 1033 2155 sorte
1044 2096 1137 2155 moris
1149 2095 1218 2156 tuit.
1248 2095 1327 2155 Sedet
1367 2153 1368 2176 ,

175 2172 267 2252 agitur
284 2171 314 2229 in
333 2171 471 2232 cathedra
483 2171 585 2245 Musis,
606 2171 736 2251 quinon
757 2193 842 2232 erse
862 2171 938 2263 ipso,
958 2173 1005 2234 rel
1025 2173 1151 2252 proprio
1173 2194 1268 2243 sensu,
1285 2173 1328 2230 scd

174 2269 209 2310 ex
230 2248 289 2307 Dei
310 2248 485 2308 'auctoritate
505 2259 535 2308 ct
554 2247 647 2308 uerbo
667 2249 820 2330 praecipit.
853 2249 947 2308 Simul
964 2263 1063 2309 tamen
1076 2249 1213 2330 legitima
1224 2250 1330 2308 rocafio

174 2326 223 2385 hic
244 2335 378 2384 notatur:
400 2325 467 2405 quia
487 2325 555 2385 ideo
577 2326 669 2385 audiri
688 2325 799 2386 scribas
819 2325 903 2386 iubet
913 2325 1057 2400 Christus,
1078 2327 1162 2406 quod
1173 2325 1277 2406 publici
1286 2345 1329 2382 cs-

175 2413 244 2462 sent
262 2401 412 2463 Ecclesiae
441 2400 587 2462 doctores.
626 2399 752 2496 Papistis
771 2403 839 2466 satis
860 2414 904 2464 est
922 2401 1010 2462 titulo
1029 2401 1184 2486 praeditos
1205 2423 1279 2474 esse,
1299 2419 1330 2458 ac
1368 2420 1369 2494 q

175 2479 274 2538 locum
301 2497 463 2560 occupare,
489 2480 539 2557 qui
564 2480 644 2560 leges
669 2491 834 2559 imponunt
884 2480 949 2539 Huc
976 2479 1055 2539 enim
1081 2491 1230 2558 torquent
1248 2475 1329 2538 rerba
1368 2511 1369 2596 p

177 2554 305 2629 Christi,
325 2555 406 2635 quasi
426 2575 546 2616 neccsse
566 2557 603 2616 sit
621 2555 799 2616 obedienter
817 2557 950 2636 recipcre
970 2555 1110 2636 quicquid
1129 2556 1270 2616 mandant
1288 2575 1330 2614 or·
1368 2601 1369 2616 2

177 2623 282 2692 dinarii
302 2631 451 2692 Ecclesiae
474 2634 632 2713 praesules.
671 2633 710 2691 At
733 2632 762 2690 ai
781 2633 849 2692 satis
868 2653 1014 2712 superque
1032 2629 1108 2692 haec
1128 2633 1273 2692 calumnia
1290 2651 1330 2690 re-

175 2707 289 2768 fellitur
313 2707 407 2768 altero
428 2708 539 2768 Christi
564 2708 678 2780 edicto,
702 2729 720 2766 u
746 2709 755 2768 i
780 2723 795 2768 a
823 2707 968 2768 fermento
989 2707 1219 2770 Pharisaeorum
1245 2705 1331 2768 caueri

176 2785 268 2860 iubet.
309 2783 341 2842 Si
366 2783 491 2845 reiiccre
516 2797 637 2846 auctore
659 2785 779 2845 Christo
805 2803 868 2844 non
888 2797 1006 2848 tautum
1023 2783 1068 2844 las
1090 2797 1153 2859 est,
1176 2787 1232 2846 sed
1255 2785 1331 2846 etiam

177 2870 298 2939 oportet
323 2859 462 2939 quicquid
487 2881 580 2940 purae
597 2859 686 2941 Legis
712 2861 865 2922 doctrinae
890 2861 926 2920 de
952 2883 1005 2922 suo
1027 2861 1147 2922 'scribae
1167 2863 1331 2928 admisceat,

178 2947 258 2996 certe
278 2955 349 3006 non,
371 2935 434 2996 sine
460 2935 576 2998 delectu
601 2949 631 2997 et
656 2937 769 3006 iudicio
792 2938 930 3020 amplecti
950 2939 1091 2999 convenit
1111 2939 1254 3018 quicquid
1275 2937 1333 3018 ipsis

177 3013 316 3070 mandare
337 3011 465 3071 libuerit.
503 3013 620 3074 Deinde
640 3014 663 3074 si
685 3013 836 3076 hominum
858 3016 1022 3106 praeceptis
1042 3035 1163 3076 suorum
1185 3015 1333 3075 conscien-

177 3089 231 3156 tias
251 3087 299 3146 hic
321 3086 453 3148 Christus
474 3089 683 3172 obstringeret,
703 3091 777 3150 falso
798 3091 868 3152 alibi
910 3091 1104 3163 renuntiaret,
1125 3091 1333 3152 srustraDcum

179 3163 238 3222 coli
257 3163 409 3222 hominum
428 3166 580 3228 mandatis.
619 3167 697 3227 Hinc
712 3180 856 3248 apparet,
886 3111 1034 3228 lurtum
1055 3178 1176 3227 eatenus
1199 3169 1334 3258 populum

179 3239 292 3298 hortari
311 3251 344 3298 ut
361 3240 464 3302 scribis
484 3255 596 3322 pareat,
616 3244 786 3324 quantisper
805 3245 835 3302 in
852 3249 928 3328 pura
949 3257 979 3304 et
997 3243 1121 3324 simplici
1139 3245 1183 3304 Le
1208 3246 1231 3304 's
1252 3257 1336 3303 mter·

179 3314 348 3398 pretatione
374 3331 503 3379 manent.
543 3319 624 3382 Scite
649 3320 728 3380 enim
753 3323 934 3401 Augustinus
959 3335 989 3381 et
1003 3321 1190 3404 ·appositca
1233 3317 1337 3381 Christi

176 3403 319 3466 merrtem,
339 3394 447 3456 scribas
467 3415 555 3478 super
575 3398 741 3458 cathedram
753 3398 993 3459 Mosissedendo
1004 3398 1116 3480 Legem
1128 3398 1191 3458 Dei
1210 3399 1337 3458 docuisse

179 3469 314 3550 exponit:
345 3471 473 3552 ideoque
503 3493 572 3536 oves
587 3487 589 3496 ·
605 3473 740 3534 debuisse
763 3493 867 3534 vocern
893 3475 1017 3556 pastoris
1043 3494 1100 3554 per
1123 3475 1207 3554 ipsos
1231 3473 1338 3538 audire.

179 3559 317 3626 tanquam
343 3567 397 3628 per
420 3551 626 3611 mercenarios.
678 3550 795 3626 Quibus
827 3551 924 3612 verbis
948 3550 1189 3630 continuo-post
1214 3550 1338 3618 subiicit,

179 3623 356 3705 Deus·ergo
376 3644 431 3706 per
449 3627 515 3688 illos
535 3628 636 3690 docet:
662 3647 803 3689 suasero
823 3629 847 3688 si
867 3628 974 3689 docere
994 3627 1097 3698 velint,
1114 3627 1211 3687 nolite
1227 3625 1340 3696 audire,

179 3701 276 3760 nolite
296 3700 394 3762 tacere
414 3701 569 3780 (Tractatu
589 3703 621 3764 in
640 3705 783 3778 loannem
798 3705 869 3778 46.).
909 3701 967 3763 Cui
986 3703 1152 3765 sententiae
1173 3701 1341 3782 respondet,

181 3777 262 3856 quod
281 3777 358 3836 idem
377 3780 467 3838 tradit
486 3779 563 3852 libro
576 3787 603 3843 4.
624 3782 661 3840 de
680 3781 815 3841 doctrina
828 3779 1006 3841 Christiana:
1028 3780 1170 3859 quoniam
1187 3775 1259 3841 boni
1271 3777 1339 3837 bde-

179 3854 221 3914 les
242 3873 304 3913 non
320 3852 671 3936 quemlibethominem,
695 3857 746 3918 sed
771 3859 865 3936 ipsum
884 3858 982 3917 Deum
1007 3855 1188 3918 obedienter
1213 3857 1340 3918 audiunt.

179 3925 248 3989 ideo
269 3931 382 3992 utiliter
400 3932 558 4000 audiuntur
578 3933 629 4024 qui
648 3933 735 4006 etiam
754 3933 866 3996 utiliter
885 3953 947 3994 non
967 3945 1066 4015 agunt
1107 3932 1261 3994 Cathedra
1274 3949 1340 4012 ergo

180 4027 242 4064 non
261 4005 432 4084 ieribarunn
451 4009 606 4069 sed‘lllosrs
625 4011 753 4092 cogebat
772 4029 822 4070 eos
843 4006 922 4072 bona
937 4013 1061 4082 elucere,
1081 4010 1173 4070 etiam
1191 4031 1256 4070 non
1269 4010 1340 4069 bona

180 4081 330 4144 iacientes.
361 4086 420 4147 Sua
441 4086 519 4145 enim
539 4087 667 4168 agebant
684 4088 714 4164 in
730 4088 790 4148 vita
809 4107 873 4149 sua:
892 4089 1110 4150 docereautem
1122 4107 1186 4162 sua,
1206 4087 1339 4148 cathedre

182 4173 234 4216 eos
253 4179 314 4218 non
335 4161 451 4222 sinebat
469 4160 574 4222 aliena.
655 4173 670 4210 -“
737 4181 739 4190 ’
778 4167 781 4178 “
954 4182 957 4192 “
1064 4188 1067 4198 ·
1176 4185 1181 4194 ·

184 4249 223 4322 :J
257 4241 284 4295 4.
326 4239 564 4314 colligamenta·
583 4239 680 4303 msera
724 4233 932 4315 tinnuerunt
950 4240 1075 4316 scribas,
1102 4237 1187 4330 quasi
1214 4240 1294 4300 duris
1316 4247 1340 4294 ct

181 4327 289 4397 qusquis
315 4311 429 4392 legibus
449 4313 565 4388 uulnus
588 4319 741 4398 tyrannice
768 4319 945 4400 opprimant.
984 4317 1114 4378 Tametsi
1135 4317 1220 4378 enim
1239 4313 1340 4376 maltos

182 4384 355 4446 induxerant
377 4402 576 4468 supervacuos
597 4390 668 4454 ritus
691 4399 848 4476 (nopotet
867 4401 902 4455 eia
921 4389 983 4457 aliis
1004 4395 1113 4474 loris),
1144 4402 1228 4456 nunc
1249 4407 1340 4453 tamen
