2778 4838
879 1 882 4 ¹
951 27 957 57 t

148 229 191 292 tt
379 221 495 286 SECT.
513 219 598 284 xlv.
634 233 878 305 nuscuntur
896 235 1081 284 sermones.
1127 267 1185 322 p·

149 387 214 455 ret,
238 375 345 440 abusus
365 387 410 438 est
428 375 489 438 boc
507 375 651 458 exemplo.
696 372 867 438 Secundum
892 375 971 437 bunc
989 327 1114 436 ¹sensuan
1137 395 1204 436 non
1226 397 1325 461 uago,
1383 393 1384 418 ¹

150 455 223 537 quin
265 455 337 516 ussit
352 454 501 526 interdurn
521 453 618 533 aliqua
638 473 701 514 esse
717 453 789 514 fides
808 449 963 536 implicita,
983 451 1231 516 cuiscilicetnon
1244 477 1322 516 con·
1383 493 1384 518 i

150 543 209 594 stat
249 543 338 592 iserta
357 531 552 611 distinctaque
572 529 833 592 sanaedoctrinae
853 529 1003 611 cognitio,
1022 530 1115 589 modo
1135 529 1193 591 boc
1213 542 1322 594 tenea·
1383 553 1384 612 ;

144 607 226 684 mus,
247 609 333 668 fidem
353 626 472 688 sempor
491 628 526 667 ex
543 605 603 672 Dei
622 605 716 667 verbo
736 607 816 668 nasci
836 619 866 668 et
886 604 1066 697 principium
1084 624 1168 666 suom
1189 629 1226 669 ex
1245 611 1323 672 reris
1383 637 1384 648 ¹

226 768 275 828 23.
312 761 372 821 1110
388 781 456 821 oeae
473 781 533 820 nun
550 758 707 837 ”spondit
745 760 841 822 Variis
860 759 956 820 modis
976 759 1066 820 fidem
1085 760 1170 821 huius
1190 763 1322 824 feminae

108 837 357 920 vaaugeiistae
380 838 607 913 commendant,
634 835 722 898 sicuti
745 857 824 898 nnnc
848 837 885 897 ab
911 836 1020 900 invicta
1040 839 1222 900 constantia:
1253 861 1321 900 nam

150 935 241 1051 putam
255 913 404 974 silentium
417 911 528 976 Christi
544 913 692 994 quoddam
713 925 788 974 esset
807 912 941 994 repulsae
961 933 1066 996 genus,
1085 914 1140 974 bac
1151 917 1321 978 tenutione

43 732 47 742 ,
146 685 324 768 ¹rudimeptis
343 684 470 760 haberc‚.'
483 696 516 744 ut
534 704 652 764 semper
671 683 708 743 ad
727 682 852 762 aliquam
873 693 1014 744 scientaae
1032 683 1128 746 lucem
1142 689 1321 748 annexa'sit.
1383 735 1384 750 .

172 992 295 1051 eiectam
316 1013 379 1051 non
399 991 487 1052 fuisse
506 991 612 1053 mirum
632 1001 691 1052 est:
715 991 866 1051 assiduitas
891 999 989 1051 autem
1016 991 1159 1071 precandi
1179 1013 1321 1074 perseve-
1383 1033 1384 1048 .

150 1068 264 1129 tantiae
284 1068 365 1128 testis
385 1064 450 1128 suit.
494 1067 622 1128 Videtur
640 1079 740 1130 tamen
760 1067 819 1128 boc
838 1066 908 1128 fidei
928 1079 960 1128 et
976 1067 1175 1129 invocationis
1196 1081 1322 1132 naturae

80 1141 83 1157 ¹
150 1162 214 1206 esse
226 1144 419 1222 contrarium,
437 1144 564 1224 qualiter
580 1165 646 1206 eam
656 1142 765 1206 Paubts
785 1143 926 1206 describit
944 1143 981 1204 ad
1000 1143 1218 1223 Rom.1tt‚1t.,
1280 1147 1321 1208 od

149 1221 263 1282 scilicet
287 1241 377 1282 nemo
402 1222 459 1282 rite
482 1221 599 1302 precari
625 1233 715 1312 queat
737 1220 794 1282 nisi
818 1232 983 1301 praeeunte
1006 1220 1101 1282 verbo
1126 1221 1194 1282 Dei.
1274 1225 1321 1284 uis
1383 1233 1384 1294 ᾗ

149 1297 399 1436 εῗοιιιιυῑίεῐεηι
419 1299 494 1359 hanc
514 1299 572 1389 fide
592 1298 756 1420 praedttpm
775 1318 838 1361 esse
859 1297 1043 1390 dicetqu'ae
1063 1308 1181 1359 tacente
1193 1296 1320 1391 Christo

148 1373 1323 1544 {nt‘tttt.t‘‚¹¹⁸.ttt⁰..ttitffttdttttttitssttttittttt‘ffdtr

124 1527 126 1532 ’
149 1528 228 1588 intus
247 1539 347 1590 tamen
366 1528 521 1609 loquutum
544 1547 606 1590 esse
625 1527 757 1589 mulieris
775 1549 886 1604 animo,
905 1529 1004 1666 napae
1024 1548 1164 1588 arcanum
1176 1529 1259 1590 hune
1273 1530 1321 1589 in·
1383 1567 1384 1580 .

148 1605 288 1666 stinctum
316 1617 454 1666 externae
478 1605 708 1688 praedicationis
725 1605 792 1666 vice
811 1605 909 1666 inisse.

148 1681 250 1744 auditu
270 1681 339 1742 fidei
358 1693 427 1741 nata
447 1693 525 1742 esset
543 1682 606 1741 eius
625 1683 770 1762 precatio,
790 1682 922 1762 quamvis
940 1691 1115 1743 onustatum
1135 1681 1322 1772 respondeat

150 1755 295 1833 Christus,
315 1771 435 1839 semper
450 1769 548 1818 tamen
562 1771 683 1818 resonat
697 1758 832 1818 doctrina
842 1759 892 1819 iila
903 1780 989 1839 quam
1001 1757 1091 1818 semel
1102 1757 1219 1834 didicit,
1239 1760 1320 1838 quod

150 1831 284 1894 Christus
305 1833 457 1894 adveniret
466 1833 659 1916 Redemptor.
698 1835 744 1894 Ita
763 1855 852 1916 saepe
864 1835 1012 1896 Dominus
1030 1833 1132 1895 fideles
1151 1856 1224 1896 suos
1244 1837 1320 1902 aiio-

140 1909 249 2000 'quitur
268 1922 299 1970 ct
317 1909 402 1970 simul
421 1921 515 1970 tacet:
541 1928 608 1970 nam
628 1910 800 2049 Scripturas
826 1911 1006 1974 testimoniis
1029 1910 1115 1985 freti,
1150 1911 1204 1972 ubi
1225 1911 1320 1992 ipsum

976 1604 1040 1664 dde
1059 1604 1142 1694 quod
1168 1625 1262 1684 quum
1286 1627 1319 1666 ex
1383 1603 1384 1648 Ὺ

147 1985 271 2045 audiunt
289 1986 472 2066 loquentem,
491 1987 549 2047 sibi
568 2008 630 2048 non
651 1988 690 2048 du
712 1989 788 2048 itant
794 1989 968 2125 propitium
988 1988 1065 2063 fore,
1085 1999 1231 2050 ettamen
1245 1992 1319 2051 votis
1383 2005 1384 2016 ¹

148 2081 253 2122 eorum
273 2075 303 2124 et
343 2063 460 2124 necibus
479 2085 541 2124 non
560 2063 659 2145 statim
680 2079 791 2145 respon
815 2077 855 2144 et,
895 2067 945 2126 uin
965 2065 1065 2146 potius
1083 2085 1115 2126 se
1136 2065 1241 2126 audire
1261 2065 1320 2126 dis-

147 2138 273 2199 simulat.
307 2179 310 2191 ·
340 2140 453 2200 idemus
473 2161 563 2224 ergo,
592 2142 742 2234 quodnam
762 2087 897 2203 fueritb

901 2143 993 2204 bristo
1013 2140 1168 2203 consilium
1188 2143 1320 2216 tacendi,
1383 2147 1384 2164 ¹

147 2237 211 2276 non
229 2227 264 2274 ut
283 2216 371 2278 fidem
390 2216 520 2278 mulieris
541 2229 758 2302 exstingueret,
783 2221 835 2280 sed
854 2219 953 2301 potius
972 2231 1006 2280 ut
1025 2228 1145 2279 acueret
1172 2219 1237 2278 eius
1257 2231 1319 2278 stu-
1383 2267 1384 2302 p

112 2301 117 2316 '
146 2293 240 2386 dium,
259 2305 291 2354 et
308 2295 486 2356 accenderet
504 2295 662 2356 fervorem·
699 2295 972 2388 Quodsieriguum
991 2293 1145 2356 doctrinae
1164 2315 1268 2356 semen
1287 2296 1319 2354 in

149 2369 306 2432 unanaea
319 2370 514 2449 tamuberem
527 2373 656 2433 fructum
665 2373 746 2448 tulit,
764 2373 837 2432 nitu
857 2394 954 2434 nunus
974 2371 1060 2432 decet
1080 2391 1168 2451 quam
1189 2393 1247 2434 nos
1266 2373 1319 2434 de-

147 2446 248 2524 ficere,
268 2443 429 2530 siquando
450 2469 506 2510 nos
520 2449 761 2542 suspendittnec
779 2451 876 2524 statim
896 2450 1027 2509 humano
1046 2468 1192 2528 responso
1214 2449 1318 2530 digna-
1383 2483 1384 2492 κ

145 2533 204 2585 tur.
241 2523 386 2586 Amarda
404 2547 477 2588 eom.
514 2525 596 2588 Nitut
615 2527 648 2586 in
667 2547 730 2591 etus
749 2527 873 2610 gratiam
893 2538 1001 2606 petunt
1019 2523 1166 2616 discipuli,
1185 2527 1319 2606 sedquia

144 2599 203 2661 illis
222 2601 346 2662 molesta
366 2613 411 2663 cst
429 2602 652 2684 importunitas,
672 2603 778 2664 dimitti
799 2603 903 2685 quovis
922 2604 1014 2664 modo
1033 2613 1165 2693 cupiunt.
1208 2601 1320 2664 Caete-

144 2697 210 2812 ἓιιω
231 2677 538 2772 ρυετίἰεβςωευςιιηι
557 2679 626 2756 fuit,
645 2681 729 2818 (pund
745 2681 804 2743 boc
824 2678 1319 2762 praetextuconatssnntPapistae

146 2757 870 2914 adi⁸iitiimmidiisi⁰i²’dinisiniiiiii
881 2767 1187 2924 tts‘fittgtttttti
1202 2758 1321 2915 {tttt

143 2908 242 2986 (quod
261 2919 360 2998 tamen
381 2930 415 2970 ex
435 2921 574 2970 contextu
593 2909 661 2970 elici
681 2930 744 2970 non
764 2911 897 2991 potest),
917 2909 973 2970 aba
992 2922 1092 2970 tamen
1112 2920 1157 3000 est
1176 2923 1316 3000 mortuo-

144 3004 210 3042 rum
229 2995 306 3044 ratio
328 3005 415 3065 quam
431 2985 578 3046 vivorum.
615 2987 702 3048 Adde
723 2987 804 3066 quod
825 2987 976 3048 fastidiose
997 3005 1062 3048 eam
1081 2987 1208 3046 audiunt
1227 2985 1318 3046 dascu-

145 3057 224 3138 puli,
249 3071 338 3139 atquo
363 3071 397 3120 ut
421 3063 533 3124 animm
558 3062 615 3127 iilis
640 3062 732 3126 fuerit
751 3063 921 3144 patrocinio
941 3083 995 3125 auo
1015 3084 1081 3125 eam
1100 3061 1217 3140 levare,
1242 3061 1317 3125 nibil

143 3145 243 3196 tamen
263 3135 432 3216 impetrant.

219 3219 268 3276 24.
305 3215 377 3274 Non
393 3236 459 3276 suaa
476 3219 588 3277 missura
625 3215 863 3278 Redditcausam
874 3215 1038 3297 Apostolis,
1058 3236 1111 3276 cur
1124 3211 1315 3276 Cananaeam
1383 3263 1384 3278 .

144 3307 205 3347 non
221 3289 365 3366 exaudiat,
384 3292 452 3382 quia
472 3291 671 3354 velitludacis
690 3314 722 3354 se
741 3305 837 3356 totum
857 3293 1041 3374 impendere,
1061 3290 1168 3373 quibus
1178 3290 1250 3352 solis
1262 3292 1315 3351 de-

143 3363 266 3426 stinatus
285 3379 350 3427 erat
367 3367 484 3430 divinae
504 3370 616 3454 gratiae
635 3371 777 3432 minister.
805 3373 888 3454 Ergo
910 3371 1105 3430 avocatione
1123 3379 1155 3429 et
1173 3367 1316 3428 mandato

143 3440 239 3503 Patris
260 3465 293 3504 ar
334 3445 367 3520 it,
386 3444 460 3506 nibil
481 3468 542 3508 esse
564 3447 816 3510 extraneisauxiiii
828 3447 1050 3528 praestandum:
1070 3465 1133 3505 non
1148 3445 1314 3526 quodper-

81 3511 89 3538 ⁸
142 3532 235 3598 petuo
255 3463 366 3582 indias
386 3523 478 3584 fuerit
489 3523 600 3586 Christi
618 3525 710 3586 virtuts
729 3525 806 3586 intra
826 3537 885 3584 tam
906 3535 1047 3608 angustos
1066 3521 1150 3598 fines,
1169 3521 1223 3582 scd
1242 3521 1309 3609 quia

43 3627 51 3638 -
139 3594 184 3656 aic
204 3596 321 3659 ferebat
340 3601 481 3692 temporis
501 3603 594 3679 ratio,
618 3613 653 3662 ut
670 3600 787 3662 initium
808 3601 918 3662 faciens
938 3622 955 3661 a
976 3597 1091 3662 Iudaeis
1111 3620 1144 3659 se
1164 3609 1234 3658 tunc
1253 3595 1312 3657 dlis
1383 3623 1384 3680 p

142 3674 333 3754 peculiariter
343 3678 503 3739 addiceret
531 3679 607 3739 Nam
627 3690 662 3740 nt
680 3679 791 3740 dictum
812 3675 868 3738 suit
888 3698 952 3758 cap.
963 3683 1022 3751 1⁰„
1042 3695 1104 3736 non
1125 3687 1195 3734 ante
1212 3693 1310 3734 resur·
1383 3701 1384 3728 ;

76 3823 81 3831 Χ
141 3751 307 3814 rectionem
332 3752 428 3814 diruta
448 3755 505 3815 suit
522 3755 666 3831 maceria,
690 3767 725 3814 ut
748 3773 852 3836 paoem
876 3753 1068 3814 annuntiaret
1087 3752 1224 3813 Christus
1249 3749 1313 3840 ipse
1383 3755 1384 3838 J

141 3829 281 3909 gentibus
307 3851 324 3891 a
350 3851 447 3916 regno
467 3831 527 3893 Dei
550 3831 663 3894 alienis.
702 3833 776 3893 ideo
803 3833 874 3892 tunc
898 3830 1019 3892 vetabat
1040 3827 1207 3964 Apostolos
1232 3827 1316 3901 abbi,
1383 3851 1384 3899 i

142 3925 229 3995 quam
250 3907 280 3967 in
301 3909 411 3970 Iudaea
431 3907 558 3988 primum
578 3909 733 4000 doctrinae
752 3929 853 3970 semen
873 3927 1023 4046 sparpere.

139 4001 258 4043 missum
279 3985 336 4046 hoc
357 3986 425 4046 loco
446 3995 537 4068 negat
554 4007 611 4046 nist
631 3986 667 4045 ad
687 3987 768 4050 solos
787 3987 924 4060 ludaeos,

141 4055 211 4118 dine
231 4072 335 4141 gentes
356 4081 477 4142 quoque
496 4063 699 4124 succederent.
738 4061 838 4123 Porro
861 4083 926 4123 ovas
943 4059 1046 4122 domus
1063 4051 1165 4120 Iudaei
1182 4079 1222 4138 ap
1245 4057 1314 4119 eiiat
1383 4083 1384 4096 ¹

141 4152 204 4223 nou
224 4135 304 4198 solos
324 4138 448 4215 electos,
468 4140 519 4200 sed
540 4139 708 4220 quicunque
728 4159 823 4222 genuus
837 4161 851 4200 a
865 4137 971 4200 sanctis
984 4135 1123 4198 Patribus
1139 4079 1311 4226 trabebant:

123 4229 211 4288 tqma
237 4231 340 4276 omues
365 4215 534 4295 complexus
558 4215 657 4276 suerat
680 4215 829 4279 Dominus
854 4216 885 4276 in
912 4215 1050 4288 foedere,
1082 4225 1113 4272 ct
1143 4227 1311 4293 promiscue

143 4285 279 4348 omnibus
303 4289 487 4371 Redemptor
513 4293 672 4373 promissus
696 4305 777 4366 erat,
807 4292 892 4354 sicuti
922 4291 1011 4352 etiam
1041 4289 1107 4350 sine
1137 4289 1311 4368 exceptione

141 4361 279 4426 unitur
302 4383 334 4428 se
358 4367 501 4445 patefecit
524 4384 566 4432 ac*
586 4367 704 4434 obtulit.
743 4371 812 4435 Hoc
841 4386 964 4450 quoque
987 4377 1094 4430 notatu
1113 4365 1238 4448 dignum
1257 4375 1310 4434 est,

1097 3925 1148 3966 ere
1169 3903 1266 4042 ipitur
1282 3923 1314 3963 se
1383 3913 1384 3998 p

965 3991 1384 4056 ommmmm]
