<?xml version="1.0" encoding="UTF-8"?>
<!DOCTYPE html PUBLIC "-//W3C//DTD XHTML 1.0 Transitional//EN"
    "http://www.w3.org/TR/xhtml1/DTD/xhtml1-transitional.dtd">
<html xmlns="http://www.w3.org/1999/xhtml" xml:lang="en" lang="en">
 <head>
  <title>
</title>
<meta http-equiv="Content-Type" content="text/html;charset=utf-8" />
  <meta name='ocr-system' content='tesseract 3.04.00' />
  <meta name='ocr-capabilities' content='ocr_page ocr_carea ocr_par ocr_line ocrx_word'/>
</head>
<body>
  <div class='ocr_page' id='page_1' title='image "./innovumtestamen00calvgoog_0632.png"; bbox 0 0 2756 4838; ppageno 0'>
   <div class='ocr_carea' id='block_1_1' title="bbox 254 165 1237 324">
    <p class='ocr_par' dir='ltr' id='par_1_1' title="bbox 254 165 1237 324">
     <span class='ocr_line' id='line_1_1' title="bbox 254 165 1237 324; baseline 0.002 -34"><span class='ocrx_word' id='word_1_1' title='bbox 254 227 442 303; x_wconf 73' lang='lat' dir='ltr'>(tte-tea</span> <span class='ocrx_word' id='word_1_2' title='bbox 480 165 566 286; x_wconf 79' lang='lat' dir='ltr'>heris</span> <span class='ocrx_word' id='word_1_3' title='bbox 586 223 813 288; x_wconf 72' lang='lat' dir='ltr'>Pharisaeorum</span> <span class='ocrx_word' id='word_1_4' title='bbox 831 225 1030 307; x_wconf 76' lang='lat' dir='ltr'><strong>reprobatio.)</strong></span> <span class='ocrx_word' id='word_1_5' title='bbox 1179 173 1237 324; x_wconf 62' lang='lat' dir='ltr'>²l⁵</span> 
     </span>
    </p>
   </div>
   <div class='ocr_carea' id='block_1_2' title="bbox 76 343 1236 1605">
    <p class='ocr_par' dir='ltr' id='par_1_2' title="bbox 239 343 563 372">
     <span class='ocr_line' id='line_1_2' title="bbox 239 343 563 372; baseline 0.003 -1"><span class='ocrx_word' id='word_1_6' title='bbox 239 343 246 352; x_wconf 82' lang='lat'><strong>¹</strong></span> <span class='ocrx_word' id='word_1_7' title='bbox 551 346 563 372; x_wconf 74' lang='lat'><em>0</em></span> 
     </span>
    </p>

    <p class='ocr_par' dir='ltr' id='par_1_3' title="bbox 80 377 1233 744">
     <span class='ocr_line' id='line_1_3' title="bbox 80 377 1233 459; baseline 0.005 -21"><span class='ocrx_word' id='word_1_8' title='bbox 80 387 145 458; x_wconf 84' lang='lat' dir='ltr'>apte</span> <span class='ocrx_word' id='word_1_9' title='bbox 162 387 227 438; x_wconf 86' lang='lat' dir='ltr'>erat</span> <span class='ocrx_word' id='word_1_10' title='bbox 245 377 373 446; x_wconf 74' lang='lat' dir='ltr'>venatio,</span> <span class='ocrx_word' id='word_1_11' title='bbox 411 378 481 438; x_wconf 82' lang='lat' dir='ltr'>Fuit</span> <span class='ocrx_word' id='word_1_12' title='bbox 505 389 600 438; x_wconf 89' lang='lat' dir='ltr'>autern</span> <span class='ocrx_word' id='word_1_13' title='bbox 626 399 689 440; x_wconf 90' lang='lat' dir='ltr'>non</span> <span class='ocrx_word' id='word_1_14' title='bbox 708 379 802 438; x_wconf 88' lang='lat' dir='ltr'>minus</span> <span class='ocrx_word' id='word_1_15' title='bbox 821 379 1004 458; x_wconf 88' lang='lat' dir='ltr'>perniciosus</span> <span class='ocrx_word' id='word_1_16' title='bbox 1023 399 1110 459; x_wconf 87' lang='lat' dir='ltr'>quam</span> <span class='ocrx_word' id='word_1_17' title='bbox 1129 381 1233 444; x_wconf 82' lang='lat' dir='ltr'>stultus</span> 
     </span>
     <span class='ocr_line' id='line_1_4' title="bbox 82 453 1231 538; baseline 0.003 -23"><span class='ocrx_word' id='word_1_18' title='bbox 82 476 177 527; x_wconf 78' lang='lat' dir='ltr'>error,</span> <span class='ocrx_word' id='word_1_19' title='bbox 203 474 241 512; x_wconf 90' lang='lat' dir='ltr'>co</span> <span class='ocrx_word' id='word_1_20' title='bbox 262 453 342 532; x_wconf 93' lang='lat' dir='ltr'>quod</span> <span class='ocrx_word' id='word_1_21' title='bbox 361 455 502 534; x_wconf 87' lang='lat' dir='ltr'>populum</span> <span class='ocrx_word' id='word_1_22' title='bbox 524 457 559 515; x_wconf 89' lang='lat' dir='ltr'>ad</span> <span class='ocrx_word' id='word_1_23' title='bbox 581 476 674 516; x_wconf 87' lang='lat' dir='ltr'>crassa</span> <span class='ocrx_word' id='word_1_24' title='bbox 695 455 834 538; x_wconf 81' lang='lat' dir='ltr'>figmenta</span> <span class='ocrx_word' id='word_1_25' title='bbox 854 455 1022 518; x_wconf 79' lang='lat' dir='ltr'>abduceret.</span> <span class='ocrx_word' id='word_1_26' title='bbox 1061 456 1141 515; x_wconf 88' lang='lat' dir='ltr'>Nihil</span> <span class='ocrx_word' id='word_1_27' title='bbox 1160 478 1231 538; x_wconf 91' lang='lat' dir='ltr'>pro-</span> 
     </span>
     <span class='ocr_line' id='line_1_5' title="bbox 80 529 1233 615; baseline 0.001 -24"><span class='ocrx_word' id='word_1_28' title='bbox 80 531 178 592; x_wconf 83' lang='lat' dir='ltr'>clivius</span> <span class='ocrx_word' id='word_1_29' title='bbox 199 541 243 589; x_wconf 88' lang='lat' dir='ltr'>est</span> <span class='ocrx_word' id='word_1_30' title='bbox 263 551 350 610; x_wconf 86' lang='lat' dir='ltr'>quam</span> <span class='ocrx_word' id='word_1_31' title='bbox 372 531 505 592; x_wconf 89' lang='lat' dir='ltr'>homines</span> <span class='ocrx_word' id='word_1_32' title='bbox 525 552 540 591; x_wconf 97' lang='lat' dir='ltr'>a</span> <span class='ocrx_word' id='word_1_33' title='bbox 561 553 636 611; x_wconf 88' lang='lat' dir='ltr'>puro</span> <span class='ocrx_word' id='word_1_34' title='bbox 655 531 715 592; x_wconf 90' lang='lat' dir='ltr'>Dei</span> <span class='ocrx_word' id='word_1_35' title='bbox 737 532 816 592; x_wconf 91' lang='lat' dir='ltr'>cultu</span> <span class='ocrx_word' id='word_1_36' title='bbox 837 529 947 592; x_wconf 79' lang='lat' dir='ltr'>delabi:</span> <span class='ocrx_word' id='word_1_37' title='bbox 976 533 1154 615; x_wconf 86' lang='lat' dir='ltr'>huius&#39;ergo</span> <span class='ocrx_word' id='word_1_38' title='bbox 1173 534 1233 594; x_wconf 83' lang='lat' dir='ltr'>reli</span> 
     </span>
     <span class='ocr_line' id='line_1_6' title="bbox 81 605 1018 744; baseline 0.003 -78"><span class='ocrx_word' id='word_1_39' title='bbox 81 607 202 667; x_wconf 86' lang='lat' dir='ltr'>obtentu</span> <span class='ocrx_word' id='word_1_40' title='bbox 213 605 339 666; x_wconf 69' lang='lat' dir='ltr'>Saunae</span> <span class='ocrx_word' id='word_1_41' title='bbox 361 607 615 688; x_wconf 71' lang='lat' dir='ltr'>promptumspit,</span> <span class='ocrx_word' id='word_1_42' title='bbox 633 609 738 689; x_wconf 87' lang='lat' dir='ltr'>procul</span> <span class='ocrx_word' id='word_1_43' title='bbox 749 630 765 668; x_wconf 88' lang='lat' dir='ltr'>a</span> <span class='ocrx_word' id='word_1_44' title='bbox 777 609 836 670; x_wconf 89' lang='lat' dir='ltr'>Dei</span> <span class='ocrx_word' id='word_1_45' title='bbox 855 609 963 668; x_wconf 91' lang='lat' dir='ltr'>intuitu</span> <span class='ocrx_word' id='word_1_46' title='bbox 978 607 1018 744; x_wconf 61' lang='lat' dir='ltr'>pp</span> 
     </span>
    </p>

    <p class='ocr_par' dir='ltr' id='par_1_4' title="bbox 76 681 1236 1605">
     <span class='ocr_line' id='line_1_7' title="bbox 79 681 1232 766; baseline 0.003 -23"><span class='ocrx_word' id='word_1_47' title='bbox 79 685 133 743; x_wconf 91' lang='lat' dir='ltr'>iam</span> <span class='ocrx_word' id='word_1_48' title='bbox 152 681 217 763; x_wconf 88' lang='lat' dir='ltr'>plus</span> <span class='ocrx_word' id='word_1_49' title='bbox 237 697 332 762; x_wconf 86' lang='lat' dir='ltr'>aequo</span> <span class='ocrx_word' id='word_1_50' title='bbox 353 684 389 744; x_wconf 87' lang='lat' dir='ltr'>ad</span> <span class='ocrx_word' id='word_1_51' title='bbox 408 684 509 744; x_wconf 89' lang='lat' dir='ltr'>stultas</span> <span class='ocrx_word' id='word_1_52' title='bbox 528 684 753 766; x_wconf 78' lang='lat' dir='ltr'>imaginationes</span> <span class='ocrx_word' id='word_1_53' title='bbox 765 685 939 746; x_wconf 76' lang='lat' dir='ltr'>tendebant.</span> <span class='ocrx_word' id='word_1_54' title='bbox 1009 707 1061 746; x_wconf 88' lang='lat' dir='ltr'>aec</span> <span class='ocrx_word' id='word_1_55' title='bbox 1080 686 1156 745; x_wconf 85' lang='lat' dir='ltr'>ratio</span> <span class='ocrx_word' id='word_1_56' title='bbox 1177 697 1232 761; x_wconf 78' lang='lat' dir='ltr'>est,</span> 
     </span>
     <span class='ocr_line' id='line_1_8' title="bbox 80 759 1233 841; baseline 0.001 -20"><span class='ocrx_word' id='word_1_57' title='bbox 80 780 129 822; x_wconf 82' lang='lat' dir='ltr'>cer</span> <span class='ocrx_word' id='word_1_58' title='bbox 147 781 215 820; x_wconf 86' lang='lat' dir='ltr'>enm</span> <span class='ocrx_word' id='word_1_59' title='bbox 235 779 367 820; x_wconf 89' lang='lat' dir='ltr'>errorem</span> <span class='ocrx_word' id='word_1_60' title='bbox 386 771 446 820; x_wconf 87' lang='lat' dir='ltr'>tam</span> <span class='ocrx_word' id='word_1_61' title='bbox 466 761 579 822; x_wconf 88' lang='lat' dir='ltr'>duriter</span> <span class='ocrx_word' id='word_1_62' title='bbox 600 759 736 822; x_wconf 82' lang='lat' dir='ltr'>Christos</span> <span class='ocrx_word' id='word_1_63' title='bbox 752 763 821 822; x_wconf 89' lang='lat' dir='ltr'>casti</span> <span class='ocrx_word' id='word_1_64' title='bbox 844 773 884 822; x_wconf 88' lang='lat' dir='ltr'>et.</span> <span class='ocrx_word' id='word_1_65' title='bbox 922 763 963 822; x_wconf 86' lang='lat' dir='ltr'>Et</span> <span class='ocrx_word' id='word_1_66' title='bbox 980 775 1079 823; x_wconf 87' lang='lat' dir='ltr'>tamen</span> <span class='ocrx_word' id='word_1_67' title='bbox 1099 761 1233 841; x_wconf 86' lang='lat' dir='ltr'>Papistas</span> 
     </span>
     <span class='ocr_line' id='line_1_9' title="bbox 78 784 1233 918; baseline 0.001 -22"><span class='ocrx_word' id='word_1_68' title='bbox 78 857 137 896; x_wconf 91' lang='lat' dir='ltr'>non</span> <span class='ocrx_word' id='word_1_69' title='bbox 158 835 262 916; x_wconf 90' lang='lat' dir='ltr'>puduit</span> <span class='ocrx_word' id='word_1_70' title='bbox 279 855 392 898; x_wconf 84' lang='lat' dir='ltr'>sacrum</span> <span class='ocrx_word' id='word_1_71' title='bbox 405 837 465 896; x_wconf 90' lang='lat' dir='ltr'>Dei</span> <span class='ocrx_word' id='word_1_72' title='bbox 479 852 599 900; x_wconf 66' lang='lat' dir='ltr'>norrtenx</span> <span class='ocrx_word' id='word_1_73' title='bbox 608 827 644 896; x_wconf 84' lang='lat' dir='ltr'>a&#39;d</span> <span class='ocrx_word' id='word_1_74' title='bbox 657 838 770 918; x_wconf 83' lang='lat' dir='ltr'>turpius</span> <span class='ocrx_word' id='word_1_75' title='bbox 783 784 940 899; x_wconf 80' lang='lat' dir='ltr'>ludibrium</span> <span class='ocrx_word' id='word_1_76' title='bbox 951 840 1143 918; x_wconf 85' lang='lat' dir='ltr'>prostituere:</span> <span class='ocrx_word' id='word_1_77' title='bbox 1163 861 1233 904; x_wconf 85' lang='lat' dir='ltr'>narn</span> 
     </span>
     <span class='ocr_line' id='line_1_10' title="bbox 79 911 1233 996; baseline 0.003 -24"><span class='ocrx_word' id='word_1_78' title='bbox 79 913 152 993; x_wconf 89' lang='lat' dir='ltr'>apud</span> <span class='ocrx_word' id='word_1_79' title='bbox 172 911 240 972; x_wconf 85' lang='lat' dir='ltr'>illos</span> <span class='ocrx_word' id='word_1_80' title='bbox 282 913 351 974; x_wconf 88' lang='lat' dir='ltr'>luris</span> <span class='ocrx_word' id='word_1_81' title='bbox 371 925 415 973; x_wconf 88' lang='lat' dir='ltr'>est</span> <span class='ocrx_word' id='word_1_82' title='bbox 435 913 557 974; x_wconf 81' lang='lat' dir='ltr'>frustum</span> <span class='ocrx_word' id='word_1_83' title='bbox 569 914 678 994; x_wconf 90' lang='lat' dir='ltr'>putridi</span> <span class='ocrx_word' id='word_1_84' title='bbox 689 915 835 976; x_wconf 87' lang='lat' dir='ltr'>cadaveris</span> <span class='ocrx_word' id='word_1_85' title='bbox 848 927 982 996; x_wconf 85' lang='lat' dir='ltr'>tangere,</span> <span class='ocrx_word' id='word_1_86' title='bbox 1004 937 1088 994; x_wconf 88' lang='lat' dir='ltr'>quam</span> <span class='ocrx_word' id='word_1_87' title='bbox 1100 927 1233 976; x_wconf 89' lang='lat' dir='ltr'>sanctum</span> 
     </span>
     <span class='ocr_line' id='line_1_11' title="bbox 78 987 1236 1068; baseline 0.003 -20"><span class='ocrx_word' id='word_1_88' title='bbox 78 989 228 1068; x_wconf 89' lang='lat' dir='ltr'>utriusque</span> <span class='ocrx_word' id='word_1_89' title='bbox 278 990 430 1050; x_wconf 85' lang='lat' dir='ltr'>estamenti</span> <span class='ocrx_word' id='word_1_90' title='bbox 448 987 602 1062; x_wconf 79' lang='lat' dir='ltr'>volumen,</span> <span class='ocrx_word' id='word_1_91' title='bbox 632 989 786 1050; x_wconf 84' lang='lat' dir='ltr'>ueletiam</span> <span class='ocrx_word' id='word_1_92' title='bbox 813 992 909 1051; x_wconf 68' lang='lat' dir='ltr'>lentare</span> <span class='ocrx_word' id='word_1_93' title='bbox 930 991 959 1050; x_wconf 94' lang='lat' dir='ltr'>in</span> <span class='ocrx_word' id='word_1_94' title='bbox 981 993 1096 1052; x_wconf 86' lang='lat' dir='ltr'>coelum</span> <span class='ocrx_word' id='word_1_95' title='bbox 1119 1012 1236 1052; x_wconf 71' lang='lat' dir='ltr'>manus:</span> 
     </span>
     <span class='ocr_line' id='line_1_12' title="bbox 76 1065 1232 1147; baseline 0.005 -23"><span class='ocrx_word' id='word_1_96' title='bbox 76 1067 172 1126; x_wconf 91' lang='lat' dir='ltr'>Porro</span> <span class='ocrx_word' id='word_1_97' title='bbox 192 1067 251 1128; x_wconf 51' lang='lat' dir='ltr'>¹hoc</span> <span class='ocrx_word' id='word_1_98' title='bbox 270 1067 360 1126; x_wconf 89' lang='lat' dir='ltr'>modo</span> <span class='ocrx_word' id='word_1_99' title='bbox 381 1067 529 1130; x_wconf 72' lang='lat' dir='ltr'>inducitur</span> <span class='ocrx_word' id='word_1_100' title='bbox 548 1066 743 1128; x_wconf 86' lang='lat' dir='ltr'>carnalisDei</span> <span class='ocrx_word' id='word_1_101' title='bbox 762 1065 866 1144; x_wconf 79' lang='lat' dir='ltr'>cultus,</span> <span class='ocrx_word' id='word_1_102' title='bbox 886 1069 936 1147; x_wconf 90' lang='lat' dir='ltr'>qui</span> <span class='ocrx_word' id='word_1_103' title='bbox 955 1079 1068 1142; x_wconf 74' lang='lat' dir='ltr'>rectum</span> <span class='ocrx_word' id='word_1_104' title='bbox 1087 1068 1148 1130; x_wconf 89' lang='lat' dir='ltr'>eins</span> <span class='ocrx_word' id='word_1_105' title='bbox 1168 1090 1232 1130; x_wconf 89' lang='lat' dir='ltr'>me-</span> 
     </span>
     <span class='ocr_line' id='line_1_13' title="bbox 76 1141 1233 1226; baseline 0.004 -25"><span class='ocrx_word' id='word_1_106' title='bbox 76 1154 135 1202; x_wconf 89' lang='lat' dir='ltr'>tum</span> <span class='ocrx_word' id='word_1_107' title='bbox 164 1141 271 1204; x_wconf 88' lang='lat' dir='ltr'>sensim</span> <span class='ocrx_word' id='word_1_108' title='bbox 304 1141 452 1208; x_wconf 78' lang='lat' dir='ltr'>obliterat.</span> <span class='ocrx_word' id='word_1_109' title='bbox 501 1141 587 1204; x_wconf 76' lang='lat' dir='ltr'>Nihil</span> <span class='ocrx_word' id='word_1_110' title='bbox 613 1157 661 1202; x_wconf 74' lang='lat' dir='ltr'>nst.</span> <span class='ocrx_word' id='word_1_111' title='bbox 708 1145 773 1203; x_wconf 85' lang='lat' dir='ltr'>Hac</span> <span class='ocrx_word' id='word_1_112' title='bbox 807 1145 950 1224; x_wconf 79' lang='lat' dir='ltr'>particula</span> <span class='ocrx_word' id='word_1_113' title='bbox 980 1166 1043 1220; x_wconf 84' lang='lat' dir='ltr'>non</span> <span class='ocrx_word' id='word_1_114' title='bbox 1078 1145 1233 1226; x_wconf 82' lang='lat' dir='ltr'>siguificat,</span> 
     </span>
     <span class='ocr_line' id='line_1_14' title="bbox 77 1219 1233 1354; baseline 0.002 -76"><span class='ocrx_word' id='word_1_115' title='bbox 77 1241 195 1291; x_wconf 82' lang='lat' dir='ltr'>omnem</span> <span class='ocrx_word' id='word_1_116' title='bbox 214 1219 331 1299; x_wconf 87' lang='lat' dir='ltr'>penitus</span> <span class='ocrx_word' id='word_1_117' title='bbox 350 1220 496 1278; x_wconf 90' lang='lat' dir='ltr'>bonorem</span> <span class='ocrx_word' id='word_1_118' title='bbox 516 1220 691 1354; x_wconf 57' lang='lat' dir='ltr'>abrepaturn</span> <span class='ocrx_word' id='word_1_119' title='bbox 712 1220 799 1280; x_wconf 87' lang='lat' dir='ltr'>luisse</span> <span class='ocrx_word' id='word_1_120' title='bbox 819 1222 943 1300; x_wconf 81' lang='lat' dir='ltr'>templo,</span> <span class='ocrx_word' id='word_1_121' title='bbox 962 1221 1014 1281; x_wconf 90' lang='lat' dir='ltr'>sed</span> <span class='ocrx_word' id='word_1_122' title='bbox 1034 1222 1233 1300; x_wconf 71' lang='lat' dir='ltr'>comparatibe</span> 
     </span>
     <span class='ocr_line' id='line_1_15' title="bbox 76 1294 1234 1377; baseline 0.002 -23"><span class='ocrx_word' id='word_1_123' title='bbox 76 1294 215 1376; x_wconf 85' lang='lat' dir='ltr'>loquitur.</span> <span class='ocrx_word' id='word_1_124' title='bbox 253 1297 329 1356; x_wconf 89' lang='lat' dir='ltr'>Nam</span> <span class='ocrx_word' id='word_1_125' title='bbox 350 1317 439 1377; x_wconf 89' lang='lat' dir='ltr'>quum</span> <span class='ocrx_word' id='word_1_126' title='bbox 459 1295 651 1375; x_wconf 81' lang='lat' dir='ltr'>hyperbolae</span> <span class='ocrx_word' id='word_1_127' title='bbox 672 1295 839 1357; x_wconf 86' lang='lat' dir='ltr'>oblationes</span> <span class='ocrx_word' id='word_1_128' title='bbox 860 1297 1052 1372; x_wconf 80' lang='lat' dir='ltr'>extollerent,</span> <span class='ocrx_word' id='word_1_129' title='bbox 1080 1298 1112 1356; x_wconf 92' lang='lat' dir='ltr'>in</span> <span class='ocrx_word' id='word_1_130' title='bbox 1134 1318 1234 1358; x_wconf 88' lang='lat' dir='ltr'>earum</span> 
     </span>
     <span class='ocr_line' id='line_1_16' title="bbox 76 1371 1233 1455; baseline 0 -23"><span class='ocrx_word' id='word_1_131' title='bbox 76 1372 268 1436; x_wconf 83' lang='lat' dir='ltr'>reverentiam</span> <span class='ocrx_word' id='word_1_132' title='bbox 288 1373 330 1432; x_wconf 88' lang='lat' dir='ltr'>ita</span> <span class='ocrx_word' id='word_1_133' title='bbox 348 1373 519 1452; x_wconf 79' lang='lat' dir='ltr'>rapiebatur</span> <span class='ocrx_word' id='word_1_134' title='bbox 539 1371 691 1435; x_wconf 87' lang='lat' dir='ltr'>bominum</span> <span class='ocrx_word' id='word_1_135' title='bbox 709 1371 824 1454; x_wconf 77' lang='lat' dir='ltr'>vulgus,</span> <span class='ocrx_word' id='word_1_136' title='bbox 843 1386 875 1436; x_wconf 86' lang='lat' dir='ltr'>ut</span> <span class='ocrx_word' id='word_1_137' title='bbox 893 1375 996 1455; x_wconf 86' lang='lat' dir='ltr'>templi</span> <span class='ocrx_word' id='word_1_138' title='bbox 1016 1386 1046 1434; x_wconf 92' lang='lat' dir='ltr'>et</span> <span class='ocrx_word' id='word_1_139' title='bbox 1063 1373 1160 1442; x_wconf 87' lang='lat' dir='ltr'>altaris</span> <span class='ocrx_word' id='word_1_140' title='bbox 1170 1395 1233 1432; x_wconf 85' lang='lat' dir='ltr'>ma-</span> 
     </span>
     <span class='ocr_line' id='line_1_17' title="bbox 76 1447 1233 1531; baseline 0.002 -23"><span class='ocrx_word' id='word_1_141' title='bbox 76 1449 160 1510; x_wconf 81' lang='lat' dir='ltr'>iestas</span> <span class='ocrx_word' id='word_1_142' title='bbox 172 1449 338 1524; x_wconf 70' lang='lat' dir='ltr'>vilesceret,</span> <span class='ocrx_word' id='word_1_143' title='bbox 359 1463 481 1528; x_wconf 83' lang='lat' dir='ltr'>eamque</span> <span class='ocrx_word' id='word_1_144' title='bbox 493 1447 628 1527; x_wconf 85' lang='lat' dir='ltr'>periuriis</span> <span class='ocrx_word' id='word_1_145' title='bbox 648 1447 771 1508; x_wconf 85' lang='lat' dir='ltr'>violasse</span> <span class='ocrx_word' id='word_1_146' title='bbox 791 1451 890 1509; x_wconf 89' lang='lat' dir='ltr'>minor</span> <span class='ocrx_word' id='word_1_147' title='bbox 910 1463 985 1512; x_wconf 85' lang='lat' dir='ltr'>esset</span> <span class='ocrx_word' id='word_1_148' title='bbox 1002 1449 1127 1531; x_wconf 82' lang='lat' dir='ltr'>religio,</span> <span class='ocrx_word' id='word_1_149' title='bbox 1147 1471 1233 1530; x_wconf 81' lang='lat' dir='ltr'>quam</span> 
     </span>
     <span class='ocr_line' id='line_1_18' title="bbox 76 1524 873 1605; baseline -0.003 -19"><span class='ocrx_word' id='word_1_150' title='bbox 76 1547 128 1605; x_wconf 89' lang='lat' dir='ltr'>per</span> <span class='ocrx_word' id='word_1_151' title='bbox 146 1547 242 1588; x_wconf 85' lang='lat' dir='ltr'>sacras</span> <span class='ocrx_word' id='word_1_152' title='bbox 262 1525 429 1588; x_wconf 90' lang='lat' dir='ltr'>oblationes</span> <span class='ocrx_word' id='word_1_153' title='bbox 449 1525 543 1584; x_wconf 85' lang='lat' dir='ltr'>minus</span> <span class='ocrx_word' id='word_1_154' title='bbox 563 1536 735 1584; x_wconf 86' lang='lat' dir='ltr'>reverenter</span> <span class='ocrx_word' id='word_1_155' title='bbox 753 1524 873 1586; x_wconf 84' lang='lat' dir='ltr'>iurasse.</span> 
     </span>
    </p>
   </div>
   <div class='ocr_carea' id='block_1_3' title="bbox 1020 609 1328 689">
    <p class='ocr_par' dir='ltr' id='par_1_5' title="bbox 1020 609 1328 689">
     <span class='ocr_line' id='line_1_19' title="bbox 1020 609 1328 689; baseline -0.006 -19"><span class='ocrx_word' id='word_1_156' title='bbox 1020 609 1161 683; x_wconf 70' lang='lat' dir='ltr'>snubere,</span> <span class='ocrx_word' id='word_1_157' title='bbox 1182 610 1232 689; x_wconf 91' lang='lat' dir='ltr'>qui</span> <span class='ocrx_word' id='word_1_158' title='bbox 1324 643 1328 656; x_wconf 43' lang='grc' dir='ltr'><strong>ι</strong></span> 
     </span>
    </p>
   </div>
   <div class='ocr_carea' id='block_1_4' title="bbox 152 1597 1362 1684">
    <p class='ocr_par' dir='ltr' id='par_1_6' title="bbox 152 1597 1362 1684">
     <span class='ocr_line' id='line_1_20' title="bbox 152 1597 1362 1684; baseline -0.008 -15"><span class='ocrx_word' id='word_1_159' title='bbox 152 1607 202 1669; x_wconf 83' lang='lat'>18.</span> <span class='ocrx_word' id='word_1_160' title='bbox 243 1601 303 1684; x_wconf 77' lang='lat' dir='ltr'>(tut</span> <span class='ocrx_word' id='word_1_161' title='bbox 318 1605 456 1663; x_wconf 80' lang='lat' dir='ltr'>iurauerit</span> <span class='ocrx_word' id='word_1_162' title='bbox 470 1623 528 1676; x_wconf 81' lang='lat' dir='ltr'>per·</span> <span class='ocrx_word' id='word_1_163' title='bbox 545 1601 647 1666; x_wconf 81' lang='lat' dir='ltr'>nltnrr.</span> <span class='ocrx_word' id='word_1_164' title='bbox 685 1599 994 1678; x_wconf 83' lang='lat' dir='ltr'>HiclacitDmuinus,</span> <span class='ocrx_word' id='word_1_165' title='bbox 1014 1601 1146 1682; x_wconf 86' lang='lat' dir='ltr'>quadiu</span> <span class='ocrx_word' id='word_1_166' title='bbox 1166 1599 1234 1664; x_wconf 87' lang='lat' dir='ltr'>cor·</span> <span class='ocrx_word' id='word_1_167' title='bbox 1288 1620 1291 1639; x_wconf 80' lang='lat'><strong>¹</strong></span> <span class='ocrx_word' id='word_1_168' title='bbox 1361 1597 1362 1610; x_wconf 54' lang='lat'>¹</span> 
     </span>
    </p>
   </div>
   <div class='ocr_carea' id='block_1_5' title="bbox 74 1676 1306 2840">
    <p class='ocr_par' dir='ltr' id='par_1_7' title="bbox 74 1676 1306 2840">
     <span class='ocr_line' id='line_1_21' title="bbox 75 1676 1235 1760; baseline 0 -22"><span class='ocrx_word' id='word_1_169' title='bbox 75 1679 377 1760; x_wconf 80' lang='lat' dir='ltr'>rigendis¹erroribus</span> <span class='ocrx_word' id='word_1_170' title='bbox 397 1676 586 1753; x_wconf 78' lang='lat' dir='ltr'>deridebat,</span> <span class='ocrx_word' id='word_1_171' title='bbox 618 1679 686 1738; x_wconf 87' lang='lat' dir='ltr'>dum</span> <span class='ocrx_word' id='word_1_172' title='bbox 711 1699 766 1743; x_wconf 80' lang='lat' dir='ltr'>nos</span> <span class='ocrx_word' id='word_1_173' title='bbox 791 1679 828 1738; x_wconf 91' lang='lat' dir='ltr'>ad</span> <span class='ocrx_word' id='word_1_174' title='bbox 847 1679 960 1740; x_wconf 84' lang='lat' dir='ltr'>fontem</span> <span class='ocrx_word' id='word_1_175' title='bbox 981 1691 1117 1754; x_wconf 85' lang='lat' dir='ltr'>revocat,</span> <span class='ocrx_word' id='word_1_176' title='bbox 1151 1691 1235 1739; x_wconf 89' lang='lat' dir='ltr'>etex</span> 
     </span>
     <span class='ocr_line' id='line_1_22' title="bbox 75 1753 1233 1846; baseline 0 -33"><span class='ocrx_word' id='word_1_177' title='bbox 75 1756 134 1834; x_wconf 89' lang='lat' dir='ltr'>ipsa</span> <span class='ocrx_word' id='word_1_178' title='bbox 153 1754 341 1817; x_wconf 88' lang='lat' dir='ltr'>iurisiurandi</span> <span class='ocrx_word' id='word_1_179' title='bbox 360 1755 582 1830; x_wconf 81' lang='lat' dir='ltr'>natura&#39;docet,</span> <span class='ocrx_word' id='word_1_180' title='bbox 602 1753 743 1834; x_wconf 87' lang='lat' dir='ltr'>templum</span> <span class='ocrx_word' id='word_1_181' title='bbox 763 1755 820 1816; x_wconf 90' lang='lat' dir='ltr'>suis</span> <span class='ocrx_word' id='word_1_182' title='bbox 842 1753 969 1834; x_wconf 85' lang='lat' dir='ltr'>donariis</span> <span class='ocrx_word' id='word_1_183' title='bbox 989 1757 1080 1836; x_wconf 84' lang='lat' dir='ltr'>longe</span> <span class='ocrx_word' id='word_1_184' title='bbox 1099 1753 1233 1846; x_wconf 83' lang='lat' dir='ltr'>praecel-</span> 
     </span>
     <span class='ocr_line' id='line_1_23' title="bbox 75 1825 1235 1912; baseline -0.001 -20"><span class='ocrx_word' id='word_1_185' title='bbox 75 1833 145 1893; x_wconf 89' lang='lat' dir='ltr'>lere.</span> <span class='ocrx_word' id='word_1_186' title='bbox 184 1831 366 1912; x_wconf 89' lang='lat' dir='ltr'>Principium</span> <span class='ocrx_word' id='word_1_187' title='bbox 387 1853 419 1891; x_wconf 91' lang='lat' dir='ltr'>er</span> <span class='ocrx_word' id='word_1_188' title='bbox 442 1852 460 1890; x_wconf 94' lang='lat' dir='ltr'>o</span> <span class='ocrx_word' id='word_1_189' title='bbox 480 1829 552 1890; x_wconf 92' lang='lat' dir='ltr'>illud</span> <span class='ocrx_word' id='word_1_190' title='bbox 571 1831 669 1904; x_wconf 78' lang='lat' dir='ltr'>sumit,</span> <span class='ocrx_word' id='word_1_191' title='bbox 689 1851 751 1890; x_wconf 92' lang='lat' dir='ltr'>non</span> <span class='ocrx_word' id='word_1_192' title='bbox 771 1852 833 1892; x_wconf 87' lang='lat' dir='ltr'>esse</span> <span class='ocrx_word' id='word_1_193' title='bbox 853 1831 896 1890; x_wconf 88' lang='lat' dir='ltr'>sas</span> <span class='ocrx_word' id='word_1_194' title='bbox 915 1831 971 1892; x_wconf 89' lang='lat' dir='ltr'>nisi</span> <span class='ocrx_word' id='word_1_195' title='bbox 990 1852 1046 1912; x_wconf 87' lang='lat' dir='ltr'>per</span> <span class='ocrx_word' id='word_1_196' title='bbox 1064 1853 1150 1895; x_wconf 84' lang='lat' dir='ltr'>unius</span> <span class='ocrx_word' id='word_1_197' title='bbox 1174 1825 1235 1892; x_wconf 85' lang='lat' dir='ltr'>Dei</span> 
     </span>
     <span class='ocr_line' id='line_1_24' title="bbox 75 1852 1283 1992; baseline -0.001 -24"><span class='ocrx_word' id='word_1_198' title='bbox 75 1929 185 1972; x_wconf 87' lang='lat' dir='ltr'>nomen</span> <span class='ocrx_word' id='word_1_199' title='bbox 205 1908 310 1970; x_wconf 86' lang='lat' dir='ltr'>iurare.</span> <span class='ocrx_word' id='word_1_200' title='bbox 358 1852 447 1970; x_wconf 71' lang='lat' dir='ltr'>Uarii</span> <span class='ocrx_word' id='word_1_201' title='bbox 466 1908 614 1987; x_wconf 82' lang='lat' dir='ltr'>seqnitur,</span> <span class='ocrx_word' id='word_1_202' title='bbox 644 1928 833 1987; x_wconf 89' lang='lat' dir='ltr'>quascunque</span> <span class='ocrx_word' id='word_1_203' title='bbox 859 1909 895 1968; x_wconf 91' lang='lat' dir='ltr'>ad</span> <span class='ocrx_word' id='word_1_204' title='bbox 920 1907 1076 1968; x_wconf 85' lang='lat' dir='ltr'>iurandum</span> <span class='ocrx_word' id='word_1_205' title='bbox 1094 1907 1235 1970; x_wconf 80' lang='lat' dir='ltr'>formulas</span> <span class='ocrx_word' id='word_1_206' title='bbox 1279 1984 1283 1992; x_wconf 28' lang='lat'>¹</span> 
     </span>
     <span class='ocr_line' id='line_1_25' title="bbox 75 1983 1235 2063; baseline -0.002 -17"><span class='ocrx_word' id='word_1_207' title='bbox 75 1986 208 2046; x_wconf 88' lang='lat' dir='ltr'>homines</span> <span class='ocrx_word' id='word_1_208' title='bbox 228 1985 396 2061; x_wconf 80' lang='lat' dir='ltr'>adhibeant,</span> <span class='ocrx_word' id='word_1_209' title='bbox 415 1984 466 2044; x_wconf 91' lang='lat' dir='ltr'>uni</span> <span class='ocrx_word' id='word_1_210' title='bbox 483 1985 552 2063; x_wconf 80' lang='lat' dir='ltr'>Deo</span> <span class='ocrx_word' id='word_1_211' title='bbox 572 1984 746 2044; x_wconf 88' lang='lat' dir='ltr'>servandum</span> <span class='ocrx_word' id='word_1_212' title='bbox 767 2006 829 2046; x_wconf 89' lang='lat' dir='ltr'>esse</span> <span class='ocrx_word' id='word_1_213' title='bbox 848 2006 932 2044; x_wconf 89' lang='lat' dir='ltr'>suum</span> <span class='ocrx_word' id='word_1_214' title='bbox 952 1984 1106 2044; x_wconf 89' lang='lat' dir='ltr'>honorem.</span> <span class='ocrx_word' id='word_1_215' title='bbox 1144 1983 1235 2056; x_wconf 84' lang='lat' dir='ltr'>Unde</span> 
     </span>
     <span class='ocr_line' id='line_1_26' title="bbox 74 2059 1252 2145; baseline 0 -23"><span class='ocrx_word' id='word_1_216' title='bbox 74 2081 190 2124; x_wconf 82' lang='lat' dir='ltr'>rursum</span> <span class='ocrx_word' id='word_1_217' title='bbox 209 2059 374 2145; x_wconf 79' lang='lat' dir='ltr'>colligitur,</span> <span class='ocrx_word' id='word_1_218' title='bbox 397 2061 549 2142; x_wconf 87' lang='lat' dir='ltr'>quomodo</span> <span class='ocrx_word' id='word_1_219' title='bbox 570 2073 600 2122; x_wconf 90' lang='lat' dir='ltr'>et</span> <span class='ocrx_word' id='word_1_220' title='bbox 620 2073 761 2140; x_wconf 89' lang='lat' dir='ltr'>quatenus</span> <span class='ocrx_word' id='word_1_221' title='bbox 782 2082 837 2140; x_wconf 87' lang='lat' dir='ltr'>per</span> <span class='ocrx_word' id='word_1_222' title='bbox 856 2059 997 2140; x_wconf 87' lang='lat' dir='ltr'>templum</span> <span class='ocrx_word' id='word_1_223' title='bbox 1016 2061 1112 2121; x_wconf 91' lang='lat' dir='ltr'>iurare</span> <span class='ocrx_word' id='word_1_224' title='bbox 1133 2059 1252 2142; x_wconf 57' lang='lat' dir='ltr'>licenter</span> 
     </span>
     <span class='ocr_line' id='line_1_27' title="bbox 74 2135 1235 2218; baseline -0.002 -21"><span class='ocrx_word' id='word_1_225' title='bbox 74 2159 183 2218; x_wconf 83' lang='lat' dir='ltr'>nempe</span> <span class='ocrx_word' id='word_1_226' title='bbox 203 2138 271 2216; x_wconf 85' lang='lat' dir='ltr'>quia</span> <span class='ocrx_word' id='word_1_227' title='bbox 289 2139 372 2200; x_wconf 89' lang='lat' dir='ltr'>sedes</span> <span class='ocrx_word' id='word_1_228' title='bbox 392 2150 436 2198; x_wconf 88' lang='lat' dir='ltr'>est</span> <span class='ocrx_word' id='word_1_229' title='bbox 456 2159 489 2198; x_wconf 88' lang='lat' dir='ltr'>ac</span> <span class='ocrx_word' id='word_1_230' title='bbox 509 2138 706 2200; x_wconf 83' lang='lat' dir='ltr'>sanctuarium</span> <span class='ocrx_word' id='word_1_231' title='bbox 724 2135 798 2198; x_wconf 85' lang='lat' dir='ltr'>Dei:</span> <span class='ocrx_word' id='word_1_232' title='bbox 827 2136 914 2198; x_wconf 90' lang='lat' dir='ltr'>sicuti</span> <span class='ocrx_word' id='word_1_233' title='bbox 933 2157 987 2215; x_wconf 90' lang='lat' dir='ltr'>per</span> <span class='ocrx_word' id='word_1_234' title='bbox 1006 2135 1137 2211; x_wconf 85' lang='lat' dir='ltr'>coelum,</span> <span class='ocrx_word' id='word_1_235' title='bbox 1167 2136 1235 2216; x_wconf 85' lang='lat' dir='ltr'>quia</span> 
     </span>
     <span class='ocr_line' id='line_1_28' title="bbox 75 2209 1306 2305; baseline -0.002 -33"><span class='ocrx_word' id='word_1_236' title='bbox 75 2215 135 2276; x_wconf 92' lang='lat' dir='ltr'>illic</span> <span class='ocrx_word' id='word_1_237' title='bbox 155 2214 284 2305; x_wconf 70' lang='lat' dir='ltr'>refulget</span> <span class='ocrx_word' id='word_1_238' title='bbox 302 2215 360 2274; x_wconf 90' lang='lat' dir='ltr'>Dei</span> <span class='ocrx_word' id='word_1_239' title='bbox 381 2213 486 2294; x_wconf 74' lang='lat' dir='ltr'>gloria,</span> <span class='ocrx_word' id='word_1_240' title='bbox 524 2213 607 2272; x_wconf 84' lang='lat' dir='ltr'>Deus</span> <span class='ocrx_word' id='word_1_241' title='bbox 634 2213 711 2270; x_wconf 91' lang='lat' dir='ltr'>enim</span> <span class='ocrx_word' id='word_1_242' title='bbox 732 2231 764 2270; x_wconf 87' lang='lat' dir='ltr'>se</span> <span class='ocrx_word' id='word_1_243' title='bbox 784 2212 816 2270; x_wconf 89' lang='lat' dir='ltr'>in</span> <span class='ocrx_word' id='word_1_244' title='bbox 835 2209 941 2270; x_wconf 89' lang='lat' dir='ltr'>talibus</span> <span class='ocrx_word' id='word_1_245' title='bbox 982 2212 1145 2270; x_wconf 87' lang='lat' dir='ltr'>raesentiae</span> <span class='ocrx_word' id='word_1_246' title='bbox 1165 2233 1235 2272; x_wconf 91' lang='lat' dir='ltr'>suae</span> <span class='ocrx_word' id='word_1_247' title='bbox 1301 2263 1306 2270; x_wconf 91' lang='grc'><em>.</em></span> 
     </span>
     <span class='ocr_line' id='line_1_29' title="bbox 75 2231 1236 2371; baseline -0.002 -21"><span class='ocrx_word' id='word_1_248' title='bbox 75 2291 216 2371; x_wconf 81' lang='lat' dir='ltr'>symbolis</span> <span class='ocrx_word' id='word_1_249' title='bbox 235 2311 266 2348; x_wconf 90' lang='lat' dir='ltr'>m</span> <span class='ocrx_word' id='word_1_250' title='bbox 285 2303 390 2362; x_wconf 66' lang='lat' dir='ltr'>testem</span> <span class='ocrx_word' id='word_1_251' title='bbox 411 2300 442 2348; x_wconf 88' lang='lat' dir='ltr'>et</span> <span class='ocrx_word' id='word_1_252' title='bbox 460 2287 586 2360; x_wconf 82' lang='lat' dir='ltr'>iudicem</span> <span class='ocrx_word' id='word_1_253' title='bbox 607 2285 744 2346; x_wconf 87' lang='lat' dir='ltr'>advocari</span> <span class='ocrx_word' id='word_1_254' title='bbox 762 2287 881 2367; x_wconf 89' lang='lat' dir='ltr'>patitur,</span> <span class='ocrx_word' id='word_1_255' title='bbox 900 2231 990 2346; x_wconf 77' lang='lat' dir='ltr'>rnodb</span> <span class='ocrx_word' id='word_1_256' title='bbox 1012 2287 1055 2344; x_wconf 89' lang='lat' dir='ltr'>ius</span> <span class='ocrx_word' id='word_1_257' title='bbox 1075 2307 1159 2346; x_wconf 88' lang='lat' dir='ltr'>suurn</span> <span class='ocrx_word' id='word_1_258' title='bbox 1177 2287 1236 2348; x_wconf 83' lang='lat' dir='ltr'>sal·</span> 
     </span>
     <span class='ocr_line' id='line_1_30' title="bbox 74 2361 1236 2442; baseline 0 -16"><span class='ocrx_word' id='word_1_259' title='bbox 74 2389 144 2427; x_wconf 84' lang='lat' dir='ltr'>uum</span> <span class='ocrx_word' id='word_1_260' title='bbox 163 2365 303 2426; x_wconf 86' lang='lat' dir='ltr'>retineat:</span> <span class='ocrx_word' id='word_1_261' title='bbox 323 2387 391 2424; x_wconf 88' lang='lat' dir='ltr'>nam</span> <span class='ocrx_word' id='word_1_262' title='bbox 411 2363 496 2424; x_wconf 89' lang='lat' dir='ltr'>coelo</span> <span class='ocrx_word' id='word_1_263' title='bbox 511 2363 661 2437; x_wconf 83' lang='lat' dir='ltr'>Deitatcnr</span> <span class='ocrx_word' id='word_1_264' title='bbox 674 2361 817 2442; x_wconf 79' lang='lat' dir='ltr'>affingere</span> <span class='ocrx_word' id='word_1_265' title='bbox 830 2362 953 2422; x_wconf 89' lang='lat' dir='ltr'>scelesta</span> <span class='ocrx_word' id='word_1_266' title='bbox 971 2361 1140 2422; x_wconf 88' lang='lat' dir='ltr'>idololatria</span> <span class='ocrx_word' id='word_1_267' title='bbox 1151 2373 1236 2426; x_wconf 78' lang='lat' dir='ltr'>esset.</span> 
     </span>
     <span class='ocr_line' id='line_1_31' title="bbox 74 2436 1237 2522; baseline -0.005 -18"><span class='ocrx_word' id='word_1_268' title='bbox 74 2446 140 2504; x_wconf 87' lang='lat' dir='ltr'>Iam</span> <span class='ocrx_word' id='word_1_269' title='bbox 160 2461 220 2520; x_wconf 90' lang='lat' dir='ltr'>quo</span> <span class='ocrx_word' id='word_1_270' title='bbox 238 2441 378 2502; x_wconf 89' lang='lat' dir='ltr'>illustrius</span> <span class='ocrx_word' id='word_1_271' title='bbox 398 2440 511 2522; x_wconf 84' lang='lat' dir='ltr'>gloriae</span> <span class='ocrx_word' id='word_1_272' title='bbox 530 2457 599 2498; x_wconf 90' lang='lat' dir='ltr'>suae</span> <span class='ocrx_word' id='word_1_273' title='bbox 624 2437 776 2517; x_wconf 78' lang='lat' dir='ltr'>speculum</span> <span class='ocrx_word' id='word_1_274' title='bbox 802 2436 833 2496; x_wconf 91' lang='lat' dir='ltr'>in</span> <span class='ocrx_word' id='word_1_275' title='bbox 854 2437 965 2516; x_wconf 90' lang='lat' dir='ltr'>templo</span> <span class='ocrx_word' id='word_1_276' title='bbox 984 2439 1067 2496; x_wconf 91' lang='lat' dir='ltr'>Deus</span> <span class='ocrx_word' id='word_1_277' title='bbox 1091 2439 1237 2519; x_wconf 89' lang='lat' dir='ltr'>proponit</span> 
     </span>
     <span class='ocr_line' id='line_1_32' title="bbox 75 2511 1236 2598; baseline -0.003 -22"><span class='ocrx_word' id='word_1_278' title='bbox 75 2533 164 2598; x_wconf 87' lang='lat' dir='ltr'>quarn</span> <span class='ocrx_word' id='word_1_279' title='bbox 190 2517 220 2576; x_wconf 91' lang='lat' dir='ltr'>in</span> <span class='ocrx_word' id='word_1_280' title='bbox 246 2516 462 2591; x_wconf 85' lang='lat' dir='ltr'>oblationibus,</span> <span class='ocrx_word' id='word_1_281' title='bbox 500 2535 547 2576; x_wconf 89' lang='lat' dir='ltr'>eo.</span> <span class='ocrx_word' id='word_1_282' title='bbox 569 2511 634 2592; x_wconf 90' lang='lat' dir='ltr'>plus</span> <span class='ocrx_word' id='word_1_283' title='bbox 659 2512 841 2575; x_wconf 87' lang='lat' dir='ltr'>reverentiae</span> <span class='ocrx_word' id='word_1_284' title='bbox 867 2524 898 2573; x_wconf 91' lang='lat' dir='ltr'>et</span> <span class='ocrx_word' id='word_1_285' title='bbox 920 2513 1081 2573; x_wconf 83' lang='lat' dir='ltr'>sanctitatis</span> <span class='ocrx_word' id='word_1_286' title='bbox 1105 2527 1236 2580; x_wconf 87' lang='lat' dir='ltr'>meretur</span> 
     </span>
     <span class='ocr_line' id='line_1_33' title="bbox 74 2587 1235 2674; baseline -0.004 -19"><span class='ocrx_word' id='word_1_287' title='bbox 74 2593 180 2674; x_wconf 88' lang='lat' dir='ltr'>templi</span> <span class='ocrx_word' id='word_1_288' title='bbox 199 2613 318 2657; x_wconf 87' lang='lat' dir='ltr'>nomen.</span> <span class='ocrx_word' id='word_1_289' title='bbox 355 2594 442 2670; x_wconf 64' lang='lat' dir='ltr'>Nunc</span> <span class='ocrx_word' id='word_1_290' title='bbox 462 2611 494 2652; x_wconf 92' lang='lat' dir='ltr'>er</span> <span class='ocrx_word' id='word_1_291' title='bbox 517 2602 699 2664; x_wconf 79' lang='lat' dir='ltr'>oteramus,</span> <span class='ocrx_word' id='word_1_292' title='bbox 719 2609 779 2668; x_wconf 93' lang='lat' dir='ltr'>quo</span> <span class='ocrx_word' id='word_1_293' title='bbox 798 2611 885 2650; x_wconf 86' lang='lat' dir='ltr'>seusu</span> <span class='ocrx_word' id='word_1_294' title='bbox 905 2588 983 2649; x_wconf 83' lang='lat' dir='ltr'>dicet</span> <span class='ocrx_word' id='word_1_295' title='bbox 993 2587 1126 2650; x_wconf 87' lang='lat' dir='ltr'>Christus</span> <span class='ocrx_word' id='word_1_296' title='bbox 1145 2589 1235 2650; x_wconf 89' lang='lat' dir='ltr'>iurari</span> 
     </span>
     <span class='ocr_line' id='line_1_34' title="bbox 75 2611 1235 2762; baseline -0.001 -31"><span class='ocrx_word' id='word_1_297' title='bbox 75 2693 131 2762; x_wconf 90' lang='lat' dir='ltr'>per</span> <span class='ocrx_word' id='word_1_298' title='bbox 152 2669 345 2730; x_wconf 76' lang='lat' dir='ltr'>habitatorem</span> <span class='ocrx_word' id='word_1_299' title='bbox 367 2669 460 2743; x_wconf 85' lang='lat' dir='ltr'>coeli,</span> <span class='ocrx_word' id='word_1_300' title='bbox 489 2611 557 2726; x_wconf 74' lang='lat' dir='ltr'>dum</span> <span class='ocrx_word' id='word_1_301' title='bbox 600 2687 632 2726; x_wconf 90' lang='lat' dir='ltr'>er</span> <span class='ocrx_word' id='word_1_302' title='bbox 651 2661 766 2732; x_wconf 88' lang='lat' dir='ltr'>coelum</span> <span class='ocrx_word' id='word_1_303' title='bbox 786 2665 914 2737; x_wconf 84' lang='lat' dir='ltr'>iuratur,</span> <span class='ocrx_word' id='word_1_304' title='bbox 942 2686 1051 2748; x_wconf 87' lang='lat' dir='ltr'>nempe</span> <span class='ocrx_word' id='word_1_305' title='bbox 1075 2676 1109 2727; x_wconf 91' lang='lat' dir='ltr'>ut</span> <span class='ocrx_word' id='word_1_306' title='bbox 1133 2685 1235 2730; x_wconf 79' lang='lat' dir='ltr'>omnes</span> 
     </span>
     <span class='ocr_line' id='line_1_35' title="bbox 74 2688 1052 2840; baseline -0.005 -32"><span class='ocrx_word' id='word_1_307' title='bbox 74 2747 191 2808; x_wconf 80' lang='lat' dir='ltr'>iurandi</span> <span class='ocrx_word' id='word_1_308' title='bbox 210 2747 320 2808; x_wconf 79' lang='lat' dir='ltr'>formas</span> <span class='ocrx_word' id='word_1_309' title='bbox 339 2746 371 2812; x_wconf 88' lang='lat' dir='ltr'>in</span> <span class='ocrx_word' id='word_1_310' title='bbox 390 2745 553 2829; x_wconf 84' lang='lat' dir='ltr'>legitimum</span> <span class='ocrx_word' id='word_1_311' title='bbox 573 2688 662 2806; x_wconf 71' lang='lat' dir='ltr'>duem</span> <span class='ocrx_word' id='word_1_312' title='bbox 681 2763 715 2805; x_wconf 83' lang='lat' dir='ltr'>ac</span> <span class='ocrx_word' id='word_1_313' title='bbox 734 2743 858 2824; x_wconf 84' lang='lat' dir='ltr'>scopum</span> <span class='ocrx_word' id='word_1_314' title='bbox 877 2741 993 2824; x_wconf 83' lang='lat' dir='ltr'>dirigat.</span> <span class='ocrx_word' id='word_1_315' title='bbox 1036 2777 1052 2840; x_wconf 83' lang='lat'>&#39;.</span> 
     </span>
    </p>
   </div>
   <div class='ocr_carea' id='block_1_6' title="bbox 76 3024 1241 4364">
    <p class='ocr_par' dir='ltr' id='par_1_8' title="bbox 76 3024 1241 4364">
     <span class='ocr_line' id='line_1_36' title="bbox 159 3024 1238 3122; baseline -0.006 -16"><span class='ocrx_word' id='word_1_316' title='bbox 159 3039 266 3122; x_wconf 79' lang='lat'>(182.)</span> <span class='ocrx_word' id='word_1_317' title='bbox 306 3038 478 3109; x_wconf 82' lang='grc' dir='ltr'><strong>ΜΑΤΤΗ.</strong></span> <span class='ocrx_word' id='word_1_318' title='bbox 498 3041 611 3106; x_wconf 83' lang='lat' dir='ltr'>XXlll.</span> <span class='ocrx_word' id='word_1_319' title='bbox 652 3042 704 3106; x_wconf 76' lang='lat'>23.</span> <span class='ocrx_word' id='word_1_320' title='bbox 730 3039 805 3122; x_wconf 80' lang='lat' dir='ltr'>Vae</span> <span class='ocrx_word' id='word_1_321' title='bbox 824 3035 919 3103; x_wconf 84' lang='lat' dir='ltr'>vobis</span> <span class='ocrx_word' id='word_1_322' title='bbox 940 3033 1074 3102; x_wconf 82' lang='lat' dir='ltr'>Scribas</span> <span class='ocrx_word' id='word_1_323' title='bbox 1096 3024 1129 3101; x_wconf 84' lang='lat' dir='ltr'>ei</span> <span class='ocrx_word' id='word_1_324' title='bbox 1153 3033 1238 3100; x_wconf 87' lang='lat' dir='ltr'>Pha·</span> 
     </span>
     <span class='ocr_line' id='line_1_37' title="bbox 77 3140 1237 3232; baseline -0.006 -25"><span class='ocrx_word' id='word_1_325' title='bbox 77 3143 173 3208; x_wconf 90' lang='lat' dir='ltr'>risaei</span> <span class='ocrx_word' id='word_1_326' title='bbox 193 3143 393 3228; x_wconf 82' lang='lat' dir='ltr'>hypocritae,</span> <span class='ocrx_word' id='word_1_327' title='bbox 414 3143 489 3230; x_wconf 90' lang='lat' dir='ltr'>quia</span> <span class='ocrx_word' id='word_1_328' title='bbox 512 3143 678 3210; x_wconf 85' lang='lat' dir='ltr'>decimatis</span> <span class='ocrx_word' id='word_1_329' title='bbox 697 3143 878 3225; x_wconf 78' lang='lat' dir='ltr'>mentham„</span> <span class='ocrx_word' id='word_1_330' title='bbox 892 3151 924 3206; x_wconf 88' lang='lat' dir='ltr'>et</span> <span class='ocrx_word' id='word_1_331' title='bbox 946 3140 1112 3232; x_wconf 73' lang='lat' dir='ltr'>anethum</span> <span class='ocrx_word' id='word_1_332' title='bbox 1127 3145 1159 3203; x_wconf 89' lang='lat' dir='ltr'>et</span> <span class='ocrx_word' id='word_1_333' title='bbox 1180 3157 1237 3220; x_wconf 84' lang='lat' dir='ltr'>oy·</span> 
     </span>
     <span class='ocr_line' id='line_1_38' title="bbox 76 3243 1236 3334; baseline -0.005 -24"><span class='ocrx_word' id='word_1_334' title='bbox 76 3250 210 3325; x_wconf 88' lang='lat' dir='ltr'>minum,</span> <span class='ocrx_word' id='word_1_335' title='bbox 250 3256 282 3311; x_wconf 91' lang='lat' dir='ltr'>et</span> <span class='ocrx_word' id='word_1_336' title='bbox 300 3243 476 3330; x_wconf 88' lang='lat' dir='ltr'>reliquistis</span> <span class='ocrx_word' id='word_1_337' title='bbox 498 3267 582 3334; x_wconf 88' lang='lat' dir='ltr'>quae</span> <span class='ocrx_word' id='word_1_338' title='bbox 613 3249 762 3332; x_wconf 68' lang='lat' dir='ltr'>graviora</span> <span class='ocrx_word' id='word_1_339' title='bbox 790 3257 864 3312; x_wconf 85' lang='lat' dir='ltr'>sunt</span> <span class='ocrx_word' id='word_1_340' title='bbox 885 3245 997 3328; x_wconf 81' lang='lat' dir='ltr'>Legis,</span> <span class='ocrx_word' id='word_1_341' title='bbox 1027 3243 1180 3310; x_wconf 89' lang='lat' dir='ltr'>iudicium</span> <span class='ocrx_word' id='word_1_342' title='bbox 1203 3247 1236 3304; x_wconf 88' lang='lat' dir='ltr'>et</span> 
     </span>
     <span class='ocr_line' id='line_1_39' title="bbox 76 3343 1236 3435; baseline -0.007 -20"><span class='ocrx_word' id='word_1_343' title='bbox 76 3347 327 3416; x_wconf 81' lang='lat' dir='ltr'>miserirordiam</span> <span class='ocrx_word' id='word_1_344' title='bbox 356 3357 388 3412; x_wconf 90' lang='lat' dir='ltr'>et</span> <span class='ocrx_word' id='word_1_345' title='bbox 421 3347 530 3415; x_wconf 85' lang='lat' dir='ltr'>fidem.</span> <span class='ocrx_word' id='word_1_346' title='bbox 575 3351 668 3416; x_wconf 84' lang='lat' dir='ltr'>Haeo</span> <span class='ocrx_word' id='word_1_347' title='bbox 694 3343 839 3435; x_wconf 89' lang='lat' dir='ltr'>oportuit</span> <span class='ocrx_word' id='word_1_348' title='bbox 865 3350 991 3426; x_wconf 89' lang='lat' dir='ltr'>iacere,</span> <span class='ocrx_word' id='word_1_349' title='bbox 1025 3357 1056 3413; x_wconf 89' lang='lat' dir='ltr'>e&#39;t</span> <span class='ocrx_word' id='word_1_350' title='bbox 1082 3345 1140 3411; x_wconf 91' lang='lat' dir='ltr'>illa</span> <span class='ocrx_word' id='word_1_351' title='bbox 1166 3363 1236 3409; x_wconf 88' lang='lat' dir='ltr'>uon</span> 
     </span>
     <span class='ocr_line' id='line_1_40' title="bbox 77 3447 1236 3532; baseline -0.009 -14"><span class='ocrx_word' id='word_1_352' title='bbox 77 3456 233 3519; x_wconf 88' lang='lat' dir='ltr'>omittere.</span> <span class='ocrx_word' id='word_1_353' title='bbox 274 3452 326 3516; x_wconf 79' lang='lat' dir='ltr'>et.</span> <span class='ocrx_word' id='word_1_354' title='bbox 353 3450 464 3516; x_wconf 82' lang='lat' dir='ltr'>Duces</span> <span class='ocrx_word' id='word_1_355' title='bbox 484 3455 590 3532; x_wconf 89' lang='lat' dir='ltr'>coeci,</span> <span class='ocrx_word' id='word_1_356' title='bbox 616 3452 801 3520; x_wconf 84' lang='lat' dir='ltr'>excolantes</span> <span class='ocrx_word' id='word_1_357' title='bbox 822 3451 971 3529; x_wconf 84' lang='lat' dir='ltr'>culicem,</span> <span class='ocrx_word' id='word_1_358' title='bbox 1002 3447 1158 3516; x_wconf 72' lang='lat' dir='ltr'>murelum</span> <span class='ocrx_word' id='word_1_359' title='bbox 1180 3465 1236 3508; x_wconf 88' lang='lat' dir='ltr'>au·</span> 
     </span>
     <span class='ocr_line' id='line_1_41' title="bbox 78 3535 1236 3644; baseline -0.015 -22"><span class='ocrx_word' id='word_1_360' title='bbox 78 3569 140 3622; x_wconf 89' lang='lat' dir='ltr'>tem</span> <span class='ocrx_word' id='word_1_361' title='bbox 160 3554 341 3644; x_wconf 84' lang='lat' dir='ltr'>glutientes.</span> <span class='ocrx_word' id='word_1_362' title='bbox 392 3554 443 3618; x_wconf 82' lang='lat'>25.</span> <span class='ocrx_word' id='word_1_363' title='bbox 473 3555 546 3621; x_wconf 83' lang='lat' dir='ltr'>Vae</span> <span class='ocrx_word' id='word_1_364' title='bbox 566 3555 662 3622; x_wconf 82' lang='lat' dir='ltr'>vobis</span> <span class='ocrx_word' id='word_1_365' title='bbox 683 3555 816 3623; x_wconf 88' lang='lat' dir='ltr'>Scribae</span> <span class='ocrx_word' id='word_1_366' title='bbox 845 3567 878 3622; x_wconf 89' lang='lat' dir='ltr'>et</span> <span class='ocrx_word' id='word_1_367' title='bbox 898 3553 1062 3621; x_wconf 85' lang='lat' dir='ltr'>Pharisaei</span> <span class='ocrx_word' id='word_1_368' title='bbox 1082 3535 1236 3632; x_wconf 64' lang='lat' dir='ltr'>hipocri-</span> 
     </span>
     <span class='ocr_line' id='line_1_42' title="bbox 77 3657 1235 3747; baseline -0.013 -23"><span class='ocrx_word' id='word_1_369' title='bbox 77 3670 143 3738; x_wconf 88' lang='lat' dir='ltr'>tae,</span> <span class='ocrx_word' id='word_1_370' title='bbox 170 3661 247 3744; x_wconf 89' lang='lat' dir='ltr'>quia</span> <span class='ocrx_word' id='word_1_371' title='bbox 268 3657 409 3742; x_wconf 80' lang='lat' dir='ltr'>purgatis</span> <span class='ocrx_word' id='word_1_372' title='bbox 431 3659 621 3726; x_wconf 80' lang='lat' dir='ltr'>exteriorem</span> <span class='ocrx_word' id='word_1_373' title='bbox 643 3659 754 3747; x_wconf 81' lang='lat' dir='ltr'>puerili</span> <span class='ocrx_word' id='word_1_374' title='bbox 775 3661 971 3746; x_wconf 87' lang='lat' dir='ltr'>patinaeque</span> <span class='ocrx_word' id='word_1_375' title='bbox 992 3663 1142 3740; x_wconf 67' lang='lat' dir='ltr'>partums</span> <span class='ocrx_word' id='word_1_376' title='bbox 1160 3667 1235 3710; x_wconf 87' lang='lat' dir='ltr'>eae·</span> 
     </span>
     <span class='ocr_line' id='line_1_43' title="bbox 78 3750 1237 3846; baseline -0.01 -20"><span class='ocrx_word' id='word_1_377' title='bbox 78 3771 181 3826; x_wconf 89' lang='lat' dir='ltr'>terum</span> <span class='ocrx_word' id='word_1_378' title='bbox 202 3763 288 3825; x_wconf 85' lang='lat' dir='ltr'>intus</span> <span class='ocrx_word' id='word_1_379' title='bbox 308 3757 417 3846; x_wconf 24' lang='lat' dir='ltr'>plena*</span> <span class='ocrx_word' id='word_1_380' title='bbox 434 3769 509 3826; x_wconf 88' lang='lat' dir='ltr'>sunt</span> <span class='ocrx_word' id='word_1_381' title='bbox 534 3762 648 3846; x_wconf 86' lang='lat' dir='ltr'>rapina</span> <span class='ocrx_word' id='word_1_382' title='bbox 675 3771 708 3827; x_wconf 89' lang='lat' dir='ltr'>et</span> <span class='ocrx_word' id='word_1_383' title='bbox 733 3762 987 3846; x_wconf 87' lang='lat' dir='ltr'>intemperantia.</span> <span class='ocrx_word' id='word_1_384' title='bbox 1047 3757 1099 3820; x_wconf 77' lang='lat'>26.</span> <span class='ocrx_word' id='word_1_385' title='bbox 1125 3750 1237 3815; x_wconf 77' lang='lat' dir='ltr'>Phari-</span> 
     </span>
     <span class='ocr_line' id='line_1_44' title="bbox 78 3857 1234 3950; baseline -0.012 -22"><span class='ocrx_word' id='word_1_386' title='bbox 78 3885 153 3928; x_wconf 85' lang='lat' dir='ltr'>sues</span> <span class='ocrx_word' id='word_1_387' title='bbox 175 3883 290 3940; x_wconf 88' lang='lat' dir='ltr'>coece,</span> <span class='ocrx_word' id='word_1_388' title='bbox 321 3883 423 3948; x_wconf 81' lang='lat' dir='ltr'>purga</span> <span class='ocrx_word' id='word_1_389' title='bbox 449 3865 539 3948; x_wconf 85' lang='lat' dir='ltr'>prius</span> <span class='ocrx_word' id='word_1_390' title='bbox 559 3861 656 3950; x_wconf 64' lang='lat' dir='ltr'>{qnod</span> <span class='ocrx_word' id='word_1_391' title='bbox 685 3873 734 3935; x_wconf 87' lang='lat' dir='ltr'>est</span> <span class='ocrx_word' id='word_1_392' title='bbox 753 3867 837 3930; x_wconf 86' lang='lat' dir='ltr'>intra</span> <span class='ocrx_word' id='word_1_393' title='bbox 856 3859 1010 3947; x_wconf 90' lang='lat' dir='ltr'>poculum</span> <span class='ocrx_word' id='word_1_394' title='bbox 1031 3867 1065 3922; x_wconf 91' lang='lat' dir='ltr'>et</span> <span class='ocrx_word' id='word_1_395' title='bbox 1085 3857 1234 3941; x_wconf 88' lang='lat' dir='ltr'>patinam,</span> 
     </span>
     <span class='ocr_line' id='line_1_45' title="bbox 80 3959 1236 4053; baseline -0.008 -22"><span class='ocrx_word' id='word_1_396' title='bbox 80 3978 114 4031; x_wconf 92' lang='lat' dir='ltr'>ut</span> <span class='ocrx_word' id='word_1_397' title='bbox 140 3977 173 4032; x_wconf 89' lang='lat' dir='ltr'>et</span> <span class='ocrx_word' id='word_1_398' title='bbox 200 3968 379 4032; x_wconf 80' lang='lat' dir='ltr'>exteriores</span> <span class='ocrx_word' id='word_1_399' title='bbox 399 3963 513 4030; x_wconf 89' lang='lat' dir='ltr'>borum</span> <span class='ocrx_word' id='word_1_400' title='bbox 533 3977 640 4052; x_wconf 87' lang='lat' dir='ltr'>partes</span> <span class='ocrx_word' id='word_1_401' title='bbox 661 3987 762 4053; x_wconf 89' lang='lat' dir='ltr'>purae</span> <span class='ocrx_word' id='word_1_402' title='bbox 783 3963 968 4030; x_wconf 89' lang='lat' dir='ltr'>reddantur.</span> <span class='ocrx_word' id='word_1_403' title='bbox 1008 3959 1070 4026; x_wconf 65' lang='lat'>27„</span> <span class='ocrx_word' id='word_1_404' title='bbox 1087 3959 1157 4023; x_wconf 89' lang='lat' dir='ltr'>Vae</span> <span class='ocrx_word' id='word_1_405' title='bbox 1172 3977 1236 4038; x_wconf 48' lang='lat' dir='ltr'>¹no-</span> 
     </span>
     <span class='ocr_line' id='line_1_46' title="bbox 80 4057 1241 4156; baseline -0.008 -23"><span class='ocrx_word' id='word_1_406' title='bbox 80 4069 131 4135; x_wconf 89' lang='lat' dir='ltr'>bis</span> <span class='ocrx_word' id='word_1_407' title='bbox 152 4067 287 4134; x_wconf 81' lang='lat' dir='ltr'>Scribas</span> <span class='ocrx_word' id='word_1_408' title='bbox 310 4077 343 4132; x_wconf 89' lang='lat' dir='ltr'>et</span> <span class='ocrx_word' id='word_1_409' title='bbox 360 4066 524 4132; x_wconf 81' lang='lat' dir='ltr'>Pharisaei</span> <span class='ocrx_word' id='word_1_410' title='bbox 546 4068 761 4154; x_wconf 85' lang='lat' dir='ltr'>hypocritae,.</span> <span class='ocrx_word' id='word_1_411' title='bbox 789 4068 875 4156; x_wconf 88' lang='lat' dir='ltr'>quia</span> <span class='ocrx_word' id='word_1_412' title='bbox 890 4061 1011 4129; x_wconf 84' lang='lat' dir='ltr'>similes</span> <span class='ocrx_word' id='word_1_413' title='bbox 1033 4066 1109 4130; x_wconf 89' lang='lat' dir='ltr'>estis</span> <span class='ocrx_word' id='word_1_414' title='bbox 1128 4057 1241 4146; x_wconf 50' lang='lat' dir='ltr'>sepul·¹</span> 
     </span>
     <span class='ocr_line' id='line_1_47' title="bbox 82 4165 1236 4262; baseline -0.008 -26"><span class='ocrx_word' id='word_1_415' title='bbox 82 4175 143 4238; x_wconf 88' lang='lat' dir='ltr'>eris</span> <span class='ocrx_word' id='word_1_416' title='bbox 172 4169 344 4250; x_wconf 85' lang='lat' dir='ltr'>dealbatis,</span> <span class='ocrx_word' id='word_1_417' title='bbox 386 4189 470 4258; x_wconf 87' lang='lat' dir='ltr'>quae</span> <span class='ocrx_word' id='word_1_418' title='bbox 503 4167 584 4235; x_wconf 88' lang='lat' dir='ltr'>ioris</span> <span class='ocrx_word' id='word_1_419' title='bbox 609 4169 740 4258; x_wconf 89' lang='lat' dir='ltr'>quidem</span> <span class='ocrx_word' id='word_1_420' title='bbox 766 4176 924 4256; x_wconf 88' lang='lat' dir='ltr'>apparent</span> <span class='ocrx_word' id='word_1_421' title='bbox 950 4168 1111 4254; x_wconf 84' lang='lat' dir='ltr'>speciosa,</span> <span class='ocrx_word' id='word_1_422' title='bbox 1139 4165 1236 4262; x_wconf 69' lang='lat' dir='ltr'>¹intus</span> 
     </span>
     <span class='ocr_line' id='line_1_48' title="bbox 81 4265 1236 4364; baseline -0.008 -25"><span class='ocrx_word' id='word_1_423' title='bbox 81 4296 160 4342; x_wconf 88' lang='lat' dir='ltr'>vero</span> <span class='ocrx_word' id='word_1_424' title='bbox 182 4275 281 4364; x_wconf 87' lang='lat' dir='ltr'>plena</span> <span class='ocrx_word' id='word_1_425' title='bbox 300 4284 374 4342; x_wconf 88' lang='lat' dir='ltr'>sunt</span> <span class='ocrx_word' id='word_1_426' title='bbox 400 4271 528 4342; x_wconf 80' lang='lat' dir='ltr'>ossibus</span> <span class='ocrx_word' id='word_1_427' title='bbox 555 4280 771 4353; x_wconf 86' lang='lat' dir='ltr'>mortuorum,</span> <span class='ocrx_word' id='word_1_428' title='bbox 809 4272 962 4358; x_wconf 88' lang='lat' dir='ltr'>omnique</span> <span class='ocrx_word' id='word_1_429' title='bbox 982 4269 1143 4357; x_wconf 81' lang='lat' dir='ltr'>spurcitia.</span> <span class='ocrx_word' id='word_1_430' title='bbox 1185 4265 1236 4332; x_wconf 78' lang='lat'>28.</span> 
     </span>
    </p>
   </div>
   <div class='ocr_carea' id='block_1_7' title="bbox 0 0 1384 4838">
    <p class='ocr_par' dir='ltr' id='par_1_9' title="bbox 0 0 1384 4838">
     <span class='ocr_line' id='line_1_49' title="bbox 0 0 1384 4838; baseline 0 0"><span class='ocrx_word' id='word_1_431' title='bbox 0 0 1384 4838; x_wconf 95' lang='lat' dir='ltr'> </span> 
     </span>
    </p>
   </div>
  </div>
 </body>
</html>
