2814 4846
172 277 212 344 :to
387 243 503 337 SECT.
522 267 607 374 iiiii·
646 281 819 334 senatuum
839 283 882 330 ur
901 279 1115 332 ramosae.

162 425 353 504 ..Quanquam
376 437 474 486 antem
499 443 616 504 semper
638 423 693 483 hac
718 421 755 482 cle
779 439 813 481 re
835 438 974 502 magnum
998 429 1147 480 certamen
1170 415 1336 478 habuerint
1379 463 1386 472 .

173 501 343 582 Prophetae
363 521 428 562 cum
448 497 635 576 ludaeis-ut
653 511 751 560 tamen
771 497 807 560 ad
828 495 997 578 hypocrisin
1018 515 1166 576 propensa
1185 507 1255 555 sunt
1275 495 1334 555 bo·

173 576 325 645 miamin
349 577 435 652 tertia,¹
442 577 644 669 praevaluerat
660 573 787 655 superba
807 573 856 634 iila
878 572 1049 643 obstinatio,
1069 571 1268 661 placereDeo
1282 592 1332 632 ex-

175 667 276 719 ternos
297 675 312 713 c
359 676 389 712 ns
410 663 499 714 eham
517 653 575 717 lide
594 673 710 714 vacuos.
750 650 926 710 Praesertim
945 669 1017 709 vero
1032 647 1143 710 Christi
1163 659 1262 708 aetate
1282 670 1332 708 us-

196 751 232 796 uc
252 730 326 790 adso
346 728 573 810 obstupuerant,
596 740 630 788 ut
648 727 755 810 religio
775 739 889 806 tantum
908 725 938 786 iu
958 723 1045 785 meris
1065 724 1151 804 nugis
1170 724 1226 785 sita
1247 735 1333 785 esset.

174 751 257 886 drgo
276 805 308 866 in
327 804 499 866 Pharisaeos
518 805 680 878 invehitur,
706 803 757 882 qui
775 803 877 863 sedulo
898 812 1082 881 occupantur
1101 801 1132 861 in
1152 799 1269 880 poculis
1289 801 1332 860 la-

172 881 290 955 vandis,
314 880 493 942 foedissimas
513 894 609 941 autem
628 881 730 940 sordes
755 879 875 958 rapinae
895 891 925 940 et
944 871 1071 938 malitiae
1089 876 1168 936 intus
1188 877 1218 936 in
1241 878 1332 938 corde

175 957 286 1018 invent.
324 959 437 1018 Eorum
456 977 528 1017 vero
541 956 692 1018 stultitiam
707 957 761 1016 bac
778 956 894 1015 ratione
910 953 1055 1036 coarguit,
1075 954 1155 1034 quod
1166 947 1260 1027 Deus,
1280 954 1332 1033 qui

169 1032 345 1094 interiorem
358 1034 485 1094 hominis
500 1034 626 1096 animam
644 1052 706 1093 non
723 1033 920 1110 utnusquam
937 1051 1043 1110 corpus
1059 1029 1180 1103 creavit,
1198 1030 1263 1090 sola
1281 1051 1330 1090 ex-

172 1117 259 1168 terna
278 1109 376 1189 specie
396 1110 506 1191 placari
526 1121 663 1188 nequent.
701 1110 775 1170 Nam
790 1109 980 1168 boemaxime
995 1106 1225 1181 lallitbomines,
1247 1105 1330 1186 quod

172 1184 220 1246 vel
239 1205 301 1246 non
321 1197 472 1264 reputant,
498 1185 554 1245 sibi
575 1203 640 1246 cum
659 1186 726 1245 Deo
747 1185 894 1266 agendum
914 1204 993 1258 csse,
1016 1182 1064 1244 vel
1085 1203 1141 1274 pro
1159 1203 1261 1242 sensus
1281 1181 1329 1242 sui

172 1259 300 1323 vanitate
320 1261 401 1322 iilum
418 1263 638 1338 transformant,
658 1261 717 1322 acsi
736 1260 772 1321 ab
793 1260 913 1326 huncine
932 1259 1050 1320 mortali
1070 1259 1142 1318 nihil
1162 1258 1307 1318 differret.

248 1345 295 1403 il·
342 1340 491 1399 Gonnum
513 1358 554 1398 ex
576 1360 609 1399 eo
633 1335 714 1418 quud
734 1335 823 1398 adest
868 1335 1002 1398 Christus
1026 1355 1111 1395 more
1140 1355 1193 1395 suo
1218 1333 1328 1395 Phari-

172 1433 256 1474 saeos
275 1435 291 1473 a
312 1415 486 1476 ceremoniis
505 1415 541 1474 ad
562 1414 711 1475 caritatem
731 1425 862 1488 revocat,
902 1413 1075 1473 renuntians
1095 1432 1156 1472 uon
1169 1431 1257 1490 aqua,
1276 1409 1330 1470 sed

172 1489 368 1553 beneficentia
387 1490 522 1552 mundari
541 1503 601 1550 tum
623 1490 756 1553 homines
776 1501 837 1550 tum
858 1434 950 1553 cibos.
990 1489 1107 1565 Quibus
1119 1499 1217 1548 tamen
1229 1487 1328 1548 uerbis

171 1586 269 1644 neque
290 1579 426 1632 extenuat
444 1567 503 1626 Dei
522 1567 656 1650 gratiam,
676 1587 732 1627 nec
749 1565 858 1648 legales
873 1567 944 1626 ritus
960 1565 1041 1645 quasi
1058 1585 1150 1624 vanos
1167 1576 1199 1624 et
1209 1563 1328 1624 inutiles

170 1642 280 1702 reiicitt
301 1643 368 1722 qnia
387 1643 492 1724 stylum
512 1643 542 1701 in
564 1663 615 1702 eos
635 1641 744 1724 dirigit,
764 1643 815 1722 qui
833 1642 918 1704 nudis
937 1642 1027 1723 signis
1047 1642 1114 1701 Deo
1134 1661 1239 1702 secure
1259 1640 1327 1700 illu-

83 1719 86 1734 '
165 1717 257 1792 dunt,
276 1719 400 1798 perinde
412 1719 470 1779 acsi
483 1718 608 1792 dixisset,
628 1717 715 1780 Solus
730 1730 773 1780 cst
786 1719 933 1800 legitimus
948 1739 1025 1794 usus,
1045 1718 1096 1798 qui
1114 1713 1198 1778 cibos
1216 1716 1328 1778 uncti·

172 1794 248 1854 licat.
286 1794 378 1874 Atqui
396 1793 453 1855 rite
472 1795 606 1874 iusteque
627 1794 701 1854 cibis
719 1806 851 1868 utuntur,
872 1795 922 1875 qui
944 1815 978 1856 ex
993 1816 1042 1856 sua
1055 1793 1236 1854 abundantia
1255 1815 1330 1874 pau-

171 1875 275 1950 perum
294 1870 413 1950 inopiae
432 1869 617 1932 subveniunt.
655 1871 739 1952 Ergo
761 1882 939 1952 praestaret,
959 1871 1177 1952 eleemosynam
1199 1871 1269 1930 dare
1295 1891 1330 1928 ex

173 1963 207 2003 ea
228 1943 313 2024 copia
334 1966 408 2024 quae
435 1947 579 2026 suppetit,
626 1967 693 2007 uam
712 1948 883 2084 scrupulose
902 1968 1005 2008 manus
1025 1959 1056 2008 et
1075 1947 1180 2007 calices
1201 1945 1328 2006 lavando

170 2033 315 2100 pauperes
334 2022 498 2104 negligere.
522 1968 629 2098 ‚Quod
648 2023 718 2084 inde
737 2024 768 2083 in
783 2036 870 2084 erunt
887 2024 1034 2104 Papistae,
1053 2023 1255 2105 eleemosynas
1265 2043 1329 2084 esse

71 2150 74 2161 .
169 2095 391 2174 satisfactiones,
412 2098 517 2178 quibus
526 2099 727 2168 mundamur}
738 2100 877 2180 peccatis,
895 2101 1008 2163 stultius
1021 2112 1075 2174 est,
1095 2121 1182 2179 quam
1194 2099 1330 2180 utlonga

19 2239 28 2252 ¹
170 2171 351 2264 refutatione
370 2195 445 2255 opus
465 2175 580 2237 babeat.
619 2163 723 2255 Neque
737 2177 815 2236 enim
827 2177 874 2255 hic
888 2176 1002 2238 disserit
1013 2175 1154 2250 Christus,
1176 2195 1236 2256 quo
1256 2197 1328 2256 pre-

81 2312 85 2323 ,
161 2259 214 2308 tro
233 2269 289 2310 nos
313 2263 502 2330 peccatorum
523 2253 727 2314 ¹remissionem
752 2251 904 2332 acquirere
930 2265 1084 2333 oporteat,
1108 2253 1160 2313 sed
1181 2271 1233 2312 eos
1252 2271 1329 2332 pure

168 2325 248 2385 vesci
268 2343 344 2406 pane
363 2348 428 2402 suo,
449 2329 621 2408 quipartem
636 2329 958 2410 crogautpaupccibus·
996 2331 1021 2390 E
1045 2330 1153 2394 oenim
1173 2336 1209 2394 ria
1226 2335 1327 2394 irim

168 2401 333 2538 procopia
360 2405 509 2484 praesenti
534 2407 661 2486 accipio:
688 2425 751 2464 non
777 2417 873 2465 autem
897 2405 982 2468 sicuti
1036 2418 1098 2466 etus
1124 2405 1272 2485 interpres
1297 2416 1328 2466 et

197 2499 306 2540 rasmus
326 2480 517 2554 transierunt,
542 2482 622 2562 qnod
641 2493 782 2561 superest.
822 2481 1064 2563 Obiurgationes,
1084 2502 1158 2561 quae
1179 2482 1325 2542 continuo

169 2566 240 2634 post
258 2567 430 2634 sequuntur,
450 2557 481 2615 in
494 2557 582 2632 aliurn
598 2558 695 2620 locum
708 2557 832 2620 reiicerc
846 2559 933 2620 satius
948 2569 1003 2620 cst:
1024 2579 1120 2637 neque
1141 2558 1222 2618 enim
1234 2558 1325 2620 Chri-

162 2641 245 2692 ·stum
264 2647 325 2691 uno
346 2643 484 2692 contextu
507 2633 539 2696 iu
559 2654 659 2696 mensa
683 2633 725 2696 sic
744 2635 891 2696 invectum
912 2635 999 2696 fuisse
1018 2635 1097 2695 inter
1118 2646 1200 2694 retor
1219 2646 1325 2696 contra

168 2705 287 2774 Scribas
300 2707 524 2784 etPharisaeos,
543 2711 595 2771 secl
613 2711 733 2784 Lucam,
753 2711 835 2791 quod
854 2710 913 2772 aiio
932 2723 1067 2790 tempore
1108 2711 1196 2770 ictum
1217 2711 1325 2786 suerat,

167 2782 214 2841 bic
233 2781 377 2872 retulisse,
396 2787 640 2863 quemadmodum
657 2785 771 2865 saepius
782 2787 839 2850 iam
850 2787 1040 2865 ostendimus,
1057 2787 1255 2870 Evangelistia
1274 2809 1325 2852 cu-

165 2877 217 2918 rae
235 2878 299 2919 non
317 2857 405 2922 iursse
423 2863 564 2945 temporis
583 2861 730 2927 ordinem.

164 3042 168 3069 Ι
189 3134 192 3148 ,
228 3067 332 3151 (119.)
353 3069 552 3146 Lochtv,
579 3073 609 3142 i.
628 3076 671 3144 Es
691 3077 816 3158 accidit,
836 3089 875 3180 ut,
891 3081 1039 3148 introiret
1059 3082 1092 3148 in
1113 3079 1245 3148 domm
1268 3101 1324 3144 cu·

165 3171 289 3238 iusdam
310 3175 464 3260 principis
483 3175 728 3276 Pharisaeorum
750 3180 906 3261 sabbato:
926 3182 968 3248 ad
990 3183 1181 3271 capiendum
1204 3182 1322 3264 cibum,

166 3276 285 3362 stipsi
312 3275 530 3345 observabant
558 3301 638 3349 eum.
680 3287 710 3351 2.
744 3285 786 3351 Et
814 3303 888 3352 ecce
917 3285 1013 3354 bomo
1040 3285 1169 3374 quddam
1199 3285 1325 3374 hydro-

164 3379 255 3465 picus
269 3391 346 3460 ,erat
366 3391 440 3446 ante
467 3361 567 3464 iiluin,
606 3388 637 3454 ³.
669 3387 713 3455 Et
740 3389 943 3476 respondens
969 3391 1058 3458 lesus
1086 3390 1166 3458 dixit
1193 3389 1237 3458 ad
1262 3391 1324 3483 he·

162 3484 335 3569 gisperitos
360 3494 393 3550 et
419 3481 623 3568 Pharisaeos,
655 3489 784 3570 dicens,
817 3491 982 3580 Numquid
1010 3492 1086 3559 iicet
1113 3491 1254 3558 sabbato
1273 3513 1325 3557 sa-

160 3591 261 3653 nare?
302 3587 333 3652 t.
363 3587 408 3652 nt
428 3583 478 3652 ilii
498 3579 684 3658 tacuerunt:
713 3597 783 3681 ipsc
809 3616 889 3662 vero
921 3595 1171 3684 apprehendens
1197 3598 1323 3663 sanavit

66 3771 70 3789 ,
161 3689 281 3774 ipsum,
310 3707 348 3754 ac
368 3686 499 3758 dimisit.
536 3694 570 3760 b.
599 3693 642 3760 Et
666 3695 876 3788 respondens.
890 3699 941 3764 ad
962 3699 1054 3780 ilios,
1089 3700 1184 3780 dixit,
1217 3700 1321 3770 Cuius

160 3799 300 3854 vestrum
327 3792 436 3858 asinus
466 3804 522 3860 aut
548 3793 611 3860 bos
640 3798 675 3862 in
702 3809 834 3883 puteum
860 3795 970 3880 cadet,
1005 3812 1038 3867 et
1064 3801 1132 3869 ndn
1163 3806 1321 3889 continuo

162 3885 308 3962 extrahet
328 3891 419 3962 illum
441 3895 495 3964 die
516 3893 663 3966 sabbatii
704 3903 733 3966 6.
747 3915 751 3923 ’
766 3901 808 3968 Et
831 3923 900 3971 non
926 3913 1077 3990 poterant
1105 3905 1252 3988 adhaec
1271 3927 1322 3974 re·

158 3993 323 4081 spondere
343 3995 401 4066 illl.
525 4061 541 4076 ,,
669 4065 677 4078 ,
820 4085 825 4116 1

235 4121 318 4187 Haec
336 4127 458 4188 historia
481 4125 555 4189 nihil
580 4127 659 4192 aliud
686 4131 836 4209 continet,
861 4155 947 4217 quam
965 4135 1138 4200 miraculum
1157 4160 1174 4201 a
1196 4137 1316 4204 Christo

160 4197 288 4278 etiatum,
309 4221 368 4284 quo
386 4199 620 4286 superstitiosum
638 4207 762 4270 Sabbati
780 4211 890 4274 cultum
908 4213 1074 4298 corrigeret
1110 4217 1217 4354 Neque
1239 4219 1317 4281 enim

154 4275 204 4354 (uit
216 4277 332 4357 quidam
342 4284 465 4360 putant)¹
481 4279 642 4344 Sabbatum
660 4283 831 4368 simpliciter
846 4293 990 4373 abrogare
1005 4289 1110 4368 voluit,
1130 4315 1163 4354 se
1203 4306 1317 4355 tantum

155 4353 454 4456 ostendcrcgnequq
472 4357 532 4458 Dei
551 4375 784 4464 opera,'n.e.que
805 4361 903 4428 oificia
923 4367 1050 4464 caritatis
1069 4367 1184 4432 violare
1203 4391 1316 4435 sacram
1388 4445 1389 4459 χ
