2766 4834
298 333 301 336 ·
391 308 542 387 (nt-eat.
567 308 653 380 lesus
669 312 826 391 tentatus)
900 311 906 340 ²
1050 275 1052 282 l
1123 260 1223 385 1⁰9¹

66 457 141 516 damn
158 457 274 548 lueret,
296 479 388 596 posse
407 481 472 520 non
487 482 624 553 peceare.
641 495 644 502 ·
661 464 753 544 Atqui
773 458 902 538 stimus,
920 463 1108 544 easpirltus-
1119 468 1178 528 vira

65 547 108 592 tute
128 545 274 596 munitum

64 623 124 668 met.
158 611 321 674 decedens
348 627 481 674 tentam.
520 615 587 676 Hoc
610 637 720 678 nomen
741 617 908 678 SatanaeS
933 617 1018 676 iritns
1042 619 1179 679 consulto

64 686 150 759 tibuit,
169 690 254 767 quod
274 691 334 751 sibi
354 693 494 751 attentius
515 692 551 751 ab
574 714 611 754 en
632 705 755 757 caveant
775 694 883 756 fideles.
941 695 998 758 nde
1014 693 1179 764 etiamsol-

61 763 166 843 ligimns,
185 768 395 841 tentationes,
420 787 495 848 quae
513 790 568 830 uos
606 771 751 832 dmalum
770 770 945 845 sollicitant,
976 785 1038 829 non
1064 771 1119 830 nisi
1138 772 1176 832 ab
1262 791 1266 806 ¹

60 859 84 896 eo
100 842 266 918 provenire.
295 845 386 904 'Nam
407 845 487 924 quod
507 791 615 906 alicubi
635 845 968 923 diciturtentareDeus,
987 846 1068 916 id1in
1087 847 1177 920 alium
1205 904 1208 912 .

59 915 259 997 finenspe'etat,
280 941 393 1001 nempe
412 933 447 980 ut
464 921 550 982 fidem
569 943 688 984 suorum
706 925 848 1004 exploret,
867 929 917 984 aut
935 941 1063 1004 poenam
1082 937 1178 996 sumat

58 993 264 1070 deincredulis,
285 1008 338 1056 ant
359 998 455 1078 palam
475 997 563 1060 saciat
582 1019 684 1059 eorum
706 1000 885 1081 hypocrisin,
901 1002 955 1081 ‘qui
974 999 1091 1060 veritati
1112 1021 1176 1062 non

57 1065 174 1128 obediunt
194 1092 232 1130 ex
254 1074 359 1132 animo
380 1074 476 1152 (Gen.
495 1081 544 1146 22,
564 1083 591 1139 1.
611 1077 700 1136 Deut
721 1085 769 1148 13,
788 1081 841 1152 tt).
986 1139 987 1144 ,
1084 1067 1102 1106 Ἰ
1150 1081 1151 1084 “

109 1153 133 1210 d
166 1147 208 1206 Ut
226 1149 349 1230 lapides
366 1148 399 1210 la·
412 1148 607 1231 prmisfimrt.
644 1152 703 1212 Hic
722 1153 808 1212 etiam
828 1173 931 1232 parum
951 1151 1040 1212 firmis
1053 1153 1175 1236 argutiis

55 1218 160 1282 luserunt
184 1237 324 1288 veteres:
355 1225 479 1308 prima'm
506 1229 584 1289 enim
609 1229 804 1288 tentationem
829 1229 963 1288 dixerunt
988 1250 1051 1288 esse
1075 1230 1175 1311 gulne,

55 1295 149 1358 alteram
168 1301 365 1377 ambitionis,
395 1304 511 1366 tertiam
531 1305 684 1380 avaritiae,
714 1305 765 1368 sed
785 1304 940 1366 ridiculum
966 1306 1066 1367 estad
1085 1307 1173 1386 gulae

21 1437 22 1442 ἵ
55 1371 238 1455 intemperiem
260 1381 391 1454 rel'erre,
410 1381 435 1441 si
455 1383 519 1460 quis
539 1382 689 1442 famelicus
710 1380 808 1442 cibum
828 1379 951 1460 appetit,
971 1401 1031 1469 quo
1050 1395 1176 1451 naturae

54 1451 193 1514 setislneiat.
236 1457 341 1518 Porro
363 1479 434 1537 quas
454 1459 483 1517 in
504 1479 581 1538 pane
602 1459 727 1526 lautitias
747 1458 875 1538 fingent,
906 1467 939 1514 ut
959 1456 1044 1515 nimis
1064 1457 1178 1518 delira-0

57 1535 86 1582 ln
101 1530 208 1590 censeri
229 1534 360 1606 debeat,
382 1534 433 1613 qui
452 1534 529 1596 sicco
572 1557 643 1609 ane,
663 1547 696 1594 ut
715 1534 810 1605 aiunt,
831 1543 989 1594 contentus
1009 1531 1071 1592 est?
1110 1533 1172 1596 Sed

55 1621 80 1657 le
112 1604 151 1664 lus
169 1608 339 1670 verborum
360 1611 468 1670 frustra
486 1557 657 1691 perdamus,
686 1611 772 1671 unica
789 1609 903 1676 Christi
924 1609 1083 1688 responsio
1098 1611 1173 1680 satis

56 1625 172 1764 lecllmt,
199 1685 286 1746 aliud
307 1685 398 1746 luisse
419 1687 544 1748 Satanae
565 1689 727 1750 consilinm.
767 1688 837 1748 Non
858 1698 921 1746 erut
940 1698 1021 1746 certe
1039 1687 1120 1746 rudis
1140 1699 1171 1747 et

56 1758 179 1832 rupertus
200 1763 319 1824 athleta
340 1763 434 1824 Filius
453 1764 521 1840 Dei,
542 1778 574 1828 ut
593 1766 720 1828 nesciret
740 1763 992 1832 adversissimus
1012 1761 1171 1837 declinare,

55 1834 123 1892 etad
144 1835 301 1902 dexteram
332 1853 450 1920 partem
478 1841 628 1922 impetitus
655 1841 791 1922 elypeum
821 1841 858 1902 ad
882 1839 1028 1898 sinistram
1044 1845 1171 1904 'temere

57 1924 69 1962 ⁰
101 1926 205 1974 oneret
246 1919 294 1976 Er
317 1939 337 1977 o
363 1917 388 1977 si
414 1930 534 1978 conatus
561 1919 661 1982 linisset
684 1920 776 1980 Satan
802 1939 868 1978 eum
887 1916 925 1974 ad
944 1915 1030 1997 gulae
1051 1916 1170 1994 delicias

56 2001 68 2058 p
98 1985 180 2063 icere,
211 1937 350 2054 habebat
368 1994 399 2052 in
420 2007 558 2075 promptu
579 1995 748 2074 scripturae
769 1992 951 2067 testimonia,
965 1993 1083 2072 ,quibus
1101 2013 1168 2054 eum

54 2061 195 2146 repelleret.
237 2071 335 2150 Aequi
355 2069 467 2130 nullum
487 2072 546 2132 tile
566 2093 621 2150 pro
644 2073 723 2145 orrit,
751 2071 803 2132 led
828 2071 903 2130 bane
922 2069 1099 2130 sententiam
1118 2093 1167 2130 su·

55 2149 100 2203 ⁰¹¹,
114 2143 208 2206 rivere
229 2148 372 2208 homines
393 2168 454 2207 non
475 2169 562 2228 pane,
580 2169 610 2208 se
652 2147 825 2208 arcanaDei
839 2144 1057 2206 benedictione.
1078 2148 1168 2207 Unde

56 2211 208 2304 ttlllgimus,
240 2223 387 2284 Satanam
407 2237 484 2284 recta
505 2245 674 2314 aggressum
699 2225 787 2284 luisse
808 2221 920 2282 Christi
945 2207 1049 2312 idem²
1079 2236 1112 2282 ut
1132 2245 1167 2284 en

57 2301 166 2372 fsshnctc
180 2297 337 2360 Christum
359 2300 532 2362 adillicitos
553 2313 586 2360 et
602 2313 757 2380 perversos
775 2299 867 2360 victus
889 2301 1167 2377 quaerendrmodos
1252 2349 1257 2361 .

56 2370 201 2445 upetterec
242 2379 285 2437 Et
306 2390 388 2440 certe
408 2390 477 2436 tunc
496 2374 628 2458 iugulum
649 2378 735 2456 petit,
755 2378 822 2436 dnm
842 2376 901 2436 hoc
922 2375 1039 2434 efficere
1060 2387 1170 2452 tentat,

55 2451 78 2496 nt
91 2465 134 2506 nos
151 2450 220 2512 Deo
245 2453 337 2513 diffisi
357 2453 456 2526 aliter,
498 2475 563 2512 uam
583 2475 637 2532 per
658 2452 719 2512 eius
738 2452 861 2514 verbnm
880 2449 965 2522 licet,
983 2451 1166 2535 nobisheon-

57 2517 162 2604 snhnns.
199 2531 317 2590 Sensus
338 2551 412 2622 ergo
432 2475 592 2590 veibornm
611 2541 670 2600 est:
698 2527 816 2607 quando
836 2527 917 2587 vides
935 2537 966 2584 te
986 2547 1001 2584 a
1022 2525 1090 2586 Deo
1112 2529 1164 2588 de-

55 2595 121 2672 mni,
137 2607 297 2668 necessitas
317 2619 402 2688 cogit
419 2617 451 2666 ut
461 2607 515 2666 tihi
527 2605 698 2695 prospicias.
735 2605 819 2684 Ergo
839 2601 947 2663 victum
967 2599 1021 2660 tibi
1041 2603 1166 2690 confice,
1208 2665 1210 2672 ,

57 2689 120 2762 quem
136 2678 216 2742 Dens
244 2682 302 2742 tibi
328 2705 391 2744 nou
409 2684 586 2774 suppeditat.
625 2681 689 2740 Etsi
708 2689 804 2740 autem
830 2677 956 2738 divinam
978 2677 1088 2737 Chresti
1107 2698 1165 2758 po-

57 2755 149 2813 tentum
168 2759 322 2836 obtendit,
342 2781 400 2838 qua
420 2759 530 2839 lapides
550 2769 702 2818 vertantur
713 2756 744 2814 in
757 2775 857 2835 panes,
878 2755 935 2814 hoc
954 2764 1052 2812 tumen
1073 2775 1164 2813 unum

319 537 395 598 uisse
422 537 587 613 Christum,
616 551 650 600 ut
668 542 795 602 Satanae
819 540 1097 620 telispenetrabilis
1116 563 1179 604 non
1279 569 1282 581 ·

55 2840 159 2907 venam,
175 2847 211 2895 ut
234 2836 371 2898 Christus
392 2837 479 2895 aDei
499 2835 593 2895 verbo
614 2833 776 2906 discedens,
796 2827 935 2912 quicquid
955 2827 1077 2888 dictabit
1095 2829 1163 2888 inli—
1201 2857 1204 2860 ·
1271 2857 1273 2864 v

57 2896 146 2982 delius,
173 2924 328 2992 sequatur.
367 2914 512 2992 Apposrte
537 2933 611 2994 ergo
635 2910 797 3005 respondet
818 2907 967 2996 Christus,
997 2907 1067 2997 Non
1085 2907 1163 2981 solo,

56 2993 111 3062 pffne
127 2987 220 3049 virere
242 2989 409 3049 hominem:
442 2989 499 3050 acsi
520 2990 646 3062 diceret,
666 2988 714 3046 'ln
734 3007 781 3046 me
802 2985 913 3064 aliquid
932 2983 1054 3045 cemcdu
1074 3005 1161 3044 exco-

57 3063 125 3183 pltre
148 3061 247 3138 iubes,
299 3087 338 3123 uo
370 3065 440 3124 mihi
470 3065 555 3126 aliter
582 3085 670 3146 quam
700 3063 843 3146 permittit
872 3060 954 3121 Deus
985 3079 1160 3121 succurram.

76 3135 123 3221 lqtffl
141 3139 195 3202 hoc
218 3088 402 3206 dilliqdentiac
424 3155 513 3215 esset,
533 3142 618 3202 cuius
633 3139 714 3200 nulla
735 3151 778 3200 est
797 3136 890 3210 ratio,
912 3157 999 3216 quam
1020 3136 1069 3196 diu
1088 3157 1161 3217 pro-

57 3219 122 3294 unt
137 3215 228 3292 lleus,
250 3233 282 3279 s'e
305 3218 376 3278 mibi
395 3219 551 3288 nutricium
572 3217 647 3278 lore.
686 3218 733 3276 Tu
754 3216 845 3276 Satan
866 3214 926 3274 eius
947 3214 1071 3296 gratiam
1091 3215 1161 3293 pani
1223 3245 1234 3274 ,ν

58 3279 144 3363 alligas:
163 3296 227 3384 ipse
248 3313 321 3358 vere
334 3306 580 3367 contratestatur,
598 3305 631 3352 ut
651 3293 746 3354 desint
766 3311 868 3352 omnes
888 3290 957 3365 citi,
976 3291 1159 3352 solamsuam

58 3351 268 3432 lucumonem
289 3369 325 3430 ad
347 3391 401 3430 nos
420 3370 541 3431 alendos
561 3369 703 3430 sufficere.
743 3368 805 3428 Iam
824 3379 974 3440 tenemus,
995 3367 1082 3446 quale
1101 3368 1160 3427 hoc

104 3438 110 3450 '
135 3447 310 3506 tentationis
351 3465 433 3520 enus,
452 3467 559 3527 nempe
580 3466 639 3526 quo
660 3467 715 3506 nos
735 3444 867 3524 quotidie
888 3456 1042 3533 oppugnat
1053 3443 1186 3504 satane.

58 3525 100 3571 ⁸⁰⁰
118 3522 190 3582 enim
216 3525 319 3603 aliquo
365 3523 532 3582 inusitatum
556 3533 707 3584 certamen
736 3521 834 3582 subire
859 3521 955 3581 voluit
978 3519 1038 3580 Dei
1057 3522 1080 3579 F
1083 3521 1160 3594 ilius,

56 3588 91 3646 ⁵0l
109 3616 274 3661 communes
301 3599 410 3659 babere
435 3599 589 3662 nobiscum
614 3619 741 3736 pugnas,
773 3609 806 3656 ut
824 3597 926 3658 iisdem
945 3596 1033 3656 armis
1052 3597 1158 3658 muniti

58 3679 100 3724 ἢθη
115 3671 293 3751 dubitemus,
313 3676 438 3757 palmam
459 3677 489 3736 in
510 3699 597 3736 manu
617 3696 657 3734 no
683 3676 705 3748 is
726 3695 796 3734 esse.
870 3741 874 3750 Ι

109 3755 132 3811 l.
165 3753 317 3829 Scriptum
335 3767 386 3826 est,
403 3775 463 3813 non
480 3751 542 3812 solo
554 3775 644 3828 pone.
683 3752 750 3810 Hoc
766 3749 891 3830 primum
910 3759 1015 3810 notatu
1035 3749 1156 3830 dignum

55 3827 93 3890 ‘⁵¹2
124 3829 178 3888 nod
192 3829 377 3909 Scriptorum
398 3829 530 3891 Christus
549 3849 605 3910 pro
626 3829 732 3920 clypeo
753 3831 894 3906 opponit:
914 3846 982 3898 uam
1003 3825 1073 3885 haec
1086 3829 1164 3886 vera*

57 3904 87 3950 ‘⁵¹
153 3905 252 3966 icandi
279 3906 371 3980 ratio,
403 3906 427 3966 si
452 3919 531 3968 certa
556 3907 678 3966 victoria
702 3903 793 3985 potiri
814 3903 955 3984 cupimus.
994 3903 1056 3962 Nec
1077 3902 1154 3962 enim

150 3977 260 4042 Paulus
280 3981 402 4042 verbum
421 3982 480 4042 Dei
504 3981 633 4064 gladium
658 3980 835 4061 spiritualem
857 3979 1005 4050 nominat,
1038 3989 1068 4036 et
1086 3977 1163 4039 fidei‘

56 4059 114 4132 nuto
130 4077 181 4118 nos
201 4059 337 4134 instruit,
357 4059 464 4138 Ephes.
484 4066 514 4131 6,
533 4065 586 4123 td·
599 4065 646 4124 17.
686 4060 773 4117 Unde
794 4057 880 4118 ctiam
901 4053 1076 4136 colligimus,
1096 4055 1154 4115 Pa-

57 4135 126 4207 llia,
143 4136 224 4224 quasi
236 4135 316 4194 sacta
335 4155 400 4193 cum
416 4135 522 4194 Satana
533 4135 681 4214 pactione,
701 4134 810 4193 animas
830 4131 988 4192 cmdcliter
1008 4152 1155 4212 exponere

57 4213 98 4259 ²¹⁰³
113 4206 220 4272 libidini
241 4211 279 4271 ad
299 4211 460 4283 interitum,
480 4232 569 4290 quum
589 4211 770 4300 scripturam
790 4208 859 4268 nrali
882 4229 919 4266 ne
939 4208 1155 4287 supprimentes
1260 4217 1262 4228 ¹

78 4277 244 4367 &populum
265 4286 396 4367 spoliant
414 4287 471 4346 suis
492 4287 593 4360 armis,
622 4286 726 4366 qmbus
746 4284 816 4344 solis
836 4229 958 4342 salutem
978 4305 1058 4343 suam
1079 4287 1154 4346 tueri

58 4365 130 4484 plera
150 4377 173 4424 t:
207 4363 259 4445 qui
285 4383 356 4424 vero
382 4375 553 4424 armaturam
579 4364 661 4422 istam
680 4373 788 4442 sponte
812 4357 968 4448 abiiciunt,
996 4379 1052 4420 nec
1071 4383 1102 4449 se
1122 4364 1152 4420 iu

76 4384 199 4512 restinta
219 4439 335 4505 assidue
355 4452 506 4516 exercent,
537 4439 621 4524 digni
645 4451 714 4502 sunt
739 4438 788 4517 qui
813 4435 934 4515 singulis
959 4449 1152 4496 momentrsa
