2790 4838
303 271 311 278 '
339 267 422 346 (tw.
448 265 529 326 Iesus
548 261 712 328 Pharisaeis
730 285 762 328 se
781 251 946 346 suflucit.)
1064 339 1068 346 .
1149 273 1212 338 m

11 337 13 456 l
65 443 140 482 nam
162 419 217 482 etsi
238 417 380 499 cuiusque
398 429 533 482 uosurrm
552 419 706 482 vocatioa
749 406 919 498 =atuitollei
938 421 1051 497 favore,
1068 427 1213 500 tanquant

65 499 163 560 unico
182 497 270 557 fonte
289 508 406 569 manat,
437 496 493 555 boc
513 496 716 580 tamemsingu
729 517 780 558 are
799 497 893 558 estin
914 497 1050 573 Christo,
1076 499 1157 578 quod
1176 500 1210 558 iu

67 577 132 637 eins
147 593 286 657 rpersona
306 584 399 633 totam
418 571 579 664 Ppclesiam
600 593 699 634 amore
718 594 772 634 suo
793 574 999 654 complectitur
1016 575 1098 636 Deus
1109 575 1209 636 Pater.

64 655 145 713 Nam
167 669 261 730 quum
280 661 385 709 natura
406 649 516 712 immisi
527 651 585 712 Dei
597 651 685 710 simus
701 663 817 725 omnes,
837 673 987 732 nunquam
1007 654 1044 712 ad
1064 673 1119 712 nos
1136 671 1209 743 per-

64 731 172 790 veniet
193 727 256 788 eius
276 746 376 800 arnor,
395 726 451 786 nisi
471 746 488 786 a
508 729 603 808 capite
623 728 749 806 primurn
769 725 906 808 incipiat,
931 729 1006 789 sicut
1025 729 1095 788 alibi
1114 749 1209 788 visum

67 819 127 878 est,
161 827 196 869 ac
221 803 329 864 iterum
353 802 502 864 videbitur
526 826 589 884 cap.
610 811 656 870 17.
699 803 845 866 Iudicium
861 806 993 886 gentibue
1017 803 1208 868 annuntiabit.

68 883 214 944 Officium
237 879 348 941 Christi
369 879 497 940 breviter
520 882 654 962 designat
672 881 838 961 Propheta,
858 903 949 962 quum
969 881 1035 943 fore
1055 881 1209 963 praedicit,

67 973 100 1022 nt
118 959 266 1019 iudicium
286 956 423 1040 gentibus
443 957 585 1036 proferat·
622 956 731 1018 Iudicis·
749 970 846 1020 autem
867 961 988 1020 nomine
1009 959 1208 1040 comprehen-

67 1038 144 1098 dunt
163 1034 269 1094 ludaei
289 1045 395 1094 statum
415 1033 470 1092 rite
492 1045 522 1094 et
542 1033 646 1095 ordine
667 1037 877 1127 compositum,
903 1037 955 1097 ubi
973 1037 1056 1120 viget
1074 1037 1207 1116 aequitas

54 1125 96 1186 ⁸et
116 1111 279 1173 rectitudo.
319 1109 450 1170 Perinde
468 1121 512 1170 est
530 1111 621 1193 igitur
640 1111 699 1172 acsi
719 1113 836 1173 dixisset
854 1113 1021 1194 Propheta,
1049 1125 1208 1173 venturum

67 1190 169 1264 etiam,
191 1187 243 1268 qui
263 1186 422 1267 collapsam
441 1187 579 1248 iustitiam
599 1188 747 1263 restituat,
766 1199 797 1248 et
816 1187 933 1268 quidem
952 1211 1015 1250 non
1035 1189 1121 1250 unius
1140 1201 1208 1250 tan-

66 1280 129 1328 tum
150 1264 259 1346 populi
279 1263 319 1324 sit
336 1264 521 1337 moderator,
552 1265 602 1324 sed
644 1276 726 1325 entes
747 1265 833 1325 etiam
854 1267 982 1326 adducat
997 1266 1050 1326 sub
1071 1265 1130 1325 Dei
1150 1266 1207 1326 im·
1255 1300 1258 1306 ·

65 1343 203 1424 perium,
233 1340 312 1400 inter
340 1359 411 1420 quas
436 1340 517 1420 prius
541 1361 633 1423 regna
657 1352 686 1400 at
711 1353 788 1400 vasta
814 1340 975 1422 dissipatio.
1019 1344 1119 1422 Atque
1148 1343 1208 1402 boc

66 1421 107 1480 si'
135 1419 218 1479 ilicet
242 1413 532 1494 verbum-educere,
564 1436 624 1496 qno
655 1417 748 1476 utitur
771 1417 937 1498 Propheta:
975 1417 1043 1497 quia
1076 1418 1208 1480 officium
1264 1431 1267 1441 '

69 1497 94 1556 C
118 1495 184 1557 risti
206 1492 277 1569 fuit,
296 1513 422 1576 regnum
441 1493 618 1573 Deirquod
638 1505 708 1553 tunc
728 1493 870 1554 inclusum
892 1505 954 1555 erat
972 1494 1003 1554 in
1025 1493 1134 1577 angulo
1155 1496 1207 1554 lu·
1246 1557 1249 1562 ,

69 1575 171 1648 daeae,
190 1589 359 1654 propagare
379 1570 410 1628 in
429 1582 525 1630 totum
546 1570 660 1644 orbem,
678 1571 754 1630 sicut
773 1569 843 1631 alibi
864 1569 972 1634 dicitur
991 1565 1208 1708 gaqum),

69 1650 126 1711 See
150 1661 229 1708 trum
254 1647 369 1706 virtutis
392 1659 461 1707 tuae
487 1647 601 1708 emittet
624 1647 771 1709 Dominus
801 1665 835 1708 ex
859 1647 944 1709 Sion.
1014 1648 1085 1707 imul
1116 1647 1206 1710 etiam

68 1671 246 1808 proierendi
270 1721 371 1785 iudicii
395 1725 499 1785 modus
524 1724 713 1803 exprimitur,
752 1724 832 1804 quod
851 1718 942 1785 Delus·
954 1723 1098 1806 Spiritum
1121 1747 1206 1786 suum

67 1815 164 1883 ponet
182 1801 215 1860 in
238 1798 378 1861 Christo·
405 1802 517 1861 Verum
536 1801 654 1881 quidem
675 1813 734 1876 est,
760 1801 835 1862 nihil
855 1823 894 1862 un
916 1823 983 1861 uam
998 1801 1097 1870 ¹luisse
1116 1802 1206 1864 recti-

69 1879 178 1939 tudinis
198 1878 230 1936 in
250 1878 372 1951 mundo,
393 1879 472 1956 quod
492 1897 554 1938 non
574 1878 740 1958 profectum
761 1878 798 1938 sit
818 1899 833 1939 a
852 1823 915 1939 nel
932 1878 1061 2016 Spqtitu,
1080 1892 1114 1940 ut
1133 1899 1214 1956 coes

68 1955 134 2016 lesti
155 1955 221 2014 eius
240 1953 348 2013 virtute
369 1955 548 2016 constiterit:
582 1955 827 2033 quemadmodum
852 1956 940 2016 etiam
960 1975 980 2016 n
999 1977 1048 2017 mo
1070 1976 1104 2018 ex
1122 1955 1205 2037 regi·
1314 1965 1317 1973 ¹

68 2031 122 2092 bus
141 2030 309 2113 legitimum
328 2029 462 2090 ordinem
481 2030 528 2091 vel
549 2031 665 2114 erigere
684 2031 730 2091 vel
750 2033 827 2100 tueri
848 2045 961 2111 potest,
985 2035 1041 2095 nisi
1061 2045 1205 2112 quatenus

68 2110 178 2170 eodem
198 2107 312 2187 Spiritu
333 2105 489 2166 instructus
510 2107 574 2167 erit.
615 2107 675 2168 Sed
687 2106 820 2168 Christus
840 2109 870 2167 in
890 2110 1073 2188 proferendo
1093 2109 1204 2170 iudicio

68 2185 163 2266 longe
183 2183 258 2244 alios
280 2203 381 2242 omnes
402 2183 533 2257 excellit,
559 2183 626 2264 quia
647 2183 790 2264 Spiritum
816 2186 933 2265 accepit
951 2206 967 2246 a
987 2186 1092 2262 Patre,
1117 2206 1204 2278 quem

68 2262 98 2321 in
118 2281 190 2320 suos
211 2279 316 2334 omnes
337 2257 483 2320 effundat:
504 2281 567 2319 non
589 2260 667 2320 enim
686 2279 760 2322 voce
780 2272 894 2324 tantum
913 2262 959 2323 vel
971 2265 1082 2344 scripto
1104 2265 1204 2338 dictat,

69 2337 141 2417 quid
162 2335 280 2396 rectum
297 2333 349 2406 sit,
377 2338 428 2396 sed
448 2336 575 2426 Spiritus
587 2337 638 2396 ¹sui
659 2337 751 2418 gratia
770 2336 849 2398 intus
869 2337 979 2398 format
998 2339 1087 2400 corda
1107 2339 1212 2399 bomi-v

68 2437 139 2474 num
160 2413 198 2473 ad
217 2413 536 2474 servandamiustrtiae
555 2414 696 2492 regulam.
978 2418 981 2424 '
1026 2467 1028 2472 .

145 2497 196 2556 19.
231 2488 305 2566 Nou
324 2489 478 2561 contaedere.
519 2489 637 2550 Summa
658 2501 716 2562 est,
745 2501 778 2549 ut
802 2509 899 2570 nuper
923 2489 1023 2572 attigi,
1050 2485 1111 2550 nori
1137 2493 1205 2552 fore

67 2566 281 2627 tumultuosum
303 2563 413 2628 Christi
433 2567 603 2640 adventum,
634 2565 700 2658 quia
720 2566 804 2648 regio
825 2577 967 2646 apparatu
986 2566 1205 2646 splendoreque

68 2643 197 2704 carebit:
227 2663 298 2702 mox
317 2651 415 2702 tamen
435 2641 605 2718 subiicitur,
635 2643 666 2701 rd
686 2642 715 2700 in
736 2641 889 2702 hominum
912 2642 1033 2702 salutem
1059 2641 1158 2716 lore,t
1171 2655 1206 2701 ut

68 2719 202 2780 amabilis
231 2717 353 2788 sitista
381 2719 590 2793 mansuetudo,
629 2719 834 2800 quae'passim
860 2719 891 2778 in
916 2717 1026 2778 mundo
1045 2719 1203 2798 spernitur.

68 2799 108 2856 Et
135 2798 217 2858 certe
241 2795 315 2854 mira
342 2807 385 2855 est
411 2795 563 2855 bominum
582 2795 747 2870 strdtitia,'
781 2797 840 2856 uod
864 2795 959 2855 minus
980 2795 1144 2857 honorilice
1165 2795 1203 2858 de

70 2875 192 2934 Christo
205 2870 344 2950 sentiant,
365 2872 432 2951 quia
453 2893 485 2932 se
505 2873 540 2933 ad
562 2893 664 2934 eorum
683 2818 835 2932 modtllum
855 2871 970 2964 placide
989 2871 1129 2951 ultroque
1150 2872 1203 2934 de-

67 2951 167 3010 mittit.
206 2950 361 3028 Appareat
381 2948 570 3010 Christusrin
595 2971 646 3010 sua
672 2949 795 3032 gloria,¹
815 2951 886 3040 quid
910 2949 1039 3009 luturrun
1058 2959 1204 3041 putamus,
1271 3007 1274 3016 ,

68 3027 125 3086 nisi
149 3037 184 3086 ut
210 3047 265 3086 nos
290 3036 370 3086 totos
391 3023 566 3089 absorbeat?
606 3025 761 3102 Quaenam
791 3027 882 3109 igitur
911 3027 967 3086 ista
995 3038 1122 3106 pravitas
1139 3038 1204 3104 est,

66 3105 164 3163 minus
184 3101 314 3164 libenter
334 3122 400 3162 eum
417 3103 562 3182 excipere,
579 3103 632 3194 qui
651 3103 682 3166 in
702 3102 826 3185 gratiam
845 3115 975 3164 nostram
997 3124 1030 3164 ex
1049 3103 1203 3166 altitudine
1289 3113 1294 3134 ‘

67 3202 119 3240 sua
152 3175 325 3240 descendit?
364 3179 446 3260 Ergo
477 3177 642 3239 utsahrrsti
672 3179 793 3240 comitas
824 3179 1019 3240 reverentiam
1052 3177 1095 3239 illi
1125 3181 1204 3262 apud
1238 3244 1247 3252 ,

67 3257 170 3316 fideles
192 3253 348 3329 conciliet,
375 3275 461 3333 quam
482 3255 577 3330 utilis,
610 3257 670 3315 imo
690 3257 853 3318 necessaria
872 3259 911 3317 sit
929 3257 1069 3317 admonet
1087 3257 1204 3319 lesaias.
1293 3331 1299 3336 ⁵

68 3331 134 3392 Sibi
156 3331 281 3410 quisque
301 3343 434 3392 nostrum
453 3331 624 3412 fragilitatis.
639 3351 708 3394 suae
729 3333 864 3394 conscius
885 3346 943 3400 est:
963 3333 1044 3394 -binc
1063 3347 1204 3414 reputare
1301 3333 1310 3340 ”

68 3409 227 3482 convenit,
253 3419 438 3488 quantopere
458 3409 594 3470 omuibus
614 3409 749 3490 expediat
767 3409 959 3493 indulgenter
977 3431 993 3472 a
1014 3410 1135 3474 Christo
1156 3412 1204 3472 lo-

66 3485 142 3547 veri.
181 3481 252 3544 Non
272 3482 381 3562 loquor
401 3483 438 3544 de
458 3485 631 3560 incredulis,
652 3487 701 3565 qui
722 3485 804 3546 omni
824 3487 845 3545 S
869 3487 951 3547 iritus
970 3487 1063 3570 gratia
1084 3509 1204 3568 prorsus

67 3562 167 3620 adbuc
187 3560 270 3620 vacui
291 3572 372 3634 sunt,
390 3561 443 3620 sed
465 3561 514 3640 qui
534 3563 591 3621 iam
610 3563 708 3624 vocati
728 3573 797 3622 sunt
815 3583 831 3623 a
847 3509 1001 3638 llominn,
1022 3565 1118 3624 donec
1137 3565 1204 3643 ple-

67 3637 135 3696 nius
160 3638 192 3696 in
219 3637 276 3699 illis
302 3637 400 3697 lumen
426 3640 581 3714 accendat,
615 3651 645 3700 et
673 3638 798 3702 solidum
822 3639 917 3702 robur
939 3639 1116 3730 suppeditet
1152 3641 1204 3699 hu

67 3735 130 3772 non
163 3733 266 3774 omnes
296 3713 479 3774 semifractae
511 3715 646 3775 arundini
676 3727 711 3780 et,
731 3713 880 3796 ellychnio
910 3715 1065 3807 fumiganti
1095 3714 1203 3774 similes

67 3787 155 3850 sunt?
196 3791 288 3866 Quod
315 3811 388 3871 ergo
414 3791 454 3849 ita
479 3811 510 3850 se
532 3791 665 3852 Christus
689 3805 808 3852 nostrae
833 3791 994 3872 inlir'mitatr
1017 3798 1204 3871 attemperat,

68 3865 241 3926 immensam
276 3867 337 3926 elus
370 3866 532 3932 bonitatem
565 3868 724 3930 exosculari
738 3907 744 3918 ·
758 3869 909 3929 discamus.
956 3871 1075 3928 Interea
1103 3879 1202 3927 tamen
1275 3887 1280 3893 ·

67 3963 157 4003 nemo
179 3942 237 4002 sibi
256 3941 288 4004 in
308 3944 386 4006 vitiis
398 3943 576 4020 blandiatur,
594 3946 644 4005 sed
665 3966 720 4025 pro
740 3967 771 4006 se
792 3948 915 4026 quisque
934 3941 964 4008 in
984 3943 1088 4005 melius
1107 3944 1201 4024 proli-

67 4040 135 4079 cere
156 4020 289 4094 studeat,
308 4041 348 4080 ne
368 4021 508 4080 iactemur
527 4031 600 4081 tota·
611 4023 668 4081 vita
690 4023 737 4082 rel
757 4025 791 4082 ad
813 4023 975 4113 quamlibet
995 4041 1092 4080 auram
1113 4032 1200 4083 nute-
1292 4057 1301 4067 ·

66 4113 129 4154 mus
150 4096 327 4156 arundinum
347 4096 454 4157 instar:
475 4098 527 4157 sed
547 4098 744 4158 adolescamus
761 4099 791 4156 in
803 4121 882 4159 viros
902 4098 1062 4179 perfectos,
1081 4109 1114 4156 ut
1126 4099 1200 4159 lirmi

66 4185 176 4233 stemus
197 4185 301 4233 contra
321 4174 417 4234 varios
437 4173 563 4234 Satanae
583 4175 721 4250 insultus,
747 4195 787 4234 ne
807 4175 915 4256 exiguis
934 4185 1048 4234 tantum
1067 4175 1202 4238 scintillis

67 4261 97 4308 et
118 4249 247 4309 obscura
268 4249 393 4332 fuligine
413 4250 563 4330 implicitis
583 4250 654 4312 fides
674 4263 774 4312 nostra
795 4251 893 4326 micet,
913 4253 964 4312 sed
975 4251 1089 4312 lucidos
1101 4254 1201 4314 radios

67 4327 193 4386 emittat.
231 4327 293 4386 Iam
317 4347 390 4388 uero
411 4327 522 4389 Christi
548 4327 680 4407 exemplo
706 4328 841 4388 omnibus
866 4328 929 4388 eius
953 4327 1092 4389 ministris
1112 4349 1200 4411 prae-

67 4402 223 4480 scribitur,
254 4403 380 4484 qualitor
402 4425 434 4467 se
453 4423 559 4487 gerere
579 4405 716 4465 debeant
756 4405 816 4466 Sed
842 4405 911 4487 quia
930 4406 1015 4470 brius
1033 4404 1093 4470 loci
1113 4425 1200 4488 prce-
