2768 4834
469 261 602 335 Ὀιιιτιο
622 285 658 338 rs
677 285 805 336 nonus.
1140 277 1199 342 13⁶1

24 371 26 402 l

23 410 24 425 ¹
66 433 211 478 mm
239 423 392 486 miserum
416 425 542 488 reddant
566 426 733 502 bominem,
762 426 834 488 inde
860 423 999 486 iudicium
1023 423 1088 486 fieri
1111 425 1199 502 solet,

21 528 22 540 ι
67 493 133 581 quqd
152 494 279 562 luctum
300 515 332 564 et
344 523 512 564 moerorem
532 515 677 584 perpetuo
696 525 794 564 secum
807 501 937 564 trabant:
957 501 1090 562 felicitati
1100 513 1198 564 autem

19 548 22 599 l
62 567 123 626 ”flul
143 577 245 666 magis
275 591 429 662 repugnat
452 601 537 660 quam
557 581 661 641 luctus.
707 580 839 642 Christus
860 591 957 640 autem
981 579 1116 658 lugentes
1135 597 1198 638 non

64 646 141 732 uodo
165 672 306 715 miseros
333 677 398 716 esse
419 669 522 736 negat,
546 657 596 718 sed
623 655 684 738 ipse
709 656 790 716 luctu
815 655 943 716 adiuvari
968 657 1057 716 docet
1082 655 1199 714 beatam

62 733 149 810 unus,
169 733 266 806 quod
289 732 348 792 hoc
368 734 459 802 modo
480 733 644 794 formentur
663 734 700 794 ad
719 732 940 824 percipiendum
961 744 1113 792 aeternum
1122 752 1198 822 gau-

63 799 145 874 dium,
168 817 202 864 et
226 809 319 886 quasi
339 809 462 871 stimulis
483 811 664 883 excitentur,
683 827 724 869 ne
741 809 811 869 alibr
832 831 917 888 quam
937 809 967 868 in
986 810 1054 868 Deo
1075 807 1199 868 solidam

62 877 306 966 ronsolationem
328 896 480 964 quaerant.
519 887 571 947 Sic
589 886 696 946 Paulus
717 885 801 946 Rom.
823 905 885 966 cap.
905 893 934 959 5,
954 896 998 960 3.,
1026 884 1199 944 Gloriantur

60 973 85 1009 ιιι
102 955 378 1036 tribulationibus,
403 961 468 1040 quia
488 975 650 1043 operantur
669 963 855 1042 patientiam,
880 961 1021 1042 patientia
1042 959 1198 1042 probatio-

60 1048 129 1103 nem,
148 1036 305 1112 probatio
326 1058 423 1118 spem:
443 1061 455 1100 s
478 1061 507 1102 es
527 1059 599 1100 vero
619 1059 680 1098 uon
701 1037 865 1100 confundit

100 1113 155 1196 ·5·
206 1111 306 1172 Beati
330 1118 420 1174 artus.
457 1061 631 1177 ltansuetos
662 1127 693 1176 et
722 1114 852 1194 placidos
877 1113 1032 1198 intelligit,
1061 1113 1110 1195 qui
1135 1133 1198 1174 non

60 1181 138 1244 faule
170 1203 388 1268 provocantur
415 1191 543 1267 iniuriis,
574 1191 625 1272 qui
655 1192 691 1251 ad
722 1191 833 1270 quasvis
864 1191 1046 1252 oiie'nsiones
1077 1189 1198 1252 minime

59 1272 119 1349 sunt
137 1265 283 1340 morosi,
307 1267 359 1328 sed
401 1269 473 1332 arati
495 1280 565 1328 sunt
584 1267 696 1348 quidvis
738 1267 814 1326 otius
834 1266 928 1342 ferre,
953 1289 1040 1346 quam
1064 1279 1097 1328 ut
1116 1266 1199 1348 paria

58 1333 165 1426 beraut
186 1363 264 1402 cum
283 1288 437 1424 improbis.
480 1346 603 1406 Talibus
621 1286 822 1403 madenam
839 1358 934 1402 terrae
953 1345 1033 1480 qnod
1054 1343 1200 1422 promittit

60 1409 207 1492 Christus,
229 1418 352 1480 videtur
371 1441 433 1482 esse
452 1422 537 1482 valde
557 1421 726 1482 absurdum:
746 1431 842 1479 terrae
862 1421 940 1480 enim
980 1419 1122 1478 ominium
1142 1439 1199 1499 po-

59 1489 110 1548 tius
133 1491 198 1553 sibi
219 1508 385 1576 usurpant·,
408 1499 457 1578 qui
476 1499 607 1559 animose
634 1496 747 1578 quasvis
772 1495 891 1556 iniurias
915 1494 1078 1576 repellunt,
1103 1507 1149 1571 et,
1174 1494 1199 1554 si

60 1569 180 1645 quando
203 1569 281 1632 laesi
299 1572 373 1649 sint,
399 1595 487 1636 manu
511 1575 598 1636 etiam
618 1573 750 1655 prompti
769 1584 837 1633 sunt
856 1573 892 1632 ad
912 1570 1120 1635 ulciscendum.
1158 1573 1200 1631 Er

60 1657 137 1705 certe
159 1647 351 1727 experientia
372 1651 469 1726 docet,
489 1673 525 1712 eo
546 1651 682 1712 audacius
703 1662 732 1710 et
751 1647 928 1730 petulantius
948 1647 1072 1740 grassari
1086 1647 1199 1730 impro-

60 1717 123 1794 bos,
143 1743 211 1802 qno
235 1725 335 1786 mitius
356 1726 498 1789 feruntur.
536 1729 635 1808 litque
655 1727 724 1788 hinc
744 1736 844 1786 natum
864 1739 908 1787 est
927 1725 1105 1786 diabolicum
1125 1746 1198 1806 pro-

61 1799 210 1885 verbium,
233 1800 309 1861 Cum
331 1801 407 1882 lupis
426 1805 595 1865 ululandum
616 1825 688 1874 esse,
711 1804 777 1895 quia
797 1823 864 1863 mox
883 1824 899 1862 a
918 1801 994 1882 lupis
1015 1802 1198 1872 devorandam

61 1885 105 1947 nt,
125 1875 264 2011 quisquis
288 1899 319 1938 se
341 1899 426 1940 ovem
446 1881 523 1941 iacit
570 1881 631 1942 Sed
652 1879 785 1942 Christus
809 1901 892 1940 suum
918 1891 948 1939 et
966 1877 1061 1939 Patris
1086 1879 1197 1959 praesi-

9 1976 19 2038 μ
61 1951 141 2011 dium
161 1973 213 2011 ma
227 1975 312 2014 orum
333 1955 426 2016 furori
446 1969 476 2018 et
494 1957 652 2019 violentiae
671 1977 837 2037 opponens,
855 1977 918 2018 non
937 1955 1043 2016 frustra
1062 1976 1198 2016 mansue-

8 2038 10 2050 '
62 2039 107 2088 tos
128 2029 264 2090 affirmat
283 2044 382 2091 terrae
395 2033 540 2095 Domiuos
559 2036 625 2095 fore
645 2047 675 2096 et
685 2032 834 2093 haeredes.
872 2035 942 2094 Non
963 2032 1048 2094 aliter
1066 2051 1097 2092 se
1118 2043 1197 2093 tutos

63 2105 129 2166 fore
142 2105 311 2166 bonfidunt
332 2107 385 2168 iiiii
405 2111 486 2171 huius
505 2111 628 2184 saeculi,
652 2109 780 2191 quamsi
801 2110 906 2170 acriter
927 2108 1067 2190 quicquid
1085 2109 1198 2168 illatum

63 2181 155 2242 fuerit
173 2182 246 2242 mali
265 2183 426 2261 vindicent,
445 2199 532 2268 atqne
551 2189 591 2247 ita
602 2209 690 2247 manu
710 2185 836 2246 ctarmi‘s
855 2186 944 2247 vitam
959 2196 1197 2246 suamtucantur.
1232 2247 1234 2261 ,

65 2259 104 2318 At
121 2281 198 2320 sero
220 2281 312 2338 quum
332 2265 516 2324 statuendum
535 2264 582 2340 sit,
603 2263 752 2324 Christum
762 2263 880 2322 unicum
900 2283 962 2322 esse
981 2265 1058 2322 vitae
1078 2274 1198 2322 nostrae

65 2336 236 2410 custodem,
262 2337 338 2396 nihil
359 2337 434 2399 aliud
453 2351 558 2416 restat,
583 2339 639 2400 nisi
663 2351 697 2398 ut
715 2337 852 2398 lateamus
878 2339 931 2400 sub
957 2338 1060 2400 umbra
1086 2336 1198 2398 alarum

68 2414 138 2473 eius.
184 2411 284 2474 Porro
312 2433 381 2476 oves
401 2438 463 2477 esse
486 2438 542 2477 nos
567 2426 702 2496 oportet,
734 2414 758 2472 si
783 2415 914 2494 cupimus
939 2414 1052 2474 censeri
1078 2414 1109 2473 in
1135 2414 1197 2473 eius

67 2510 170 2572 grege.
210 2489 243 2548 Si
264 2490 330 2568 qnis
351 2491 485 2568 obiiciat,
505 2515 571 2552 eum
590 2489 768 2571 experientia
787 2510 937 2572 pugnare,
958 2489 1038 2569 quod
1058 2490 1104 2550 bic
1124 2489 1197 2550 dici-

68 2580 124 2638 tur,
144 2565 273 2648 primum
293 2567 381 2626 velim
401 2570 559 2650 expendat,
588 2589 673 2648 qnam
698 2565 821 2643 inquieti
845 2568 903 2627 sint
923 2565 1053 2638 feroces,
1077 2576 1111 2624 ut
1130 2585 1146 2622 a
1165 2585 1200 2624 se

68 2643 138 2723 ipsis
156 2644 327 2704 turbentur.
372 2644 461 2706 Certe
481 2645 513 2705 in
534 2645 592 2706 vita
618 2644 691 2703 adeo
712 2644 904 2716 tumultuosa,
952 2641 1060 2701 namsia
1086 2639 1197 2700 centies

69 2733 165 2780 terrae
191 2720 251 2778 sint
271 2719 398 2795 domini,
425 2722 523 2782 omnia
543 2719 720 2802 possidendo
747 2720 820 2780 nihil
846 2663 1007 2798 possident.
1055 2717 1116 2776 Pro
1136 2713 1196 2776 Dei

70 2809 165 2856 auteur
185 2795 253 2856 liliis
269 2799 449 2876 respondeo,
469 2798 581 2859 etiamsi
592 2818 733 2876 nusquam
745 2797 849 2880 pedem
869 2795 899 2854 in
911 2815 964 2854 suo
977 2793 1067 2876 figere
1078 2803 1198 2874 queant,

70 2885 165 2932 terrae
185 2872 339 2932 domicilio
361 2875 457 2954 quiete
479 2875 548 2934 frui:
572 2895 670 2952 neque
689 2872 862 2958 imaginaria
886 2884 929 2932 est
950 2871 1021 2932 haec
1041 2870 1197 2951 possessio,

113 2949 138 3009 'a
155 2961 266 3012 terram
286 2949 462 3026 inhabitant,
482 2973 568 3030 quam
588 2949 643 3010 sibi
654 2951 790 3013 divinitus
811 2969 978 3011 concessam
995 2969 1056 3010 esse
1076 2959 1196 3008 norunt.

102 3025 186 3086 eiude
217 3027 355 3086 adversus
384 3028 529 3088 malorum
559 3025 764 3108 intemperiem
795 3039 826 3088 et
852 3026 941 3086 furias
970 3025 1107 3105 opposita
1135 3023 1197 3085 Dei

72 3125 157 3162 mauu
175 3115 332 3185 teguntur,
351 3116 381 3163 et
400 3125 433 3164 ex
455 3104 523 3164 ositi
541 3104 677 3164 omnibus
688 3104 824 3167 fortunae
837 3102 914 3176 telis,
932 3101 1197 3182 malorumimpro-

72 3177 155 3238 bitati
175 3179 315 3254 obnoxii,
340 3127 476 3259 periculis
497 3181 632 3241 omnibns
652 3181 836 3256 circumdati,
860 3201 964 3260 secure
986 3189 1084 3238 tauma
1104 3189 1198 3259 agunt

72 3254 124 3315 sub
144 3255 202 3316 Dei
222 3254 328 3332 tutela,
346 3268 379 3316 ut
397 3257 498 3320 saltem
517 3259 594 3317 hanc
612 3257 670 3318 Dei
690 3260 814 3341 gratiam
834 3257 890 3316 iam
911 3256 1080 3337 degustent:
1107 3267 1196 3336 atque

73 3332 129 3392 hnc
147 3331 204 3393 illis
224 3332 296 3392 satis
315 3345 368 3407 est,
388 3334 482 3394 donec
501 3333 602 3394 mundi
622 3335 832 3396 haereditatem
852 3333 955 3394 ultimo
975 3331 1022 3391 die
1042 3333 1158 3392 adeant

145 3415 173 3474 6.
201 3409 293 3469 Beati
310 3414 360 3490 qna·
377 3413 513 3470 esuriunt.
551 3409 676 3470 Esus-m
694 3424 724 3472 et
741 3415 822 3471 sitire
843 3431 898 3490 per
920 3407 1126 3490 synecdochen
1147 3429 1197 3469 ac-

74 3485 151 3564 cipio
177 3507 234 3566 pro
261 3484 396 3546 laborare
422 3487 537 3568 inopia,
563 3487 681 3548 destitui
703 3488 791 3548 rebus
811 3485 996 3562 necessariis,
1020 3484 1083 3546 inre
1108 3485 1197 3546 etiam

73 3583 124 3621 suo
144 3561 283 3624 fraudari
323 3562 414 3637 Quod
434 3564 597 3626 Matthaeus
617 3563 702 3644 ponit
720 3567 829 3626 esurire
846 3566 996 3637 russum,
1020 3561 1132 3641 species
1153 3571 1200 3623 cst

74 3658 127 3716 pro
169 3659 269 3698 enere.
307 3639 517 3720 indignitatem
535 3651 633 3699 umen
654 3641 821 3732 amplificat,
840 3661 928 3720 quum
949 3637 1019 3698 dicit
1038 3638 1123 3698 anxie
1142 3658 1197 3720 ge-

73 3657 178 3775 mendo
199 3714 274 3774 nibil
294 3735 344 3774 eos
358 3727 507 3796 appetere,
527 3717 582 3776 uisi
602 3717 682 3796 qnod
701 3729 807 3778 rustum
819 3729 875 3776 est:
897 3715 954 3776 atsi
967 3715 1093 3787 dixisset,
1110 3712 1198 3772 Beati

73 3804 154 3864 sunt,
182 3791 234 3871 qui
263 3791 333 3852 licet
357 3794 413 3851 suis
438 3794 513 3852 votis
536 3793 742 3868 moderentur,
772 3805 805 3854 ut
828 3800 954 3853 tantnm¹
971 3789 1027 3850 sibi
1055 3789 1198 3869 praestari

95 3869 151 3930 uod
170 3889 297 3947 aequum
318 3879 361 3927 est
380 3869 515 3948 cupiant,
534 3879 673 3948 tanquam
692 3869 817 3932 famelici
837 3868 1025 3934 nibilominus
1045 3860 1196 3946 languerit.

73 3887 214 4016 iluamuis
243 3945 321 4005 enim
346 3944 473 4006 ludibrio
498 3945 535 4005 sit
561 3966 663 4005 eorum
688 3948 830 4021 anxietas,
855 3966 911 4025 qua
936 3955 1127 4022 torquentur,
1153 3955 1198 4003 est

72 4029 168 4080 tamen
187 4021 246 4079 illis
267 4033 345 4080 certa
366 4021 550 4110 praeparatio
569 4021 605 4080 ad
625 4023 846 4096 beatitudinem,
865 4019 932 4101 qnia
950 4020 1070 4080 tandem
1084 4029 1197 4080 satura-

74 4091 189 4156 buntur.
229 4097 312 4156 Deus
332 4118 410 4157 emm
430 4100 547 4157 tandem
567 4118 667 4158 eorum
689 4100 813 4181 gemitus
834 4097 975 4172 exaudiet,
995 4109 1025 4158 et
1039 4095 1199 4157 satisfaciet

72 4170 152 4233 iustis
173 4172 333 4248 desideriis,
353 4174 433 4234 cuins
453 4174 582 4234 officium
603 4186 647 4235 est
666 4176 815 4237 famelicos
834 4174 922 4235 bonis
940 4172 1076 4254 implere,
1092 4183 1126 4234 ut
1143 4174 1198 4236 lra-

74 4245 158 4310 betur
178 4250 209 4308 in
232 4248 355 4310 Cantico
375 4241 516 4332 Virginis.

147 4333 176 4391 7.
215 4325 304 4384 Beati
324 4327 530 4388 mmudrordes.
575 4327 643 4390 Hoc
669 4329 755 4390 etiam
781 4327 950 4410 paradoxon
976 4347 1042 4388 cum
1067 4325 1197 4386 humano

71 4401 181 4465 indicio
202 4414 322 4486 pugnat.
364 4405 491 4470 Mundus
516 4416 633 4492 reputat
651 4405 770 4481 beatos,
794 4405 845 4488 qui
870 4403 1015 4472 malorum
1034 4403 1200 4468 alienorum
