2768 4834
1159 209 1173 244 δ

459 267 593 328 ormo
614 283 650 332 na
671 281 797 330 nossa.
1136 279 1195 340 159

591 371 601 397 ἱ

128 420 241 481 blattb.
260 425 309 487 43.
350 419 467 498 Dr‘lr‘ges
480 425 652 497 prasinum
670 403 763 482 ιιιιιιιιῗ
799 421 984 496 Mirumest,
1005 441 1042 482 co
1062 425 1193 488 absurdi-

60 499 119 558 tatis
137 497 285 577 delapsos
304 497 395 558 fuisse
415 498 538 572 scribas,
568 509 602 558 ut
624 503 761 576 ρνοωίιιιι·
786 520 895 560 nomen
920 499 1135 582 restringerent
1157 505 1195 564 ad

59 574 236 636 benevolos:
293 597 362 634 oum
382 573 456 635 nibil
477 575 582 636 clarius
618 576 639 636 't
659 597 714 636 nec
734 578 855 650 certius,
889 597 975 655 quana
995 577 1092 636 Deum
1113 598 1194 654 com,

75 651 138 712 lecti
157 661 263 711 totum
304 671 443 712 umanum
463 672 573 733 genus,
601 597 690 730 duum
712 653 749 713 de
766 653 906 744 proximis
926 653 1035 714 nostris
1055 653 1195 734 loquitur.

57 673 122 788 b'am
145 729 223 808 qnia
243 728 300 788 sibi
322 729 387 806 quis
409 748 446 787 ne
466 729 596 789 addictus
617 741 670 800 est,
691 741 806 808 quotres
819 730 899 788 ,alios
918 731 955 789 ab
977 729 1038 790 aliis
1057 745 1196 812 separant

58 805 161 895 privata
184 827 242 864 sua
263 751 431 880 commoda,
452 804 596 865 deseritur
614 818 712 865 mutua
725 804 963 880 communicatio,
985 829 1070 886 quam
1091 821 1194 880 natura

56 903 110 962 ipsa
129 882 241 942 dictat
280 881 365 942 Deus
386 903 458 963 ergo
485 892 517 942 ut
541 903 596 942 nos
618 883 645 942 iu
668 883 799 942 fraterno
821 883 928 943 amoris
948 884 1102 963 complexa
1122 886 1194 946 reti-

57 971 132 1032 neat,
164 959 361 1038 propinquos
380 978 443 1018 esse
463 969 586 1018 testatur
605 959 771 1038 quicunque
790 971 858 1019 sunt
878 959 1027 1034 homines,
1054 963 1121 1040 qnia
1142 983 1194 1022 eos

57 1036 135 1096 nobis
156 1033 309 1094 conciliat
328 1036 489 1095 communis
510 1045 626 1095 natura:
640 1045 643 1054 '
659 1038 774 1114 quotics
800 1037 877 1098 eninr
904 1025 1051 1098 bonsidem
1072 1039 1195 1120 aspicio,

57 1114 116 1190 qaia
137 1133 174 1172 os
196 1131 299 1172 meum
320 1123 351 1172 ct
370 1132 439 1173 caro
459 1132 524 1172 mea
545 1123 598 1185 est,
618 1121 665 1171 ure
686 1111 779 1194 ipsum
801 1113 881 1192 quasi
900 1113 930 1171 in
943 1115 1065 1192 speculo
1078 1116 1195 1176 intuear

57 1209 170 1250 norme
204 1199 259 1248 est.
300 1186 442 1262 Quamvis
466 1201 564 1247 autem
589 1189 682 1248 maior
708 1210 774 1269 pars
805 1202 838 1248 ut
871 1190 1027 1269 plurimum
1053 1213 1069 1252 a
1093 1206 1194 1253 sancta

55 1266 201 1326 sotietate
225 1263 365 1340 dissiliat,
395 1285 456 1324 non
482 1264 610 1325 violatur
634 1277 732 1326 tamen
763 1285 865 1326 corum
897 1269 1040 1345 pravitate
1071 1281 1196 1330 naturae

56 1344 136 1417 ordo,
157 1341 235 1423 quia
254 1343 432 1422 spectandus
452 1343 589 1402 estDeus
609 1341 828 1402 coniunctionis
848 1354 959 1402 auctor.
999 1345 1087 1404 Unde
1108 1345 1193 1405 colli-

57 1421 160 1497 gimus,
197 1418 341 1502 generale
362 1437 424 1479 esse
443 1429 634 1498 pracceptum
654 1418 759 1498 Legis,
787 1417 849 1496 'quo
876 1415 1011 1478 iubemur
1031 1421 1193 1499 proximum

58 1495 196 1588 diliger-ea
231 1493 357 1555 Scribae
377 1513 464 1570 vcro,
493 1517 582 1574 quum
603 1495 855 1575 propinquitatem
882 1515 915 1554 ex
935 1495 1075 1576 cuiusque
1095 1498 1194 1557 aniano

58 1582 264 1644 aestimarent,
302 1585 451 1652 negarunt
468 1571 593 1652 proximi
614 1573 682 1632 loco
703 1571 885 1645 babendum,
924 1572 980 1631 nisi
1007 1573 1057 1652 qui
1083 1573 1123 1636 ob
1142 1594 1194 1636 sua

57 1651 155 1710 merita
178 1669 284 1708 amore
305 1649 335 1708 di
360 1670 412 1709 nus
433 1660 523 1722 esset,
542 1649 588 1708 vel
608 1647 711 1709 saltem
732 1648 783 1727 qui
802 1648 926 1708 vicissim
946 1650 1144 1729 responderet
1163 1651 1194 1712 in

60 1727 154 1788 officio
184 1725 282 1784 antici.
359 1746 395 1785 oc
421 1726 538 1803 quidem
565 1726 709 1806 praecipit
732 1726 895 1786 communis
920 1747 1037 1798 sensus,
1062 1728 1195 1808 ideoque

61 1803 129 1864 filios
147 1801 264 1864 saeculi
285 1821 435 1880 nunquam
455 1801 560 1883 puduit
579 1823 628 1861 sua
649 1803 717 1862 odia
736 1801 885 1881 profiteri,
916 1823 1040 1882 qnorum
1066 1805 1104 1864 ali
1127 1827 1192 1864 uana

58 1882 202 1940 rationem
223 1879 335 1938 iactare
360 1889 505 1958 poterant.
546 1875 660 1940 Caritas
684 1890 797 1954 antem,
827 1900 913 1958 quarn
933 1880 1015 1962 Lege
1040 1878 1105 1942 sua'
1142 1903 1193 1943 ens

61 1957 263 2030 commendat,
293 1975 356 2014 non
377 1955 498 2046 respicit
516 1957 586 2035 qnid
606 1955 728 2090 pnisqne
748 1955 866 2016 meritus
885 1957 938 2029 sit,
967 1958 1019 2017 sed
1038 1977 1069 2018 se
1089 1961 1126 2019 ad
1145 1959 1192 2017 in·
1215 1977 1224 1988 ·

60 2033 174 2116 dignos,
194 2051 354 2113 perversos
374 2043 404 2091 et
422 2045 554 2114 angratos
574 2032 602 2093 di
619 2031 722 2092 fundit.
761 2033 872 2092 Verum
893 2033 971 2093 bunc
993 2036 1192 2116 etgcnuinnm

61 2131 173 2171 sensum
193 2109 327 2168 restituit
346 2107 493 2182 Christus,
520 2121 584 2169 eta
605 2109 749 2168 calumnia
767 2108 909 2170 vindicat:
931 2111 1008 2170 unde
1029 2112 1116 2171 etiam
1137 2133 1190 2191 ap-

62 2200 139 2266 paret
160 2185 244 2266 quod
265 2186 346 2266 prius
367 2183 434 2259 dixi,
455 2185 603 2246 Christum
625 2205 685 2246 non
707 2187 785 2245 serre
805 2207 896 2246 noras
917 2186 1007 2268 leges,
1026 2188 1078 2248 sed
1098 2188 1193 2250 corri-
1258 2245 1263 2267 ι

61 2284 126 2354 gere
142 2283 239 2400 prava
258 2261 419 2322 scribarum
440 2269 621 2342 curamenta}
645 2260 751 2343 quibus
775 2262 874 2324 vitiata
892 2261 982 2345 Legis
1003 2265 1117 2326 diuinae
1137 2287 1192 2345 pn-

61 2351 123 2400 ntas
156 2351 252 2402 uerat

131 2425 181 2482 44.
221 2415 349 2491 Diligite
365 2418 501 2477 ininaicos.
540 2415 608 2475 lloc
628 2437 719 2475 unum
739 2427 828 2496 caput
844 2417 874 2475 in
894 2437 925 2476 se
946 2414 1081 2476 continet
1099 2427 1192 2476 totam
1243 2455 1246 2464 ·
1278 2454 1285 2468 ι

61 2515 90 2552 su
111 2494 242 2554 eriorem
264 2491 442 2553 doctrinam:
462 2513 529 2552 narn
550 2492 613 2570 quis
636 2493 679 2551 nis
690 2511 791 2552 osores
810 2512 877 2552 suos
898 2513 995 2552 amare
1013 2492 1045 2550 in
1065 2493 1193 2551 animum

64 2515 217 2644 induxerit,
236 2567 324 2630 facile
344 2569 399 2629 sibi
418 2568 597 2648 temperabit
615 2590 630 2628 a
666 2567 895 2642 omnivindicta,
914 2568 1058 2630 malorum
1078 2567 1194 2647 patiens

64 2649 129 2720 erit,
161 2648 200 2707 ad
226 2645 350 2706 miseros
375 2665 445 2706 vcro
471 2644 733 2706 iuvandosmulto
757 2644 849 2724 magis
895 2664 930 2703 ro
953 2665 1047 2703 ensns.
1096 2643 1193 2704 Porro
1246 2655 1258 2664 ’

64 2721 195 2784 Christus
219 2722 250 2781 in
277 2740 388 2782 summa
412 2721 557 2782 rationem
583 2735 613 2782 et
637 2722 756 2782 modurn
781 2665 910 2780 ostendit
932 2665 1018 2798 buius
1043 2723 1194 2811 praecepti

65 2800 218 2892 implendi,
247 2799 350 2884 Dilige
376 2799 539 2879 proximum
565 2811 660 2872 tunm,
690 2799 765 2858 sicut
789 2807 817 2856 te
844 2797 946 2878 ipsum.
984 2799 1089 2889 Neque
1115 2819 1193 2857 ennn

66 2877 126 2938 burc
147 2887 312 2958 praecepto
338 2895 465 2954 unquam
492 2875 665 2950 satisfaciet,
695 2873 750 2934 nisi
775 2875 825 2953 qni
852 2873 987 2934 abdicato
1013 2897 1056 2934 sun
1081 2894 1194 2950 amore,
1229 2897 1234 2904 ·

66 2955 106 3013 sel
126 2953 226 3035 potius
246 2974 279 3012 se
296 2951 459 3035 abnegato,
479 2951 553 3012 tanti
573 2952 660 3013 saciet
681 2950 814 3011 homines
834 2951 889 3011 sibi
909 2951 1045 3012 divinitus
1066 2952 1193 3013 coniun-

66 3042 134 3106 ctos,
152 3042 188 3090 ut
206 3051 259 3090 cos
281 3049 400 3108 qnoque
420 3049 516 3088 amare
537 3041 651 3114 pergat,
670 3050 686 3089 a
707 3027 812 3108 quibus
833 3029 903 3088 odio
924 3026 1056 3090 babetur.
1094 3027 1193 3090 Ilisci-

66 3127 123 3166 mus
142 3118 241 3166 autem
263 3125 297 3164 ex
319 3105 362 3164 bis
381 3105 488 3178 verbis,
509 3126 593 3185 quana
615 3104 727 3166 alienos
746 3125 808 3164 esse
829 3105 933 3166 deceat
949 3106 1048 3166 snleles
1061 3106 1097 3166 ab
1111 3106 1193 3165 omni

66 3183 204 3259 vindicta,
230 3203 317 3262 qnam
339 3203 400 3242 non
419 3183 509 3243 modo
531 3183 727 3262 probibentur
746 3202 762 3241 a
782 3180 849 3242 Deo
870 3195 990 3318 petere,
1013 3183 1064 3244 sed
1084 3183 1123 3242 ita
1143 3203 1192 3242 re-

65 3261 177 3320 mittere
198 3272 228 3319 et
248 3261 279 3318 in
299 3270 393 3317 totum
414 3259 512 3320 delere
534 3259 704 3332 exanimis,
734 3269 766 3317 ut
790 3259 867 3318 hosti
891 3281 922 3317 us
939 3257 1004 3334 ¹snis
1026 3259 1103 3320 bene
1123 3279 1193 3339 prc-

67 3349 173 3396 centur.
214 3337 334 3396 Interea
355 3357 415 3395 non
435 3337 573 3396 desinunt
590 3357 671 3394 suam
692 3355 804 3396 causam
824 3334 892 3396 Deo
913 3336 1113 3412 committere,
1138 3336 1193 3395 do-

68 3433 117 3472 nce
135 3414 282 3474 ultionem
302 3424 397 3472 sumat
414 3411 451 3472 dc
472 3411 621 3493 reprobis:
654 3412 776 3492 cupiunt
795 3411 889 3487 eninr,
915 3414 1013 3490 quoad
1037 3414 1067 3472 in
1088 3435 1118 3476 se
1139 3425 1194 3486 est,

67 3489 153 3550 malos
173 3489 272 3550 redire
292 3490 329 3549 ad
348 3510 446 3549 sanam
466 3501 610 3561 mentem,
642 3509 679 3547 ne
699 3501 839 3568 pereant,
868 3501 956 3569 atque
975 3489 1016 3549 ita
1035 3489 1194 3550 consulunt

67 3585 164 3626 corum
187 3565 286 3627 saluti.
335 3567 401 3625 Hoc
424 3578 523 3624 tamen
546 3564 653 3625 solatio
677 3587 743 3624 snas
767 3586 869 3626 omnes
894 3565 1042 3626 molestias
1067 3566 1193 3639 leniunt,

67 3643 142 3732 qnod
165 3665 229 3704 non
255 3641 405 3716 dubitant,
434 3640 532 3702 Deum
557 3641 871 3710 obstinataernalitiae
895 3641 962 3702 lore
987 3643 1131 3716 ultorem,
1160 3652 1194 3699 nt

66 3719 118 3780 subi
136 3719 275 3780 innoxios
295 3739 382 3780 curae
401 3719 489 3780 fnisse
509 3719 646 3780 declaret
684 3720 740 3777 Est
763 3719 879 3797 quidem
900 3719 958 3778 lroc
983 3738 1124 3798 perquam
1144 3737 1192 3776 ar-

68 3795 160 3872 duum,
180 3808 212 3857 et
232 3795 328 3856 carnis
347 3795 469 3878 ingenio
484 3816 603 3875 prorsus
618 3794 781 3868 adversum,
800 3795 912 3855 bonum
923 3793 1192 3873 malorependere:

69 3874 114 3932 sed
131 3873 255 3933 minime
275 3873 442 3963 quaerenda
464 3883 506 3932 est
528 3891 560 3930 ex
581 3871 656 3930 vitiis
677 3871 783 3931 nostris
805 3883 835 3930 et
854 3871 1023 3932 infirmitate
1035 3869 1192 3944 excusatio,

69 3949 133 4026 quin
153 3951 255 4031 potius
274 3947 445 4040 sempliciter
464 3949 665 4028 quaerendum
686 3959 747 4020 cst,
778 3949 847 4027 qnid
873 3949 968 4030 exigat
988 3947 1033 4004 lex
1053 3945 1192 4020 caritatis,

68 4037 98 4083 ut
114 4027 238 4088 coelesti
259 4025 387 4104 Spiritus
406 4025 513 4085 virtute
534 4024 601 4095 freti
622 4025 761 4085 luctando
780 4047 812 4084 su
837 4045 983 4094 eremus,
1011 4023 1129 4102 nicquid
1147 4024 1190 4082 al-

68 4101 190 4165 lectuum
212 4104 244 4162 in
265 4099 543 4162 nobiscontrarium
565 4112 617 4159 est.
644 4101 736 4164 ,llaec
758 4045 875 4180 quidem
894 4119 999 4158 monac
1021 4100 1043 4158 is
1063 4111 1093 4159 ct
1111 4100 1192 4160 sinai-

69 4177 137 4240 libus
155 4179 268 4241 rabnlis
290 4190 374 4238 carba
395 4179 463 4250 fuit,
495 4190 527 4236 nt
552 4177 699 4256 fingerent
724 4178 795 4237 baec
821 4178 909 4237 fnisse
929 4174 1040 4235 Christi
1059 4177 1192 4251 consilia,

69 4275 124 4313 non
144 4265 322 4337 praecepta,
347 4256 425 4334 qnod
445 4255 597 4314 hominnm
617 4253 726 4313 viribus
746 4253 957 4326 metiebantur,
984 4254 1053 4332 quid
1073 4255 1140 4313 lleo
1162 4265 1191 4313 et

69 4329 136 4414 Legi
156 4333 165 4392 i
189 4333 250 4392 sius
270 4331 406 4390 debeant.
432 4331 554 4390 lntcrirn
567 4351 637 4394 vern
652 4351 711 4388 non
725 4331 830 4408 puduit
850 4330 1008 4390 nronaclaos
1029 4331 1189 4410 perfeetio-

70 4429 131 4470 nem
150 4355 208 4471 sibi
228 4427 378 4488 arrogare,
397 4405 785 4488 quodservaudisconsiliis
805 4405 883 4467 ultro
903 4427 934 4466 se
953 4406 1190 4488 obstringerent:
