2768 4834
463 265 597 330 Onamo
617 285 654 332 m
673 282 800 335 moure.
1140 277 1201 344 185w
1275 303 1276 306 =

61 415 105 482 illi
124 439 279 506 surgens,
314 442 357 487 eo
379 424 468 510 quod
489 428 608 492 amicus
631 430 700 493 eins
722 430 775 504 sit,
807 437 941 514 propter
960 427 1198 516 improbitatem
1289 467 1301 479 ι

16 533 17 560 ¹
62 531 162 585 tamen
194 525 267 590 eius
295 538 418 614 surget,
449 549 487 592 ac
513 526 603 593 dabit
623 527 687 607 illi,
719 527 966 615 quibuscunque
988 529 1087 595 hahet
1107 553 1198 616 opus.

15 622 16 643 ¹
60 625 84 686 9.
103 621 147 687 tn
170 645 236 708 ego
260 627 335 693 dieo
357 619 466 705 hobis,
495 630 614 706 Petite,
642 639 674 694 et
696 627 826 694 dabitur
846 621 962 696 volum=
984 634 1145 718 quaerite,
1167 641 1200 698 et
1270 669 1277 676 ·

60 725 247 794 invenietis:
269 729 413 815 pulsate,
434 741 467 795 et
488 733 652 818 aperietur
671 729 773 795 vobis.
818 732 867 796 10.
891 732 1007 798 Omnis
1027 733 1121 811 enim,
1142 733 1200 821 qui
1314 729 1325 756 “

60 829 153 909 petit,
191 833 325 916 accipit,
352 834 459 917 etqui
483 833 620 918 quaerit,
648 835 784 912 invenit,
811 843 843 902 et
863 833 1005 920 pulsanti
1028 837 1199 920 aperietur.

61 929 103 990 ll.
132 928 222 1014 Quis
251 943 358 998 autem
387 955 425 997 ex
452 931 546 998 vohis
566 945 671 1019 pater,
707 958 725 999 a
747 955 813 1022 quo
835 935 970 1014 titilius
991 923 1121 1023 petierit
1142 957 1199 1023 pa·

59 1051 141 1109 nem,
176 1031 322 1118 lapidem
346 1031 436 1122 dabit
456 1031 526 1099 illi?
557 1043 612 1100 aut
631 1037 658 1099 si
679 1039 816 1122 piscem,
841 1059 916 1126 num
938 1059 999 1124 pro
1021 1039 1111 1123 piace
1132 1057 1200 1101 ser·

59 1143 187 1214 pentem
218 1133 311 1200 dabit
337 1133 406 1199 illi?
448 1137 498 1200 12.
524 1135 590 1200 Aut
615 1137 641 1201 si
665 1139 795 1222 petierit
816 1159 925 1216 nrum,
955 1159 1031 1204 num
1054 1140 1200 1226 porriget

58 1231 100 1296 illi
122 1239 315 1320 scorpium?
358 1237 408 1302 13.
429 1235 463 1302 Si
486 1258 563 1322 ergo
586 1257 652 1316 vos,
673 1261 771 1324 quum
792 1241 860 1303 sitis
882 1237 965 1318 mali,
986 1241 1087 1306 nostis
1109 1238 1200 1306 hona

60 1331 142 1399 dona
174 1337 255 1401 dare
284 1336 362 1402 filiis
382 1339 513 1415 restris,
543 1349 664 1424 quanto
686 1341 785 1422 magis
805 1339 901 1402 Pater
921 1349 1027 1404 vester
1048 1337 1198 1406 coelestia

59 1435 144 1504 dabit
166 1439 326 1524 Spiritum
347 1450 490 1504 sanctum
513 1438 724 1525 poscentibus
746 1443 802 1505 sc?
909 1459 922 1482 ¹
993 1477 1001 1487 ·

130 1554 241 1613 blatth.
269 1561 298 1620 7.
337 1552 426 1614 Petite
449 1567 476 1616 et
500 1552 616 1616 dubitur
632 1552 720 1614 uobis.
758 1553 933 1614 Exhortatio
953 1554 1053 1614 estad
1073 1573 1198 1634 precan-

60 1629 138 1690 dum:
171 1643 203 1690 et
229 1631 299 1712 quia
319 1630 348 1690 in
371 1631 427 1691 hoc
447 1631 564 1712 pietatis
584 1632 739 1706 exercitio,
771 1631 851 1712 quod
872 1629 959 1690 nohis
978 1631 1089 1710 primae
1110 1651 1199 1694 curae

61 1725 118 1766 esse
144 1708 294 1784 debebat,
325 1719 384 1766 tam
410 1707 481 1784 lenti
506 1731 603 1770 sumus
627 1729 662 1768 ae
682 1707 776 1790 pigri,
805 1707 899 1768 tribus
924 1708 1067 1788 loquendi
1094 1707 1198 1770 formis

63 1786 181 1862 eandem
202 1806 266 1844 rem
289 1798 378 1864 urget
391 1782 532 1846 Christus.
564 1787 670 1864 Neque
691 1787 769 1846 enim
788 1805 967 1864 supervacua
988 1797 1033 1845 est
1051 1785 1199 1865 loquutio‚

62 1881 146 1939 quum
158 1861 243 1934 dicit,
262 1861 371 1935 Petite,
385 1863 526 1944 quaerite,
539 1861 667 1942 pulsate:
686 1863 739 1923 sed
750 1882 789 1922 ne
802 1861 910 1944 frigeat
920 1861 1040 1944 simplex
1052 1862 1200 1940 doctrina,

60 1937 164 1998 insistit
183 1939 217 1996 in
237 1951 363 2019 torpore
383 1949 485 1999 nostro
506 1939 668 2000 excitando.
701 1939 817 2000 Eodem
836 1949 971 2019 spectant
989 1939 1105 1999 additae
1125 1960 1199 2020 pro-

61 2016 228 2090 missiones,
248 2016 429 2092 Invenietis,
449 2015 567 2078 dabitur
585 2017 686 2092 robis,
707 2027 739 2077 et
756 2014 915 2096 aperietur.
953 2015 1033 2076 Nihil
1054 2027 1098 2076 eat
1118 2015 1198 2076 enim

63 2093 137 2170 quod
163 2112 221 2152 nos
246 2091 351 2153 melius
371 2093 406 2152 ad
427 2093 569 2152 orandum
589 2093 701 2154 animet
719 2113 805 2173 quam
825 2103 905 2154 certa
925 2092 1103 2173 impetrandi
1121 2093 1198 2154 fidu-

63 2169 118 2228 cia:
138 2157 262 2229 neeesse
283 2169 361 2230 enim
382 2182 435 2244 est,
455 2169 640 2230 defunctorie
660 2182 774 2229 tantum
794 2189 879 2228 orare
900 2170 950 2250 qui
972 2171 1117 2245 dubitant,
1135 2169 1198 2232 imo
1224 2181 1227 2188 '

63 2245 154 2306 inanis
174 2257 221 2308 est
240 2268 274 2307 ae
295 2245 403 2306 lusoria
424 2247 590 2307 ceremonia
611 2247 742 2338 precatio
762 2245 826 2306 sine
846 2245 913 2304 fide.
956 2245 1031 2306 ldeo
1053 2245 1198 2323 Christus,

61 2335 91 2380 ut
114 2342 171 2382 nos
197 2324 360 2384 efficaciter
384 2325 420 2384 ad
445 2323 520 2384 hanc
546 2323 638 2384 olhcri
658 2335 772 2404 partem
793 2320 971 2395 exstimulat,
1002 2343 1063 2382 non
1083 2333 1199 2384 tantum
1264 2353 1266 2362 ·

63 2400 215 2482 praecipit,
235 2401 308 2481 quid
328 2399 425 2461 lacere
445 2419 499 2460 nos
519 2411 667 2479 oporteat,
686 2400 738 2459 sed
757 2397 916 2478 promittit,
934 2419 996 2457 non
1015 2399 1112 2459 irritas
1131 2400 1199 2462 lore

63 2475 174 2536 nostras
199 2497 313 2560 preces.
355 2478 454 2558 Atque
479 2475 537 2536 hoc
561 2476 719 2557 diligenter
743 2475 906 2536 anundum
928 2484 991 2534 est:
1019 2475 1146 2555 primum
1165 2487 1200 2536 ut

63 2555 199 2630 sciamus,
228 2554 306 2615 hane
334 2555 437 2616 orandi
459 2554 556 2642 legem
582 2553 669 2614 nohis
693 2551 781 2612 statui
800 2571 834 2610 ac
854 2549 1030 2628 praescribi,
1061 2563 1094 2610 ut
1113 2564 1198 2615 certo

62 2633 190 2708 persuasi
216 2633 309 2695 simus
333 2631 418 2692 nobis
442 2629 605 2711 propitium
626 2649 687 2690 esse
706 2627 820 2700 Deum,
850 2636 884 2685 ut
901 2637 971 2688 vota
990 2637 1091 2686 noun
1111 2647 1199 2690 exau·
1297 2688 1298 2698 ,

64 2707 132 2767 diat.
176 2709 297 2769 Deinde
323 2709 437 2789 quoties
457 2708 657 2768 adorandum
677 2703 874 2786 accingimur,
903 2702 949 2768 rel
971 2703 1087 2782 quoties
1106 2703 1198 2764 seati-

64 2805 135 2858 mus,
154 2787 308 2847 nonsatis
327 2786 427 2866 vigere
447 2783 478 2842 in
500 2782 586 2843 nohis
606 2782 746 2874 preqnndi
759 2781 905 2853 ardorem,
924 2779 1055 2840 utnobis
1069 2779 1099 2840 in
1113 2801 1198 2842 men·

64 2873 120 2920 tem
140 2863 240 2924 veniat
259 2873 319 2923 tam
340 2862 468 2944 benigna
489 2860 642 2936 invitatio,
662 2881 692 2918 ιιι
713 2879 770 2938 qua
790 2856 877 2918 nohis
898 2856 1067 2920 Christus
1087 2857 1124 2920 de
1144 2877 1199 2939 pa.

64 2949 147 2999 terno
171 2940 231 3000 Dei
258 2939 370 3000 aflectu
393 2948 524 2998 testatur.
573 2938 618 2998 lta
645 2937 711 3009 fiet,
742 2947 775 2994 ut
800 2933 922 3016 quisque
947 2945 1080 2994 nostrum
1106 2935 1199 3000 fretus

65 3013 173 3076 Christi
191 3017 289 3110 gratia
307 3015 441 3076 fiduciam
462 3013 566 3074 orandi
586 3013 752 3094 concipiat,
771 3023 801 3072 et
821 3010 914 3074 libere
934 3011 1042 3072 audeat
1058 3011 1199 3076 invocare

64 3093 168 3170 Demn,
188 3095 276 3156 sicuti
297 3093 386 3153 docet
398 3091 504 3151 Paulus
524 3093 560 3151 ad
575 3093 683 3172 Ephes.
705 3100 768 3226 cap.
787 3095 817 3164 3,
836 3097 883 3156 η
915 3087 995 3166 Quia
1015 3089 1113 3151 auterh
1132 3089 1199 3171 plus

51 3169 138 3228 'insto
162 3172 198 3231 ad
226 3170 420 3232 diffidentiam
441 3167 583 3259 propensi
600 3187 713 3240 scimus,
763 3187 800 3227 oc
821 3165 1056 3259 quoquevitinm
1075 3179 1110 3228 ut
1128 3189 1199 3230 cor-

64 3248 137 3328 rigat
169 3246 320 3322 Christus,
360 3245 584 3327 promissionem
614 3244 736 3305 diversis
765 3242 861 3305 verbis
885 3253 981 3304 iterat.
1040 3243 1198 3306 Caeterum

65 3325 218 3403 manendi
239 3323 412 3404 metaphora
437 3322 506 3382 ideo
531 3343 598 3382 usus
625 3333 684 3395 est,
713 3321 793 3400 quod
818 3321 964 3402 procula
989 3320 1076 3382 nobis
1096 3321 1199 3383 abesse
1272 3365 1273 3372 ι

68 3413 214 3480 putamus,
246 3421 323 3481 quae
347 3419 414 3459 usus
440 3410 470 3458 et
490 3398 645 3460 necessitas
667 3409 766 3457 nostra
787 3399 930 3477 postulat:
956 3395 1096 3476 metuendi
1113 3419 1200 3475 vero,

67 3479 141 3558 quod
163 3499 268 3538 sensas
294 3477 388 3538 carnis
407 3475 605 3558 imaginantur
621 3475 716 3537 clausa
737 3494 815 3551 esse,
846 3495 921 3556 quae
941 3477 978 3536 ad
997 3497 1116 3536 mantua
1135 3497 1199 3538 non

66 3575 93 3614 ιιι
135 3565 231 3616 etant.
921 3614 924 3621 ,

96 3577 164 3698 Ppss.
209 3631 347 3714 Quisque
368 3633 443 3690 enim
462 3633 550 3706 petit,
581 3631 698 3705 occipit:
730 3627 867 3703 'Quidam
892 3627 1109 3709 proverbialem
1129 3647 1198 3690 sen-

67 3711 183 3770 tentiam
211 3728 276 3768 esse
322 3718 407 3766 utant
427 3727 460 3767 ex
479 3706 641 3768 communis
660 3707 737 3766 vitae
757 3706 811 3765 risu
829 3718 990 3786 sumptam,
1021 3725 1079 3787 ego
1098 3716 1200 3765 tamen

67 3783 211 3846 lubentius
237 3785 269 3844 in
296 3727 445 3850 ‹liversam
464 3795 576 3863 partem
601 3781 730 3868 inclino,
779 3783 845 3844 uod·
860 3783 995 3847 Christus
1013 3773 1109 3842 Patiis
1129 3793 1200 3862 gra-

68 3863 131 3922 tiam
156 3859 350 3944 precantibus
376 3861 480 3921 ollert:
510 3862 568 3920 acsi
593 3861 721 3934 diceret,
737 3803 850 3920 ·lleum
874 3859 952 3921 ultro
979 3859 1014 3918 ad
1036 3879 1091 3918 nos
1111 3877 1198 3918 eran-
1240 3905 1252 3916 ,

68 3939 187 4000 diendos
207 3950 341 4019 paratmn
361 3957 439 4014 esse,
471 3938 561 3999 modo
582 3957 750 4019 precemur:
782 3937 927 4027 expositas
946 3934 1034 3997 nobis
1054 3955 1116 3994 esse
1137 3935 1200 3996 eins

68 4017 188 4092 divitias,
208 4017 303 4076 modo
321 4027 462 4096 petamus.
495 4013 612 4088 Quibus
633 4015 730 4076 verbis
749 4013 772 4075 ai
794 4014 905 4090 nificat,
925 4011 1199 4104 cosignadaesuae
1268 4025 1271 4030 '

67 4093 149 4155 instas
171 4095 242 4154 dare
263 4112 383 4171 poenas,
404 4091 454 4171 qui
473 4091 641 4151 necessariis
659 4091 748 4154 rebus
769 4035 898 4152 destituti
918 4089 975 4150 hoc
993 4088 1113 4170 inopiae
1128 4109 1200 4152 suae
1274 4150 1279 4160 ,

67 4171 226 4230 remedium
253 4189 315 4228 non
340 4155 493 4247 qdacrunt.
539 4168 661 4228 Certum
683 4168 799 4248 quidem
820 4177 879 4243 est,
909 4185 996 4245 saepe
1017 4187 1106 4246 quum
1127 4167 1200 4228 dor-

68 4247 158 4306 miunt
177 4245 292 4319 fideles,
310 4245 444 4306 excrrhias
462 4247 561 4306 Deum
581 4265 595 4302 a
620 4265 669 4305 ere
690 4265 745 4336 pro
765 4265 867 4306 eorum
887 4242 996 4319 salute,
1016 4254 1049 4303 ut
1067 4243 1199 4323 ipsorum

67 4336 131 4382 rota
151 4321 332 4403 praeveniat
360 4321 445 4386 Nihil
462 4325 539 4384 enim
560 4265 647 4382 nobis
665 4323 810 4399 miserius,
827 4322 850 4381 si
870 4322 900 4382 in
920 4332 1016 4396 tanto,
1035 4341 1096 4382 non
1118 4321 1196 4396 dico,

72 4409 206 4480 torpore,
237 4401 288 4462 scd
313 4412 433 4480 stupore
454 4419 556 4479 preces
576 4411 690 4462 nostras
710 4409 873 4481 exspectet,
903 4397 926 4459 si
945 4398 976 4460 in
996 4409 1076 4461 tanta
1098 4409 1196 4461 nostra
