2764 4854
311 219 392 298 (utu.
432 217 566 316 Christup
585 183 719 280 moritui.
746 174 929 297 xPortentai)
1143 225 1201 288 ³77

41 367 87 428 rit
112 367 179 428 elus
198 367 281 444 tides,
300 381 334 432 ut
352 391 384 432 se
403 369 538 436 relictum
558 391 620 433 esse
640 371 809 453 deplorans,
826 372 1003 464 propinquo
1023 381 1121 434 tamen
1140 372 1201 436 Dei

41 444 146 506 uxilio
169 445 342 507 confideret
380 447 477 513 Porro
497 469 601 512 rocem
620 449 696 509 hanc
707 448 848 530 imprimis
860 459 967 508 notatu
977 446 1066 510 luisse
1081 449 1200 532 dignam

41 521 103 584 inc
126 532 262 602 apparet,
282 524 363 613 quod
383 523 510 606 Spiritus
529 535 656 600 sancum,
697 546 737 586 uo
756 525 861 586 melius
880 544 943 586 eam
953 524 1133 606 insculperet
1145 526 1200 587 bo-

41 597 152 657 rinurn
172 617 348 674 memoriae,
373 600 495 682 Syriaca
516 600 617 684 lingua
636 547 865 664 relierrivoluit
902 602 979 662 Nam
998 601 1056 662 hoc
1076 602 1200 683 perinde

41 686 94 749 st,
119 673 181 734 acsi
202 675 351 736 Christum
371 677 489 752 eadem,
515 698 591 757 quae
609 690 681 740 tunc
702 690 754 741 ore
774 699 828 740 suo
848 677 988 757 protulit,
1012 677 1103 740 verba
1122 679 1200 740 reci-

41 761 152 810 antem
176 751 339 813 induceret.
379 753 451 828 Quo
476 754 594 844 turpior
618 767 664 817 cst
690 775 793 816 eorum
822 755 976 829 socordia,
1006 754 1057 834 qui
1086 766 1198 816 tautam

41 826 152 886 {bristi
174 829 351 890 moestitiam
371 843 402 892 et
420 842 480 890 tam
500 831 594 890 durum
620 851 760 912 pavorem
806 831 868 892 uati
892 851 948 911 per
972 831 1070 891 iocum
1095 832 1202 892 leviter

43 914 239 964 caetereunt
279 906 419 987 Quisquis
439 918 536 966 autem
555 919 689 987 reputat,
715 909 769 970 hac
786 852 860 990 iege
887 919 1050 987 susceptam
1075 909 1163 970 inisse
1182 930 1199 968 a

40 979 163 1040 {bristo
175 981 345 1044 mediatoris
365 1004 531 1064 personam,
550 995 584 1044 ut
602 996 716 1056 reatum
736 995 876 1046 nostrum
889 983 988 1044 tamin
1000 983 1096 1045 anima
1112 1007 1199 1066 quam

41 1079 56 1115 a
88 1077 224 1136 corpore
248 1057 377 1132 subiret,
400 1077 463 1120 non
487 1059 642 1131 mirabitur
667 1061 709 1120 illi
735 1073 883 1123 certamen
914 1059 1002 1120 fuisse
1029 1081 1094 1120 cum
1117 1083 1199 1122 mor·

41 1133 62 1192 is
94 1132 269 1212 doloribus,
293 1137 376 1216 quasi
398 1136 467 1198 Deo
492 1137 569 1198 irato
595 1137 626 1198 in
650 1137 850 1220 labyrinthum
875 1136 1019 1198 malorum
1051 1136 1200 1218 proiectus

41 1220 134 1270 uret.-

111 1292 163 1352 47.
200 1282 303 1348 Etrus·
325 1303 409 1350 morat
432 1292 493 1352 iste.
509 1335 518 1352 .
533 1290 596 1365 Qui
619 1289 677 1352 hoc
703 1291 740 1351 ad
763 1289 871 1351 milites
897 1289 1032 1350 referunt
1057 1289 1144 1352 rudes
1169 1302 1200 1350 et

41 1383 161 1444 gnaros
172 1362 311 1444 Syriacae
331 1364 460 1448 linguae,
480 1378 510 1428 et
521 1366 658 1428 iudaicae
670 1365 811 1448 religioni
823 1377 1039 1442 nunassuetos,
1058 1365 1200 1428 falluntur

41 1461 102 1499 neo
126 1439 251 1500 iudicio:
299 1453 383 1503 utant
402 1444 480 1504 enim
500 1442 693 1504 hallucinatus
713 1444 802 1503 fuisse
821 1443 852 1502 in
872 1464 977 1504 vocum
996 1442 1196 1505 similitudine.

41 1515 128 1595 ttqui
139 1515 213 1577 mibi
223 1463 306 1579 nulio
316 1519 407 1580 modo
422 1519 579 1600 probabile
590 1532 644 1594 est,
665 1519 779 1581 inscitia
792 1517 888 1600 lapsos
908 1540 982 1594 esse,
1002 1519 1200 1611 quumpotius

41 1595 101 1652 lata
125 1612 218 1672 opera
239 1593 359 1656 Christo
379 1595 515 1673 illudere,
535 1595 754 1658 etcalumniose
774 1607 945 1677 pervertere
957 1595 1018 1656 eius
1031 1608 1199 1657 orationem

42 1679 178 1728 tatutum
197 1669 297 1730 luerit.
335 1671 423 1734 Nulla
442 1673 522 1740 enim
532 1673 569 1734 ad
579 1671 812 1734 labefactandam
832 1672 950 1752 piorum
970 1671 1092 1732 salutem
1102 1673 1200 1752 aptior

41 1747 166 1806 iatanae
190 1747 324 1808 machina
350 1760 409 1824 est,
434 1764 521 1830 quam
546 1747 598 1810 ubi
618 1770 634 1810 a
653 1748 713 1810 Dei
736 1748 926 1810 invocatione
955 1748 1037 1829 ipsos
1066 1751 1103 1812 de
1126 1748 1199 1826 ellit.

41 1833 144 1901 ,taque
162 1843 231 1884 suos
250 1823 400 1886 ministros
420 1838 561 1906 quantum
580 1835 680 1906 potest
699 1826 756 1885 buc
774 1823 916 1906 impellit,
940 1836 974 1884 nt
1014 1769 1134 1886 necandi
1153 1825 1199 1888 al-

41 1899 148 1958 'ectum
172 1900 260 1962 nohis
286 1902 420 1962 excutiat
459 1901 509 1964 stc
534 1902 640 1982 impios
661 1900 772 1963 Christi
792 1902 889 1962 hostes
909 1901 970 1982 imp
1004 1901 1043 1977 it,
1066 1914 1100 1962 ut
1146 1921 1198 1962 ru-

42 1995 120 2038 ervc
141 1975 203 2036 eius
217 1978 425 2068 precationem
444 1979 476 2040 iu
495 1980 584 2040 risum
608 1989 833 2040 converterent:
859 1978 963 2048 voleus
988 1978 1047 2040 boc
1073 1999 1106 2038 ar
1151 1978 1198 2040 cio

41 2071 103 2110 rum
126 2054 291 2191 praecipuis
310 2055 397 2117 armis
416 2055 553 2138 spoliare.
590 2055 631 2115 Et
650 2067 731 2116 certe
751 2055 823 2115 haec
843 2055 1000 2118 admodum
1020 2055 1115 2136 gravis
1131 2067 1198 2115 ten·
1233 2095 1236 2100 ·

41 2129 111 2188 ¹atio
133 2141 193 2201 est,
240 2151 288 2190 um
312 2133 445 2192 videmur
463 2143 575 2192 tantum
597 2131 699 2192 abesse
719 2151 736 2190 a
755 2130 911 2210 prosectu,
931 2140 964 2189 ut
982 2130 1064 2190 Deus
1084 2149 1195 2192 nornen

41 2225 125 2264 suum
146 2205 245 2284 potius
258 2208 428 2286 opprobriis
440 2217 578 2286 exponat,
597 2227 684 2285 quarn
702 2225 734 2266 se
754 2207 891 2266 ostendat
908 2205 986 2266 votis
1006 2206 1114 2266 nonnis
1126 2227 1199 2286 pro-

41 2280 157 2359 pitium.
195 2281 382 2342 Tantundem
408 2283 499 2364 igitur
522 2281 614 2342 valuit
637 2282 709 2342 haec
735 2281 832 2342 ironia
856 2281 902 2342 vel
928 2280 1048 2342 caninus
1069 2281 1200 2360 latratus,

41 2355 97 2416 resi
119 2370 285 2436 negassent,
305 2355 425 2420 Christo
446 2358 601 2437 quicquam
621 2376 683 2418 esse
703 2377 741 2417 ne
764 2355 818 2416 otii
837 2378 903 2417 cum
911 2356 992 2432 Deo,
1012 2357 1199 2437 quodEliam

41 2429 203 2517 inplorans
222 2432 254 2492 in
273 2432 352 2494 aliud
372 2433 483 2515 asylum
496 2454 527 2496 se
540 2431 700 2494 conferret.
740 2377 790 2493 die
809 2432 950 2508 videmus,
971 2435 1052 2494 omni
1069 2445 1199 2521 exparte

41 2508 131 2568 inisse
149 2519 296 2587 versuum,
315 2521 349 2570 ut
368 2509 575 2590 desperatione
596 2507 718 2570 obrutus
739 2508 776 2570 ab
795 2508 965 2570 invocando
984 2509 1054 2570 Deo
1075 2511 1198 2572 absiste-

41 2595 102 2644 ret:
145 2585 205 2645 uod
225 2598 287 2661 erat
306 2588 392 2647 saluti
411 2587 590 2648 renuntiare.
630 2586 788 2647 Caeterum
800 2585 824 2656 si
837 2586 926 2646 hodie
945 2597 1005 2647 tam
1018 2587 1198 2648 conducticii
1246 2647 1250 2652 ,

41 2659 130 2722 tatic
166 2660 214 2721 isti
232 2661 368 2740 rabulae,
389 2684 474 2744 quam
492 2662 648 2723 domestici
661 2662 755 2724 'ctiam
774 2661 957 2739 nebulones,
982 2683 1057 2753 quae
1075 2685 1091 2723 a
1110 2663 1198 2725 nohis

41 2748 123 2797 recte
143 2736 219 2798 dicta
238 2751 316 2814 suut,
334 2742 393 2802 suis
412 2739 563 2800 calumniis
582 2739 704 2820 indigne
724 2740 896 2820 depravant,
915 2759 953 2798 ne
965 2759 1104 2801 miremur
1117 2739 1203 2802 idern

41 2813 131 2873 nohis
151 2815 232 2892 quod
251 2817 340 2900 capiti
359 2827 462 2878 nostro
482 2816 626 2876 accidere.
666 2812 807 2890 Quamvis
826 2828 925 2876 tamen
940 2815 1038 2876 Deum
1058 2817 1089 2877 in
1103 2817 1199 2878 Etiam

41 2889 142 2953 transii
201 2903 262 2966 ent,
280 2893 334 2954 uhi
352 2913 408 2975 pro
428 2914 479 2954 sua
498 2893 621 2953 libidine
640 2912 696 2954 nos
714 2891 968 2968 subsannaverint,
988 2893 1120 2954 exaudiet
1131 2905 1198 2953 tan-

41 2966 109 3026 dem
160 2988 211 3030 eus
229 2971 354 3051 gemitus
374 2981 504 3047 nostros,
522 2990 613 3049 seque
631 2982 694 3030 turn
712 2969 858 3031 vindicem
877 2969 992 3053 gloriae
1010 2989 1080 3030 suae
1097 2981 1198 3031 osten-

41 3043 104 3120 det,
123 3057 185 3104 tum
204 3047 336 3128 impurae
356 3046 488 3110 salsitatis
508 3047 645 3106 ultorem.
999 3087 1011 3122 ,ι

118 3125 166 3186 ¹18·
208 3122 251 3181 ΕΙ
279 3128 413 3184 eosdm
446 3143 566 3184 curm
599 3145 683 3184 unus.
728 3123 807 3184 ilinc
835 3121 997 3203 probabilis
1027 3123 1199 3186 coniectura

42 3195 175 3274 elicitur,
198 3221 287 3280 quum
307 3199 397 3262 semel
422 3211 526 3280 potum
546 3200 704 3280 respuisset
724 3199 873 3272 Christus,
897 3198 1022 3261 subinde
1045 3199 1198 3263 molestiae

41 3293 129 3334 causa
148 3273 235 3336 inisse
254 3277 297 3336 illi
318 3278 458 3338 oblatum.
498 3276 677 3355 Quanquam
692 3275 778 3336 simul
787 3275 942 3338 verisimile
954 3289 1007 3353 est,
1026 3277 1112 3338 initio
1125 3299 1198 3359 por-

41 3361 156 3411 rectum
174 3352 218 3412 illi
237 3354 325 3414 subse
345 3354 376 3412 in
395 3353 487 3414 calice
511 3364 640 3428 acetum,
665 3364 821 3443 autequam
840 3354 871 3412 in
890 3353 1015 3415 sublime
1041 3354 1132 3415 elatus
1152 3374 1199 3416 es-

42 3437 103 3501 set,
123 3439 225 3510 postea
250 3431 397 3491 admotam
422 3429 469 3490 ori
492 3428 579 3490 luisse
604 3449 777 3511 spongiam,
803 3450 893 3510 quum
915 3432 974 3527 iam
998 3431 1143 3511 penderet
1165 3430 1199 3490 in

43 3522 140 3565 cruce.

120 3581 210 3643 Marc.
234 3587 282 3649 3&
319 3582 446 3674 Dicens,
473 3584 565 3679 mnne:
583 3661 590 3678 ι
605 3580 697 3676 Quod
728 3580 917 3643 biennem
946 3581 1050 3656 tradit,
1074 3583 1198 3644 militem

45 3655 1100 3824 :stetui{latitaturum,tt-,tutte
1121 3681 1198 3826 aa
1244 3739 1258 3774 .

46 3812 200 3873 verisimile
220 3824 273 3888 est,
292 3812 328 3872 ah
348 3833 410 3873 uno
430 3812 563 3892 coepisse
581 3811 851 3887 subsannationem,
871 3829 945 3892 quae
958 3809 1070 3870 ahalus
1089 3813 1197 3893 cupide

48 3901 165 3970 excepta
189 3889 348 3950 clamorem
371 3888 451 3949 iuter
476 3909 584 3951 omues
602 3886 745 3950 excitavit.
783 3889 829 3949 Ita
853 3887 977 3948 verbum
998 3891 1108 3966 sinam
1133 3909 1198 3948 non

49 3975 93 4022 est
110 3965 304 4046 prohibentis,
322 3965 373 4026 sed
388 3964 523 4026 ludentis
562 3966 645 4047 Ergo
658 3963 708 4045 qui
722 3965 831 4046 primus
844 3963 992 4026 Christum
1005 3963 1116 4042 derisit,
1135 3965 1199 4027 iro-

49 4039 114 4128 njce
132 4042 243 4104 vicinos
263 4041 454 4122 compellans,
472 4043 690 4133 Exspectemus,
709 4041 815 4121 inquit,
834 4061 872 4100 an
884 4041 983 4101 veniat
993 4040 1082 4101 Elias.
1119 4040 1202 4103 Pro:

49 4124 125 4178 timu
143 4120 258 4199 sequuti
276 4133 345 4180 sunt
362 4118 424 4193 alii,
443 4129 475 4179 et
493 4139 616 4198 quasque
635 4118 769 4198 proximo
794 4136 847 4176 suo
873 4116 995 4178 eandem
1022 4117 1197 4181 cantilenam

53 4195 190 4256 occinuit:
215 4208 248 4256 ut
271 4196 336 4258 lieri
359 4194 436 4256 solet
460 4194 492 4255 in
517 4205 619 4255 mutuo
646 4213 801 4254 consensu.
840 4193 902 4254 Nec
928 4193 1052 4254 veroin
1071 4216 1196 4258 numero

52 4267 152 4346 plurali
170 4273 217 4335 vel
236 4272 375 4356 singulari
395 4271 587 4340 insistendum
597 4283 654 4334 est:
675 4269 744 4350 quia
755 4269 928 4332 tantundem
937 4269 1096 4352 valetsine,
1116 4273 1196 4354 quod

1048 4423 1049 4426 ¹
1059 4411 1072 4447 l
