2778 4838
295 249 376 327 (131.
415 245 547 330 Populus
567 247 698 330 quinque
717 247 842 329 panlbnr
864 247 1003 330 cibatus.)
1191 253 1233 318 '1³

64 405 192 470 Euntes
214 421 356 470 ememus
376 401 523 470 ducentis
544 402 686 470 denariis
706 425 822 492 panes,
848 412 881 472 et
906 404 1020 472 demus
1045 402 1112 472 illis
1137 404 1254 501 qnod¹

66 507 175 575 edant,
218 507 270 574 38.
297 509 341 573 At
366 505 423 572 ille
448 505 527 572 dixit
547 509 610 585 eis,
638 506 730 595 Quot
750 529 852 595 panes
872 505 1018 575 bebetis?
1042 509 1104 588 ite,
1132 520 1165 574 et
1183 513 1231 574 vi-

65 611 154 678 dete.
196 610 240 676 Et
261 631 359 696 quum
380 613 621 696 cognovissent,
647 609 775 690 dicunt,
802 610 972 700 Quinque,
998 620 1032 678 et
1057 610 1141 679 duos
1166 614 1232 700 pis·

66 735 128 780 ces.
178 709 231 778 39.
254 713 297 780 Et
322 715 488 801 praecepit
512 711 592 794 illis,
626 723 661 779 ut
699 712 892 782 accumbere
926 717 1073 782 lacerent
1106 735 1231 795 omnes,

65 814 247 884 distributis
275 817 419 882 convivis
446 820 481 882 in
506 815 604 884 viridi
632 820 793 904 graminei
839 821 890 886 40.
917 821 960 887 Et
996 817 1231 887 discubuerunt

66 921 164 988 divisi
184 921 219 986 in
242 927 398 986 centenos
420 930 453 986 et
475 922 729 1008 quinquagenos
775 919 827 986 41.
856 923 898 990 Et
925 943 1023 1008 quum
1052 925 1232 1009 accepisset

66 1025 214 1112 quinque
234 1041 335 1108 panes
356 1034 389 1089 ct
409 1022 493 1089 duos
514 1026 635 1110 pisces,
661 1021 799 1090 sublotis
826 1026 861 1090 in
883 1023 1010 1090 coelum
1032 1022 1149 1104 oculis,
1174 1027 1231 1092 be·

65 1125 194 1194 nedixit
221 1146 259 1192 au
286 1125 380 1212 fregit
406 1145 521 1214 panes,
555 1124 711 1214 deditque
745 1125 927 1214 discipulis,
960 1135 996 1192 ut
1027 1137 1233 1214 opponerent

65 1230 145 1307 illis,
184 1239 218 1296 et
254 1227 337 1296 duos
370 1232 475 1317 pisces
506 1228 615 1298 divisit
648 1227 807 1297 omnibus
858 1229 908 1296 42
943 1230 986 1294 Et
1020 1230 1232 1299 comederunt

66 1355 196 1412 omncs,
224 1341 258 1398 et
289 1335 420 1398 saturati
450 1345 534 1400 sunt.
592 1335 644 1400 13.
675 1331 717 1397 Et
748 1331 947 1399 sustulerunt
980 1331 1232 1417 fragmentorum

66 1436 243 1505 duodecim
264 1435 423 1522 copbinos
444 1435 575 1524 plenos,
602 1446 634 1501 et
656 1433 699 1501 de
718 1433 871 1521 piscibus.
911 1432 964 1498 44
992 1431 1095 1519 Erant
1116 1447 1234 1520 autern,

66 1544 124 1628 qui
146 1539 369 1620 comederant,
390 1541 517 1605 circiter
539 1541 684 1628 quinque
704 1536 806 1605 millia
826 1537 978 1604 virorum.
1297 1538 1301 1548 '

152 1706 330 1776 LUC.1X.
372 1709 423 1775 10.
444 1707 486 1774 Et
506 1707 629 1772 reversi
651 1703 802 1792 Apostoli
821 1714 1035 1772 narraverunt
1055 1702 1113 1784 illi,
1134 1725 1233 1792 queo·

66 1832 197 1898 cunque
223 1809 380 1876 fecerant.
424 1811 467 1876 Et
492 1811 660 1897 assumptis
685 1807 751 1876 illie
782 1809 915 1876 secessit
942 1827 1087 1876 seorsum
1116 1809 1150 1872 in
1182 1807 1232 1875 lo-

67 1936 141 1980 cum
168 1913 332 1981 desertum
359 1913 508 1992 civitatis,
538 1933 622 2000 quoe
650 1923 786 1980 vocatur
811 1909 995 1980 Bethsaida.
1048 1911 1099 1979 11.
1128 1911 1233 1998 Quod

68 2037 167 2100 quum
187 2015 534 2103 agnovissentturbae,
553 2026 709 2104 sequutae
727 2024 803 2082 sunt
819 2014 927 2082 illomz
947 2025 980 2082 et
1000 2017 1127 2102 excepit
1147 2013 1233 2096 illos,
1351 2019 1354 2032 '

68 2125 101 2181 et
120 2115 320 2203 loquebatur
338 2117 403 2185 illis
425 2118 467 2185 de
489 2140 591 2214 pegno
612 2120 704 2201 Deo,
730 2128 763 2185 et
793 2139 850 2184 eos
877 2121 934 2205 qui
960 2121 1127 2185 curatione
1148 2119 1234 2186 indi-

67 2216 188 2305 gebant
213 2218 356 2286 sanabat
397 2221 448 2288 12.
469 2223 552 2288 Dies
572 2232 678 2288 autem
700 2230 855 2309 coeperat
875 2219 1056 2288 declinares
1083 2231 1117 2287 et
1142 2243 1234 2288 aoce-

68 2321 184 2389 dentes
206 2322 393 2404 duodecim,
419 2324 569 2391 dixerunt
589 2323 653 2406 illi,
679 2325 814 2390 Dimitte
842 2321 966 2402 turbas,
994 2333 1031 2388 nt
1057 2333 1171 2392 euntes
1196 2327 1233 2392 in

68 2423 202 2494 castella
228 2425 387 2516 villasque
413 2431 535 2495 vicinas
562 2427 739 2507 divertant,
769 2427 993 2496 etinveniunt
1019 2448 1124 2508 escas,
1156 2430 1234 2515 quia

67 2529 121 2594 bic
153 2533 189 2596 in
219 2527 297 2600 loco
330 2530 462 2598 deserto
493 2547 611 2604 stenes.
670 2529 721 2596 13
752 2528 808 2595 Ait
835 2538 941 2594 autem
968 2527 1012 2594 ad
1038 2528 1129 2609 illos,
1160 2531 1234 2596 Vos

66 2633 144 2699 date
168 2630 249 2714 illis,
274 2634 364 2723 quod
386 2633 492 2702 edane
533 2635 577 2698 At
594 2631 645 2698 illi
664 2631 830 2713 dixerunt,
849 2631 927 2698 Non
948 2641 1023 2697 sunt
1043 2630 1140 2698 nobis
1159 2630 1233 2718 plu·

64 2759 136 2816 res,
162 2758 256 2825 quam
279 2740 422 2832 quinque
444 2757 559 2824 panes,
589 2745 622 2802 et
642 2734 708 2803 duo
731 2739 850 2824 pisces:
876 2736 940 2802 nisi
965 2753 1174 2812 noceamus,
1199 2739 1235 2800 et

67 2861 213 2908 emamus
238 2843 273 2907 in
298 2862 427 2907 omnem
452 2841 539 2906 bunc
564 2838 721 2928 populum
752 2859 851 2906 escas.
907 2839 957 2904 14.
991 2837 1094 2904 Erant
1126 2845 1233 2902 antem

66 2945 140 3010 lere
173 2947 237 3009 viri
267 2946 440 3030 quinquies
476 2942 575 3010 mille.
632 2947 688 3010 Ait
719 2953 824 3010 autem
858 2942 900 3009 ad
931 2939 1109 3028 discipulos
1147 2960 1233 3022 enos,

66 3049 182 3114 Facite
216 3045 291 3114 illos
316 3045 543 3128 discumbere,
572 3049 608 3115 in
634 3045 764 3133 singulo
790 3067 922 3135 quoque
950 3042 1114 3114 discubitu
1140 3045 1234 3132 quin-

68 3173 247 3240 quagenos.
303 3151 353 3217 15.
381 3154 489 3239 Atque
515 3154 559 3216 ita
586 3151 752 3226 fecerunt,
785 3159 818 3214 et
847 3151 998 3218 fecerunt
1029 3169 1143 3215 omnes
1169 3147 1235 3215 dis·

68 3254 234 3322 cumbere.
282 3255 331 3322 16.
362 3257 515 3344 Acceptis
545 3264 652 3323 autem
685 3255 833 3340 quinque
867 3250 1005 3338 panibus
1037 3261 1070 3318 et
1103 3249 1233 3318 duobus
1287 3293 1291 3300 -

66 3358 231 3445 piscibus,
253 3356 390 3426 sublatis
414 3361 449 3424 in
475 3355 603 3424 coelum
628 3355 747 3436 oculis,
777 3355 947 3422 benedixit
979 3351 1044 3422 illis
1070 3365 1103 3423 et
1129 3355 1235 3440 fregit,

70 3461 300 3549 distribuitque
323 3459 502 3547 discipulis,
529 3471 565 3526 ut
585 3469 789 3547 apponerent
808 3457 933 3526 turbae.
982 3459 1033 3527 17.
1059 3456 1101 3522 Et
1128 3476 1237 3521 corne-

70 3564 191 3634 deruut
211 3586 338 3646 omnes,
366 3575 399 3631 et
418 3565 550 3631 saturati
571 3575 660 3645 suut:
688 3576 721 3633 et
747 3561 908 3630 sublatum
934 3571 984 3628 est
1010 3555 1102 3650 quod
1121 3577 1236 3645 euper-

69 3669 133 3736 init
153 3667 219 3735 illis
241 3669 505 3756 fragmentorum,
527 3667 660 3755 cophini
680 3666 862 3735 duodecim.

148 3833 255 3896 Metili·
275 3839 322 3901 13.
360 3831 403 3896 Η
423 3853 512 3913 qma·
533 3829 662 3894 oedem
681 3831 774 3893 lesu.
823 3830 953 3891 loannes
982 3823 1107 3888 eandem
1139 3823 1236 3884 bisto-

72 3910 145 3972 riam
154 3909 301 4002 referens,
320 3931 380 3990 quo
400 3909 525 4000 consilio
545 3907 694 3970 transierit
703 3910 785 4000 Iesus
804 3907 836 3967 iu
855 3907 949 4042 ripam
969 3901 1152 4014 ulteriorem,
1170 3919 1235 3962 non

72 3999 217 4052 memrmt.
247 3987 362 4049 Marcus
383 3997 471 4048 etum
484 3985 616 4047 etLbcas
636 3985 774 4046 nonnihil
786 4007 803 4045 a
815 3983 891 4043 Matt
912 4001 967 4073 neo
985 3977 1145 4070 differunt.
1165 3998 1235 4038 can-

70 4086 133 4126 seru
154 4065 234 4126 enirn
253 4063 367 4126 itineris
387 4063 476 4154 luisse
495 4062 615 4137 docent,
634 4072 668 4154 qt
676 4061 826 4142 discipulis
836 4059 894 4120 suis
904 4056 1014 4150 aqurud
1025 4065 1130 4192 ihulem
1142 4054 1236 4145 daret,

71 4154 230 4278 piqstqnaru
250 4161 284 4201 er
303 4161 354 4231 sua
373 4140 523 4222 legatione
543 4160 653 4200 reversi
672 4139 799 4200 luerent.
828 4135 889 4196 Sed
905 4155 938 4194 rn
952 4152 1045 4228 ⁰⁰,.¹¹¹.
1061 4131 1083 4193 tl
1099 4132 1236 4194 cudisse-

103 4243 130 4294 ¹'
156 4239 225 4299 ‘¹¹⁰²
249 4217 553 4358 ⁶“t-t3t‘³‘st‘l
575 4215 695 4354 illl:
711 4231 871 4354 tut?
890 4207 1239 4366 'allilblal‘ilm‘ssl
1298 4272 1306 4296 .

70 4295 277 4438 lllllliitqll
299 4315 537 4436 delicularum
561 4389 638 4434 nova
662 4367 790 4434 occasio.
832 4331 909 4428 Nlut
933 4375 965 4428 et
988 4361 1101 4428 debiles
1124 4361 1237 4428 animos
