2768 4834
166 251 225 314 184
521 321 536 351 x
620 239 773 304 SECTIO
794 240 848 301 Vl.

167 407 269 479 paret,
298 413 384 476 qnam
413 415 569 478 perperam
592 405 753 476 torqueant
778 389 890 453 Christi
916 390 1021 464 verba,
1051 389 1103 470 qui
1126 389 1164 451 ab
1191 377 1232 452 eo
1261 411 1322 454 re-

168 475 271 555 stringi
297 485 402 556 putant
420 473 576 555 Evangelii
595 473 761 532 doctrinam
779 468 817 529 ad
836 468 925 544 solos„
937 467 1047 528 dociles
1068 479 1098 527 et
1118 466 1195 528 benc
1217 491 1322 550 prae-

170 563 294 632 paratos.
341 550 527 626 Quidtenim
549 549 613 621 fiet,
644 549 668 608 si
688 547 835 606 neminem
856 544 984 605 invitent
1003 543 1044 624 pii
1064 543 1234 622 doctores,¹
1252 545 1321 605 nisi

169 628 220 706 qui
239 628 296 686 iam
315 647 365 686 sua
387 626 556 687 obedientia
577 625 636 684 Dei
656 624 778 708 gratiam
799 620 1006 702 praevenerit?
1038 621 1110 700 quin
1130 619 1230 701 potius
1253 643 1320 681 na-

168 715 232 763 tura
262 727 328 764 curn
353 699 461 783 impuri
484 725 581 762 sumus
609 723 728 773 omnes,
767 711 827 757 turn
853 699 888 758 ad
915 697 1127 758 contumaciam
1151 699 1320 833 propensi.

170 781 271 854 Quare
291 779 377 839 nullis
397 779 564 862 negandum
585 791 628 838 est
647 777 745 838 salutis
764 775 937 848 remedium,
957 775 1013 834 nisi
1034 773 1083 854 qui
1103 773 1159 834 sibr
1171 774 1210 832 ob
1225 787 1318 836 atum
1375 833 1376 840 ,

168 857 208 916 ita
235 856 323 916 foede
347 878 394 916 res
416 856 528 930 uerint,
557 866 591 914 ut
612 865 732 914 constet
755 852 900 932 reprobos
926 861 956 910 et
975 871 991 910 a
1012 870 1043 910 se
1064 851 1132 932 ipsis
1152 851 1319 911 damnatos

169 953 247 1007 esse,
278 934 380 1011 queina
404 931 523 992 modum
544 933 580 992 de
600 930 754 991 haereticis
774 927 907 1007 loquitur
926 927 1034 987 Paulus
1042 931 1317 1062 ἑαύτυκαιάκριτοι.
1375 999 1376 1006 ¹

169 1009 229 1068 Tit.
248 1015 277 1084 3,
298 1015 369 1086 lb).
407 1009 525 1090 Duplex
544 1020 640 1069 autern
661 1007 736 1078 ratio
757 1005 821 1079 luit,
843 1025 895 1064 cur
912 1015 1026 1064 vetaret
1071 1002 1186 1076 hristus,
1205 1003 1318 1062 Evan-
1375 1007 1376 1012 ’

168 1083 279 1166 gelinm
328 1086 427 1146 erditis
451 1085 705 1165 contemptoribus
724 1080 874 1174 proponi:
908 1093 951 1140 est
976 1081 1053 1140 enim
1075 1090 1175 1158 aperta
1195 1089 1316 1159 myste-

168 1162 280 1222 riorum
292 1105 351 1222 Ilei
370 1161 549 1243 profanatio,
569 1162 594 1222 si
614 1183 647 1222 ea
667 1159 835 1222 subncimus
845 1158 1002 1237 impiorum
1013 1155 1156 1215 ludibriis.
1186 1154 1339 1232 Deinde·
1375 1185 1376 1194 ¹

148 1237 319 1298 ‘consolari
348 1260 415 1299 suos
445 1238 516 1300 disci
539 1237 603 1302 ulos
626 1237 721 1298 voluit
748 1235 899 1307 Christus,
928 1255 966 1295 nc
991 1232 1161 1294 desinerent
1184 1251 1316 1310 operam

169 1335 249 1374 snam
275 1312 374 1375 locare
387 1313 496 1375 'electis
515 1259 543 1374 i)

32 1403 51 1426 '2
168 1389 242 1462 illud
271 1391 420 1472 repudiari
450 1391 586 1452 viderent
616 1391 652 1452 ab
683 1389 779 1480 impiis
812 1398 843 1453 et
867 1386 999 1522 profanis

547 1314 574 1374 ei
593 1313 624 1374 in
645 1312 809 1396 Evangelio
831 1311 984 1386 docendo,
1016 1313 1146 1445 puamvis
1166 1309 1317 1387 proterve
1375 1319 1376 1324 ’

1046 1383 1207 1446 ominibus:
1249 1383 1315 1442 acsi

171 1467 302 1542 dixisset,
332 1489 369 1529 ne
389 1467 511 1530 vilescat
531 1465 770 1546 nacomparabilis
789 1463 838 1526 bic
857 1475 871 1522 t
891 1483 1025 1538 scaurus,
1044 1462 1188 1522 arcendos
1211 1458 1250 1520 ab
1270 1475 1314 1519 'eo
1375 1523 1376 1534 ,

171 1563 233 1616 csse
254 1565 362 1624 porcos
384 1555 413 1604 et
434 1565 529 1606 canes.
574 1543 732 1604 Caeterum
753 1541 883 1602 notanda
903 1551 970 1600 sunt
990 1538 1104 1620 elogia,
1135 1536 1243 1617 quibus
1264 1557 1315 1596 sa-

169 1619 237 1679 lutis
258 1619 560 1681 docuinamsomavir
579 1617 729 1693 Christus,
754 1639 816 1677 rem
835 1631 965 1677 sunem
984 1616 1155 1688 nominans,
1180 1625 1212 1672 et
1231 1614 1316 1672 mar-

170 1697 271 1831 paritis
296 1716 479 1777 comparans.
521 1697 596 1756 Nam
619 1695 687 1760 b'inc
707 1693 887 1776 colligimus,
919 1705 1030 1827 pusato
1050 1690 1137 1751 nobis
1157 1690 1188 1748 in
1208 1690 1315 1769 pretio

192 1772 306 1832 abenda
331 1773 378 1832 sit.
430 1772 479 1832 Ne
500 1770 617 1851 parando
640 1770 672 1830 hi
694 1775 868 1840 oonudcent.
948 1766 1045 1830 idetur
1071 1766 1206 1829 Christus
1232 1766 1316 1826 inter

170 1867 281 1928 porcos
301 1860 331 1906 et
350 1869 436 1908 canes
457 1849 653 1931 distinguere:
674 1847 771 1928 porcis
792 1849 910 1906 brutum
922 1859 1084 1928 stuporem,
1103 1844 1226 1906 canibus
1236 1863 1314 1904 vero
1375 1853 1376 1866 ¹

171 1924 285 1984 rabiem
297 1923 448 1996 tribuens.
486 1925 527 1984 Et
548 1933 627 1983 certe
648 1923 828 2003 experientia
848 1923 952 1998 docet,
972 1925 1041 1984 duas
1059 1922 1132 1981 tales
1152 1939 1216 1982 esse
1236 1941 1315 1980 con·
1375 1977 1376 1988 ,

169 2011 350 2080 temptorum
375 2000 435 2060 Dei
455 1999 580 2082 species.
637 2001 727 2060 Exem
752 1999 773 2059 li
794 2000 906 2091 pratia,
940 1999 1080 2080 quicquid
1107 1999 1142 2056 de
1170 2007 1315 2075 corrupta

171 2075 299 2137 bominis
318 2085 433 2153 natura,
452 2077 489 2137 de
509 2076 635 2158 gratuita
656 2021 872 2150 iudicatione,
893 2078 929 2135 de
947 2086 1069 2150 aeterna
1089 2073 1239 2134 electione
1251 2084 1314 2130 tra-

172 2151 250 2213 ditur
274 2153 305 2224 in
319 2153 502 2234 scripturis,
530 2152 616 2216 mulb'
635 2153 683 2212 vel
703 2154 739 2212 ad
758 2153 903 2234 ignaviam
924 2150 971 2214 vel
992 2151 1028 2212 ad
1049 2149 1142 2212 carnis
1162 2147 1314 2208 lasciviam

172 2239 363 2298 convertunt:
383 2230 456 2290 tales
476 2241 543 2310 apte
564 2241 594 2290 et
612 2229 720 2290 merito
741 2241 899 2289 censentur
918 2228 1012 2312 porci.
1044 2226 1102 2290 alii
1122 2246 1194 2288 vero
1206 2245 1313 2316 puram

172 2307 335 2373 doctrinam
357 2307 477 2387 eiusque
496 2305 646 2366 ministros
663 2305 813 2386 sacrilegis
829 2305 969 2366 conviciis
978 2305 1118 2377 lacerant,
1139 2324 1219 2383 quasi
1233 2301 1315 2362 bene

172 2403 187 2440 a
212 2383 280 2442 endi
305 2384 431 2442 studium
456 2383 516 2443 Dei
540 2383 678 2442 timorem
703 2393 734 2442 et
758 2403 877 2443 omnem
904 2381 1002 2441 salutis
1023 2402 1122 2441 curam
1134 2378 1313 2440 labefactet.

201 2459 237 2518 tsi
268 2460 277 2519 i
300 2460 359 2522 itnr
389 2472 525 2538 utroque.
548 2459 671 2520 nomine
704 2459 840 2542 designet
866 2456 999 2518 Christus
1025 2455 1202 2518 insanabiles
1227 2455 1316 2517 verbi

173 2535 231 2594 Dei
251 2557 266 2596 a
289 2537 450 2612 versarios,
475 2535 585 2616 duplici
605 2548 705 2597 tamen
726 2535 932 2612 similitudine,
952 2535 1023 2615 quid
1043 2534 1091 2594 alii
1112 2532 1148 2593 ab
1170 2531 1234 2593 aliis
1255 2531 1314 2594 dif-

136 2631 139 2637 ·
173 2611 270 2674 serant
289 2613 419 2698 breviter
438 2613 587 2676 admonet.

1120 2749 1129 2782 Ι

198 2861 298 2942 ’(63.)
334 2855 507 2927 ΜΑΤΊῊ.
529 2859 599 2923 Vll.
642 2861 670 2926 7.
690 2857 803 2936 Petite,
826 2868 858 2924 ct
879 2857 1009 2925 dabitur
1029 2857 1136 2926 vobis:
1156 2859 1314 2944 quaerite,

174 2971 207 3026 et
228 2962 415 3026 invenietis:
442 2960 583 3046 pulsate,
606 2969 638 3024 et
659 2962 821 3046 aperietur
842 2953 946 3026 vobis.
987 2963 1018 3026 8.
1045 2961 1202 3050 Quisquis
1226 2961 1310 3050 enim
1375 2947 1376 2956 ¹

174 3061 269 3149 petit,
290 3063 418 3148 accipit,
440 3063 679 3148 etquicunque
701 3065 843 3147 quaerit,
862 3063 1000 3142 invenit,
1022 3059 1215 3148 et'pulsanti
1237 3081 1313 3146 ape·

174 3163 284 3224 rietur.
327 3163 357 3226 9.
379 3165 429 3226 An
451 3164 618 3250 quisquam
642 3149 691 3226 est
711 3173 849 3228 vostrum
872 3164 978 3242 bomo,
999 3165 1063 3250 qni,
1085 3165 1112 3228 si
1129 3159 1220 3226 tilius
1242 3159 1322 3227 cins'

48 3359 49 3366 ἵ
166 3262 303 3345 petierit
324 3283 455 3346 panem,
489 3261 629 3348 lapidem
652 3267 692 3328 sit
713 3263 846 3330 daturus
868 3263 937 3330 illi?
980 3265 1029 3330 10.
1056 3265 1167 3328 Autsi
1190 3265 1310 3360 piscem

173 3363 311 3448 petierit,
331 3384 405 3427 num
428 3374 610 3449 serpentem
632 3368 768 3451 porrigit
788 3365 856 3430 illl?
883 3365 933 3430 11.
951 3363 985 3428 Si
1007 3367 1191 3448 vosigitur,
1214 3387 1310 3450 quum
1375 3399 1376 3444 j

175 3465 244 3527 sitis
265 3462 356 3542 mali,
377 3467 479 3529 nostis
500 3465 586 3531 bona
609 3464 697 3531 dona
718 3467 797 3530 dare
819 3465 897 3562 liliis
919 3467 1048 3546 vestris,
1069 3475 1192 3551 quanto
1214 3468 1310 3552 tnagis

172 3563 270 3731 il‘astpp
290 3576 411 3645 vester,
441 3569 497 3654 qui
518 3577 566 3642 est
587 3571 620 3634 in
643 3563 758 3646 coelis,
786 3565 878 3689 dabit
898 3564 1002 3698 bona,
1024 3570 1052 3632 si
1076 3564 1247 3652 postuletis
1269 3565 1310 3632 ab

185 3687 206 3770 Ρ
259 3781 361 3852 LUC.
387 3783 440 3852 Xl.
474 3743 517 3850 Ι5.
544 3785 585 3850 Et
614 3787 659 3876 ait
687 3784 766 3866 illis,
798 3783 883 3872 Quis
908 3792 1049 3850 vestrum
1076 3757 1311 3858 babebit'ami
1375 3771 1376 3780 ¹

175 3905 261 3962 cnm,
291 3895 324 3949 et
344 3882 405 3951 ibit
427 3885 469 3950 nd
491 3884 582 3951 illum
604 3885 711 3952 media
733 3897 845 3964 nocte,
871 3895 904 3952 et
925 3883 1012 3951 dicct
1033 3883 1096 3965 illi,
1124 3885 1249 3964 Amice,
1269 3885 1310 3950 da

175 3967 392 4034 mibirmutuo
420 3981 485 4035 tres
506 3993 623 4056 panes:
665 3973 694 4036 6.
723 3971 886 4057 Quoniam
909 3973 1029 4034 airicus
1051 3991 1140 4034 meus
1160 3972 1249 4034 venit
1270 3955 1311 4036 dc

174 4071 227 4134 via
257 4069 298 4135 ad
325 4091 390 4146 mc,
421 4081 454 4135 et
483 4093 550 4136 non
574 4070 696 4148 habco,
732 4071 821 4158 quod
846 4090 1006 4158 apponam
1028 4069 1088 4138 illi.
1105 4090 1118 4104 ‘
1138 4073 1167 4136 7.
1194 4071 1235 4136 Et
1255 4069 1308 4136 ille

176 4174 263 4236 intus
284 4169 487 4256 respondens
509 4171 611 4250 dicat,
633 4173 712 4237 Noli
732 4173 809 4236 mibi
831 4172 984 4238 molestus
1007 4185 1092 4237 esse:
1113 4174 1175 4236 ium
1198 4174 1310 4238 ostium

176 4269 318 4336 clausum
341 4282 396 4348 est,
419 4281 450 4336 et
471 4275 564 4357 pueri
586 4275 648 4337 inei
669 4295 792 4338 mecum
815 4276 944 4340 suntin
966 4270 1079 4337 cubilis
1099 4293 1166 4338 non
1184 4293 1309 4359 possum
1345 4313 1352 4318 -

179 4389 310 4454 surgere
333 4381 365 4436 ct
384 4369 463 4436 darc
484 4372 552 4439 tibi.
570 4401 571 4406 ¹
592 4375 622 4438 8.
647 4373 733 4441 Dico
755 4373 856 4452 vobis,
878 4363 1010 4440 Etiamsi
1032 4395 1100 4480 non
1122 4373 1254 4440 daturus
1273 4377 1311 4439 sit
