2768 4834
461 271 595 335 Onarro
615 287 651 334 m
671 287 799 336 nourr.
1133 287 1218 352 153*

50 424 139 490 videt
170 427 208 491 in
240 391 389 506 occulto,
422 427 587 513 persolvet
615 427 676 496 tihi
708 433 742 496 in
775 429 957 518 propatulo.
1008 433 1038 498 t.
1069 435 1191 505 chm

50 537 201 604 orantes,
226 549 269 592 ne
291 529 360 592 sitis
382 527 580 616 multiloqui,
600 533 683 594 sicut
703 527 846 596 Ethniei:
870 541 985 617 putant
1005 537 1090 599 euim
1112 537 1192 618 iore,

50 639 82 692 at
101 626 153 693 ob
175 627 420 718 multiloquium
447 652 537 694 suum
566 631 784 696 exaudiantur.
826 631 856 696 8.
882 633 933 698 Ne
950 633 1051 718 igitur
1072 636 1193 704 efficia·
1301 691 1307 702 .

50 733 125 794 mini
152 727 280 804 similes
300 732 451 812 istorum:
471 731 562 796 novit
584 734 668 796 enim
692 732 786 796 l‘ater
805 743 927 814 vester,
954 733 1073 822 quihus
1092 737 1192 806 rebus

51 853 136 916 opus
157 833 201 894 sit
223 827 333 909 robis,
357 831 541 917 priusquam
563 836 678 918 petatis
700 829 829 898 abillo.

122 959 237 1018 Matth.
257 965 288 1026 5.
323 959 422 1042 Quum
444 963 572 1020 orarem
590 975 641 1024 eto.
680 961 763 1022 Idem
782 984 862 1024 nunc
882 965 919 1026 de
939 967 1074 1047 precihus
1095 969 1193 1048 docet,

70 1037 133 1095 noel
155 1036 240 1116 prius
262 1037 299 1095 de
322 1036 524 1117 eleemosynis.
543 1023 617 1100 xEst
641 1049 738 1098 autem
764 1039 835 1100 haec
861 1041 946 1112 nimis
972 1064 1066 1105 crassa
1086 1058 1117 1105 ct
1135 1069 1191 1127 pu-

52 1059 149 1172 denda
171 1105 308 1172 nominii
325 1113 385 1173 Dei
406 1113 591 1192 profanatio,
625 1115 705 1194 quod
726 1115 915 1196 hypocritae,
944 1132 977 1180 ut
1001 1120 1134 1202 gloriam
1152 1125 1190 1186 ab

53 1187 226 1249 hominibus
247 1189 398 1262 referant,
429 1189 458 1248 in
480 1189 602 1270 publico
621 1203 795 1280 precantur,
819 1193 866 1254 vel
886 1196 984 1272 potius
1004 1197 1142 1258 simulant
1160 1223 1191 1262 se

51 1265 179 1344 precari.
221 1265 283 1326 Sed
306 1287 396 1345 quum
416 1286 533 1346 semper
552 1266 707 1326 ambitiosa
732 1269 769 1327 sit
789 1267 968 1348 hypocrisis,
999 1295 1062 1340 non
1076 1275 1191 1338 ‚mirum

52 1355 103 1416 eat,
126 1343 168 1401 ita
191 1361 313 1401 caecam
335 1361 413 1401 esse:
433 1341 517 1402 iubet
537 1363 610 1423 ergo
632 1342 791 1422 discipulos
813 1363 896 1418 suos,
915 1345 939 1405 si
959 1346 1016 1408 rite
1036 1367 1121 1415 orare
1141 1374 1193 1414 ve-

53 1417 122 1490 lint,
148 1417 299 1478 conclave
320 1417 440 1478 intrare.
483 1419 546 1478 Etsi
566 1430 680 1491 autem,
713 1421 779 1498 quia
799 1417 858 1480 hoc
882 1421 1059 1502 inspeciem
1079 1426 1194 1490 videtur

53 1493 223 1568 absurdum,
244 1493 408 1576 allegorice
429 1495 545 1584 quidam
566 1507 718 1576 exponunt
730 1495 901 1556 interiorem
922 1499 1019 1560 cordis
1037 1521 1193 1580 recessum,

54 1570 103 1629 hac
124 1582 228 1630 tamen
251 1571 368 1653 argutia
389 1571 462 1630 uihrl
482 1583 527 1632 est
546 1592 628 1651 opus.
668 1571 808 1633 labemur
828 1572 960 1651 pluribus
980 1573 1075 1652 locis:
1090 1578 1121 1638 in
1142 1599 1193 1640 ce-

54 1645 126 1706 lebri
147 1658 243 1707 coetu
270 1659 302 1706 et
326 1646 479 1708 homiuum
504 1647 671 1727 frequentia
696 1670 730 1708 ac
754 1669 854 1710 coram
872 1661 938 1710 toto
959 1653 1072 1732 populo
1092 1654 1192 1718 Deum

55 1723 169 1801 precari
187 1723 238 1783 vel
258 1723 396 1796 laudare,
424 1723 512 1804 idque
532 1724 682 1787 testandae
702 1737 821 1786 nostrae
847 1725 915 1786 fidei
938 1728 985 1788 rel
1005 1731 1193 1811 gratitudinis

56 1819 147 1874 cansa,
168 1799 258 1858 simul
280 1812 313 1858 ut
332 1799 406 1860 alios
425 1813 527 1860 nostro
548 1801 682 1880 exemplo
703 1802 855 1863 incitemus
876 1803 1009 1866 aelidem
1028 1811 1190 1887 agendum:

56 1896 150 1954 neque
172 1875 211 1936 ah
240 1896 278 1936 eo
305 1875 404 1935 studio
429 1898 485 1936 nos
505 1877 639 1937 Christus
664 1878 799 1954 abducit,
828 1879 879 1940 sed
904 1891 1017 1941 tantum
1043 1886 1193 1963 admonet,

56 1951 150 2012 Deum
173 1971 248 2032 prae
268 1948 365 2012 oculis
386 1952 551 2012 habendum
572 1975 651 2027 esse,
681 1955 796 2035 quoties
816 1956 851 2015 ad
872 1959 1073 2036 precationem
1093 1964 1191 2024 accin-

56 2029 159 2107 gimur.
188 2029 267 2088 Ideo
281 2048 346 2088 uon
359 2039 426 2088 sunt
445 2030 577 2120 urgenda
597 2030 670 2090 haec
690 2031 791 2106 verba,
809 2031 897 2093 Intro
913 2037 945 2092 in
955 2035 1194 2102 marianarum:

58 2105 135 2182 quasi
155 2104 262 2164 iubeat
280 2105 387 2188 fugere
408 2104 553 2180 hommes,
572 2127 605 2166 ac
626 2128 681 2168 nos
701 2119 782 2170 recte
803 2129 888 2168 orare
899 2123 991 2192 neget
1000 2112 1057 2173 nisi
1069 2115 1193 2176 testibus

56 2181 184 2242 remotis.
226 2179 438 2260 Comparative
457 2181 534 2242 euim
556 2183 700 2262 loquitur,
729 2185 897 2264 significans
922 2189 1019 2265 potius
1046 2211 1191 2268 quaeren-
1286 2251 1289 2264 ,

58 2257 122 2316 dum
142 2277 208 2318 esse
228 2277 387 2338 secessum,
428 2277 494 2318 uam
515 2261 709 2338 appetendam
725 2259 877 2328 hominum
890 2262 1097 2344 frequentiam,
1116 2288 1192 2346 quae

57 2353 109 2393 nos
129 2345 252 2394 orantes
271 2333 380 2396 videat.
450 2334 501 2412 tile
522 2335 640 2414 quidem
661 2348 705 2396 est
715 2335 877 2410 fidelibus,
904 2358 963 2416 quo
984 2339 1103 2403 liberius
1122 2357 1193 2405 rota
1220 2387 1226 2394 -

58 2429 106 2468 sua
125 2421 157 2470 et
176 2409 306 2492 gemitus
327 2429 426 2470 coram
446 2411 513 2470 Deo
534 2410 705 2484 effundant,
734 2411 900 2472 subducere
925 2434 957 2474 se
982 2415 1019 2474 ab
1040 2416 1192 2480 hominum

60 2505 126 2544 tons
150 2498 228 2546 ectu.
268 2486 396 2547 Prodest
421 2486 507 2548 etiam
531 2507 659 2547 secessus
684 2487 741 2546 alia
767 2488 805 2546 de
825 2507 925 2561 eausa,
957 2510 1015 2580 quo
1043 2493 1134 2571 magis
1153 2495 1192 2554 ab

60 2581 137 2620 emm
159 2584 194 2622 us
213 2564 413 2624 avocamentis
433 2561 545 2623 liberae
560 2563 619 2622 sint
638 2583 672 2622 ac
691 2562 804 2622 solutae
823 2575 950 2623 mentes:
971 2566 1039 2624 ideo
1060 2579 1090 2626 et
1103 2567 1192 2628 Chri-

60 2649 115 2697 stus
134 2639 198 2718 ipse
218 2639 330 2716 orandi
346 2660 429 2698 causa
448 2639 564 2718 saepius
589 2637 618 2696 in
643 2650 789 2697 secretum
808 2637 936 2717 aliquem
962 2639 1059 2700 locum
1087 2663 1118 2702 se
1139 2644 1191 2704 ah-

61 2715 140 2774 didit.
179 2714 241 2774 Sed
263 2714 372 2776 hocin
413 2715 555 2776 raesentia
575 2735 638 2775 non
658 2714 769 2798 agitur:
800 2727 914 2774 tantum
934 2715 1013 2778 enim
1034 2719 1192 2799 corrigitur

60 2790 151 2851 inanis
169 2791 288 2874 gloriae
308 2790 377 2851 cui
408 2803 467 2867 tas.¹
498 2791 618 2850 Summa
637 2803 734 2850 autem
760 2803 819 2850 est:
845 2790 906 2851 sive
946 2792 991 2852 uis
1010 2793 1105 2869 solus,
1131 2795 1193 2857 slve

62 2887 156 2926 coram
177 2868 242 2928 aliis
261 2813 416 2948 precelur,
435 2867 515 2928 hune
533 2879 639 2934 tamen.
651 2867 792 2928 affectum
811 2813 991 2930 induendum
1013 2887 1090 2944 esse,
1111 2873 1193 2952 quasi

62 2942 172 3004 aldius
204 2944 240 3024 iu·
264 2944 406 3005 conclave
431 2943 527 3005 solum
552 2944 649 3004 Deum
675 2944 800 3004 haberet
828 2955 942 3004 testem.
995 2946 1096 3021 Quum
1122 2947 1193 3010 dicit

63 3018 211 3096 Christus,
229 3021 398 3082 mercedem
418 3019 543 3100 rependi
584 3019 699 3080 recibus
718 3019 837 3094 nostris,
856 3021 924 3082 satis
944 3022 1088 3098 declarat,
1109 3027 1192 3104 qnie-

63 3095 130 3172 quid
148 3097 293 3157 mercedis
312 3097 417 3176 passim
443 3096 531 3156 nohis
575 3097 702 3177 criptura
722 3097 870 3177 promittit
893 3117 955 3158 non
980 3111 1119 3180 tanquam
1140 3103 1191 3164 de-

63 3169 151 3230 hiturn
170 3171 264 3248 solvi,
289 3174 342 3232 sed
362 3172 520 3256 gratuitmn
541 3193 611 3232 esse.

134 3254 163 3314 7.
200 3249 250 3308 Ns
267 3253 332 3309 sitis
348 3249 462 3308 matfril'
502 3252 516 3310 ¹.
544 3248 644 3328 ,atiud
662 3248 764 3310 vitium
784 3247 975 3329 reprehendit
994 3249 1025 3309 in
1045 3251 1200 3335 oratione,

64 3343 166 3404 nempe
192 3325 420 3404 multiloquium.
499 3325 571 3384 titur
595 3335 693 3384 autem
720 3325 835 3386 duobus
859 3324 973 3399 verhis,
1005 3328 1058 3388 sed
1086 3329 1192 3392 eodem
1279 3375 1295 3398 .,

65 3419 158 3460 sensu:
178 3423 247 3462 nam
264 3413 430 3491 panotoytn
447 3421 479 3460 su
504 3421 626 3460 ervacua
646 3413 690 3460 est
708 3413 739 3461 et
758 3402 859 3481 putida
869 3402 1019 3482 repetitio,
1038 3413 1193 3484 πολυλογία

65 3489 154 3536 autem
173 3477 270 3538 inanis
283 3477 447 3562 garrulitas.
481 3421 583 3536 l‘orro
604 3496 706 3538 eorum
727 3477 878 3538 stultitiam
898 3477 1090 3558 reprehendit
1103 3478 1192 3540 Chri-

66 3563 130 3626 stus,
148 3554 198 3633 qui
214 3566 247 3613 nt
264 3551 363 3612 Deum
383 3554 578 3632 persuadeant
598 3564 628 3612 et
648 3565 780 3627 exorent,
798 3551 921 3614 multum
941 3556 1099 3616 verborum
1119 3575 1191 3633 pro-

66 3627 193 3689 fundunt
238 3629 346 3720 Neque
370 3628 437 3688 huic
463 3629 616 3688 doetrinae
642 3629 821 3692 contrarium
853 3641 913 3704 est,
933 3631 1026 3710 'quod
1051 3630 1192 3711 precandi

66 3703 207 3766 assiduitas
233 3725 342 3787 passim
372 3705 507 3764 laudatur
535 3705 566 3762 in
593 3703 753 3786 Scriptura.
801 3707 876 3766 Nam
901 3705 953 3766 uhi
978 3707 1057 3767 serio
1082 3704 1192 3764 affectu

67 3783 227 3862 concipitur
247 3779 392 3874 precatio,
413 3780 513 3860 lingua
533 3801 595 3840 non
609 3782 702 3841 anteit
713 3793 827 3861 pectus:
849 3783 956 3844 deinde
975 3801 1037 3842 uon
1058 3790 1192 3858 captatur

66 3851 120 3916 Dei
136 3859 230 3941 gratia
252 3857 333 3918 mani
352 3855 510 3917 verhorum
529 3857 616 3931 flexu,
635 3859 687 3918 sed
707 3858 804 3949 potius
823 3879 890 3920 suos
910 3855 1044 3930 aflectus,
1063 3875 1125 3914 non
1144 3876 1191 3917 sc-

68 3951 113 3991 eus
129 3955 162 3994 ac
181 3935 313 4016 sagittas,
334 3933 414 4012 pium
435 3953 489 3991 eor
508 3932 625 4006 emittit,
646 3935 695 4014 qni
707 3934 864 3995 mcoehun
876 3944 1041 4015 penetrent.
1067 3931 1191 3992 Interim

69 4007 212 4071 damnatur
233 4031 336 4069 eornm
356 4008 541 4088 superstitio,
574 4009 623 4086 qui
644 4009 742 4092 longis
761 4010 883 4072 susurris
903 4010 1000 4069 Deum
1020 4028 1051 4067 se
1070 4025 1191 4086 prome-

69 4085 120 4144 reri
138 4087 307 4147 confidunt:
328 4107 387 4166 quo
408 4105 510 4144 errore
529 4085 570 4144 sic
590 4085 734 4148 imbutum
753 4088 883 4149 ridemus
901 4105 965 4146 esse
985 4085 1026 4143 Pa
1050 4097 1139 4160 atum,
1158 4097 1191 4144 ut

70 4163 216 4244 praecipua
238 4161 382 4222 orationis
401 4163 492 4222 virtus
513 4160 572 4221 illic
592 4163 727 4222 credatur
746 4185 808 4224 esse
829 4163 998 4241 loquacitas.
1065 4183 1110 4220 am
1130 4183 1190 4241 quo

69 4237 181 4318 quisque
201 4237 269 4320 plus
290 4239 447 4298 verborum
468 4239 676 4314 demurmurat,
696 4261 733 4299 eo
746 4240 837 4320 magis
850 4247 986 4314 censetur
1004 4249 1102 4298 exacte
1122 4258 1191 4320 pre·

69 4323 140 4374 catus
159 4335 233 4376 esse.
273 4314 373 4396 Longi
390 4315 485 4376 ¹etiam
511 4311 674 4392 prolixique
702 4327 819 4388 cantus,
849 4313 931 4393 quasi
951 4313 1010 4374 Dei
1035 4335 1118 4376 aures
1138 4316 1189 4374 dc-

71 4389 223 4467 mulceant,
242 4389 356 4452 assidue
374 4400 515 4452 resonant
534 4389 565 4448 in
586 4409 689 4452 eorum
709 4391 834 4471 templis.
898 4392 901 4403 ‘
936 4467 956 4510 ᾔ

591 4623 680 4674 1ἰ
