2778 4838
160 219 218 286 tot
445 209 562 276 SECT.
582 213 648 276 XV.
686 189 778 276 iesus
799 173 841 274 ur
860 224 1041 276 nrscruuuu
1098 245 1102 264 ·

157 378 214 443 est,
233 366 271 428 de
290 363 469 446 Apostolum
488 363 631 427 disserere
651 363 785 426 Christus
804 363 926 444 incipit,
946 365 1027 428 cuius
1048 365 1175 448 dignitas
1197 381 1324 436 ornatur

160 442 270 523 duplici
282 441 429 504 encomio.
467 439 552 502 Dicit
562 440 640 502 euim
652 439 797 516 Christus,
811 441 968 526 Evangelii
978 443 1127 504 ministros
1138 443 1240 526 Regni
1254 468 1324 508 coe-

158 517 255 580 lorum
275 538 339 585 esse
359 517 442 598 quasi
461 517 617 592 ianitores,
636 507 705 598 quia
722 517 819 580 claves
840 517 900 578 eius
919 531 1049 600 gestent:
1076 521 1209 582 secundo
1231 523 1324 600 addit,

158 607 306 678 potestate
325 595 437 675 ligandi
456 606 487 654 et
505 593 637 654 solvendi
658 613 720 654 esse
740 594 899 674 praeditos,
919 616 994 674 quae
1009 597 1047 656 sit
1062 595 1093 656 iu
1104 596 1197 657 coelis
1210 598 1324 660 ellicus.

160 672 293 734 otmarus
310 671 470 731 similitudo
490 670 637 732 concinne
656 671 692 730 ad
714 669 839 731 docendi
859 692 963 730 munus
983 683 1119 752 aptatur,
1137 673 1226 734 sicuti
1247 677 1324 755 apud

158 749 268 809 Lucam
288 751 363 828 (11,
382 751 449 824 52.)
470 747 541 808 dicit
561 747 711 820 Christus,
737 747 855 808 Scribas
880 758 911 808 et
930 747 1119 824 Pharisaeos,
1144 751 1214 829 quia
1235 751 1323 835 Legis

159 837 245 886 erant
268 825 461 904 interpretes,
486 823 594 884 habere
618 824 752 884 similiter
771 824 880 885 clavem
898 825 985 906 regni
1005 825 1167 886 coelorum.
1209 827 1324 888 Scimus

159 902 249 972 euim,
268 921 330 962 nou
350 901 436 961 aliter
454 900 531 959 vitae
551 901 666 960 ianuam
687 900 773 960 nubis
793 900 900 980 aperiri
922 922 1007 981 quarn
1017 901 1077 962 Dei
1097 902 1202 964 verbo.
1235 905 1323 966 Unde

156 977 299 1056 sequitur,
319 978 380 1036 eius
400 977 538 1038 ministris
558 976 766 1038 clavem²velut
781 977 813 1036 in
828 998 946 1037 manum
957 979 1042 1038 tradi.
1083 979 1147 1054 Qui
1159 980 1257 1042 claves
1269 987 1321 1040 nu-

119 1101 123 1108 .
156 1073 241 1116 mero
262 1053 368 1146 plurali
389 1053 456 1114 ideo
478 1052 569 1121 dietas
583 1065 698 1134 putant,
719 1053 800 1133 quod
814 1053 967 1134 Apostolis
981 1075 1042 1114 nou
1054 1055 1210 1135 aperiendi
1222 1058 1323 1132 modo,

158 1130 316 1190 sedetiam
337 1129 493 1190 claudendi
512 1130 676 1192 iniunctum
695 1130 785 1190 fuerit
803 1131 985 1205 mandatum,
1006 1151 1068 1190 nou
1088 1131 1152 1192 siue
1173 1131 1324 1212 probabili

159 1205 261 1268 colore
282 1208 457 1286 loquuntur:
482 1206 506 1266 si
532 1206 597 1287 quis
616 1219 715 1266 mmen
733 1209 828 1268 miuus
848 1219 880 1268 at
903 1219 952 1288 ute
972 1207 1112 1288 accipiat,
1132 1206 1246 1269 fruatur
1262 1232 1320 1271 suo
1381 1222 1382 1283 l

156 1302 252 1344 sensu.
294 1282 471 1358 Quaeritur,
496 1304 599 1344 curse
618 1284 710 1344 Petro
731 1284 866 1344 datorem
918 1283 1033 1360 ominus
1052 1284 1217 1364 promittat,
1236 1287 1320 1364 quod
1381 1329 1382 1336 κ

157 1359 237 1439 prius
256 1359 333 1422 visum
353 1371 417 1418 erat
437 1359 549 1420 dedisse
570 1360 747 1442 Apostolum
772 1360 909 1422 creando.
943 1361 1061 1440 „Verum
1087 1361 1160 1422 baec
1185 1364 1318 1442 quaestio
1342 1417 1348 1440 ,

91 1471 96 1482 ·
158 1435 274 1500 decimo
295 1435 390 1516 capite
408 1435 505 1502 soluta
526 1435 597 1512 luit,
621 1435 673 1496 ubi
692 1437 764 1510 dixi,
789 1436 945 1498 duodecim
969 1436 1037 1498 illos
1061 1437 1148 1498 initio
1174 1439 1320 1500 nonnisi

128 1505 139 1534 s
157 1513 352 1592 temporarios
363 1511 451 1571 fuisse
463 1531 636 1594 praecones:
656 1513 697 1573 ita
716 1515 753 1575 ad
767 1513 916 1576 Christum
937 1513 1047 1574 reversi
1065 1514 1233 1574 vocationis
1253 1537 1320 1578 suaa

157 1611 273 1650 rursum
294 1588 495 1651 coniecerant
534 1590 695 1680 Postquam
715 1595 847 1650 autem'a
868 1591 990 1651 mortuis
1003 1591 1161 1651 resurrexit
1175 1591 1318 1668 Christis,

156 1676 228 1726 tunc
247 1675 412 1746 coeperunt
429 1667 543 1726 institui
563 1667 704 1726 ordinarii
720 1666 870 1728 Ecclesiae
887 1669 1041 1730 doctores:
1063 1667 1121 1727 hoc
1137 1687 1184 1728 res
1209 1680 1275 1727 ectu
1288 1669 1318 1728 in

157 1742 287 1802 loturum
306 1755 419 1820 tempus
440 1743 593 1803 confertur
613 1742 659 1803 hic
680 1744 786 1804 bonor.
829 1741 976 1827 (susq-sd
990 1743 1136 1820 masso.
1183 1689 1318 1805 becunda

156 1819 329 1898 metaphora
348 1816 395 1878 vel
415 1818 575 1878 similitudo
595 1819 717 1900 proprie
736 1821 773 1880 ad
794 1821 952 1881 notandam
968 1833 1159 1899 peccatorum
1172 1821 1319 1880 remissm-

155 1913 223 1954 nem
245 1896 330 1954 valet.
370 1892 502 1956 Christus
524 1896 617 1969 euim,
655 1919 708 1956 suo
729 1897 895 1979 Evangelio
915 1918 970 1958 uos
997 1896 1033 1956 ab
1055 1909 1196 1957 aeternae
1218 1900 1319 1958 mortis

155 1986 238 2032 ream
260 1972 405 2046 liberans,
443 1971 657 2032 maledictionis
682 1972 819 2052 laqueos,
880 1973 965 2033 uibus
995 1985 1131 2034 tenemur
1155 1973 1319 2048 constricti,

156 2048 252 2110 solvit.
291 2050 373 2132 Ergo
393 2048 549 2130 Evangelii
568 2049 730 2108 doctrinam
749 2071 765 2110 s
871 2055 892 2111 ‘s
915 2050 1022 2112 uostris
1042 2049 1168 2110 vinculis
1190 2051 1318 2111 destina-

155 2137 215 2184 tam
236 2146 298 2185 esse
318 2137 452 2198 testatur,
472 2138 588 2185 utvoce
609 2147 642 2188 ac
662 2127 833 2188 testimonio
854 2126 1007 2188 bominum
1026 2126 1057 2186 in
1077 2137 1156 2186 terra
1177 2125 1269 2186 soluti
1289 2149 1319 2188 re

154 2204 216 2292 ipsa
238 2203 324 2261 etiam
343 2202 374 2262 in
395 2202 481 2284 coelo
491 2201 647 2262 solvamur.
674 2203 735 2264 Sed
747 2204 815 2282 quia
836 2203 974 2284 permulti
993 2223 1056 2264 uon
1075 2203 1167 2264 modo
1189 2203 1330 2270 oblatam,

156 2277 362 2340 liberationem
381 2279 470 2358 impie
491 2293 644 2359 respuunt,
663 2282 715 2340 sed
734 2301 784 2340 sua
803 2277 988 2340 contumacia
1008 2281 1124 2360 gravius
1144 2279 1202 2338 sibi
1223 2302 1319 2341 arces-

100 2391 114 2402 -
155 2367 223 2415 suut
242 2355 395 2428 indicium,
424 2355 537 2432 ligandi
562 2357 649 2416 etiam
670 2356 790 2417 facultas
811 2379 845 2417 ac
864 2358 1032 2417 mandatum
1051 2356 1210 2437 Evangelii
1232 2357 1318 2418 mini-

154 2433 220 2492 stris
240 2433 333 2492 datur.
373 2435 551 2512 Quanquam
571 2435 734 2494 notandum
754 2447 813 2508 est,
833 2434 889 2494 hoc
909 2433 1074 2516 Evangelio
1095 2454 1160 2493 esse
1180 2433 1319 2494 acciden-

128 2535 131 2545 =
156 2509 224 2584 tale,
244 2521 274 2570 ct
294 2509 375 2589 quasi
395 2522 514 2591 praeter
533 2521 682 2570 naturam:
702 2510 787 2572 sicuti
803 2523 833 2571 et
845 2510 952 2570 Paulus
966 2509 1064 2583 docet,
1084 2531 1175 2590 quum
1196 2511 1233 2570 de
1253 2511 1319 2570 vin-

92 2599 99 2606 ·
155 2585 230 2646 dicta
251 2587 412 2662 disserens,
437 2607 524 2666 quam
542 2607 573 2648 se
593 2587 783 2668 inpromptu
803 2587 912 2647 habere
933 2586 1005 2646 dicit
1023 2599 1128 2649 contra
1147 2607 1252 2648 omnes
1272 2587 1319 2646 iu-

155 2652 290 2724 credulos
311 2675 342 2723 et
360 2663 497 2737 rebelles,
517 2663 661 2724 continuo
681 2676 749 2743 post
765 2664 909 2745 adiungit,
930 2663 992 2722 Ubi
1010 2663 1049 2722 im
1072 2664 1130 2723 leta
1150 2663 1243 2724 luerit
1262 2663 1320 2724 ob-

156 2742 284 2804 edientia
304 2751 399 2801 vestra
424 2741 480 2820 (11.
501 2739 575 2801 Cor.
595 2749 644 2816 1⁰,
663 2744 715 2817 u).
754 2740 818 2802 Nisi
844 2741 922 2800 enim
948 2759 999 2799 sua
1020 2685 1106 2830 culpa
1126 2741 1252 2830 reprobi
1270 2741 1318 2800 vi·
1382 2775 1383 2828 ἦ

154 2829 212 2876 tam
234 2817 263 2876 iu
285 2829 410 2876 mortem
427 2828 647 2894 converterent,
666 2817 861 2898 Evangeliuua
874 2815 1007 2897 potentia
1019 2817 1079 2878 Der
1091 2816 1230 2876 omnibus
1243 2829 1319 2878 esset
1382 2875 1383 2898 ,

154 2895 186 2953 in
205 2894 341 2954 salutem:
375 2893 442 2982 quia
463 2903 562 2952 tamen
582 2913 620 2953 eo
640 2893 741 2954 audito
761 2893 921 2956 multorum
946 2895 1081 2975 impietas
1100 2893 1197 2976 palam
1207 2916 1318 2956 erum-

113 3007 121 3016 ·
155 2991 228 3050 pens
249 2971 320 3029 iram
334 2970 393 3028 Der
413 2967 504 3049 magis
525 2982 678 3102 provocat,
697 2968 805 3030 talibus
820 2969 1004 3031 mortiterum
1026 2993 1088 3032 esse
1109 2971 1171 3032 eius
1190 2971 1319 3032 odorem

153 3057 274 3106 necesse
294 3058 346 3106 est
386 3045 506 3104 Summa
547 3064 598 3104 aec
619 3058 678 3120 est,
710 3049 790 3126 quod
818 3047 959 3108 certiores
983 3047 1108 3108 reddere
1132 3069 1202 3108 suos
1222 3047 1319 3109 voluit

155 3124 289 3186 Christus
314 3122 351 3180 de
376 3121 468 3182 salute
488 3119 544 3180 sibi
563 3119 594 3180 in
613 3123 776 3204 Evangelio
802 3124 959 3204 promissa,
997 3135 1031 3184 ut
1049 3143 1113 3184 eam
1136 3145 1200 3184 uon
1221 3125 1318 3185 miuus

153 3219 256 3259 secure
277 3209 462 3278 exspectent,
488 3200 616 3277 quamsi
636 3201 698 3280 ipse
717 3199 800 3261 testis
821 3220 837 3260 e
857 3199 943 3260 coelo
963 3199 1170 3260 descenderet:
1200 3221 1317 3262 rursum

153 3297 235 3350 vero,
255 3275 386 3336 incutere
406 3285 551 3336 terrorem
572 3277 843 3358 contemptoribus,
862 3297 900 3338 ne
919 3297 951 3336 se
970 3277 1091 3358 impune
1110 3276 1205 3336 Verbi
1227 3277 1316 3341 mini-

152 3353 219 3414 stris
250 3351 373 3412 illudere
405 3363 520 3432 puteut„
559 3353 696 3428 Quorum
728 3366 884 3434 utrumque
910 3353 995 3414 valde
1019 3353 1216 3414 necessarium
1247 3355 1316 3414 fuit:

153 3451 220 3490 nam
242 3428 309 3509 quia
330 3427 360 3486 in
379 3429 453 3488 vasis
473 3428 610 3492 fictilibus
630 3433 716 3491 nobis
735 3430 973 3510 incomparabilis
986 3429 1063 3490 vitae
1076 3429 1230 3490 thesaurus
1244 3451 1316 3511 pro-

152 3507 274 3588 ponitur
293 3505 349 3585 (11.
371 3505 443 3566 Cor.
459 3512 488 3580 1,
507 3509 565 3583 7.),
584 3508 640 3568 nisi
661 3509 718 3570 hoc
737 3507 828 3568 modo
848 3507 958 3567 sancita
978 3505 1080 3568 suisset
1098 3516 1239 3566 aeternae
1259 3508 1314 3566 do-

152 3583 265 3644 ctrinae
277 3583 446 3659 auctoritas,
463 3583 585 3673 singulis
595 3584 658 3646 fere
669 3583 825 3645 momentis
838 3582 1000 3644 labasceret
1011 3583 1072 3644 eius
1086 3582 1168 3644 fides.
1188 3583 1312 3642 Rursum

151 3673 210 3722 um
230 3663 379 3722 audacter
410 3673 577 3722 rotervmnt
595 3661 693 3742 impii,
720 3661 788 3740 quia
807 3659 961 3740 negotium
981 3657 1038 3720 sibi
1059 3681 1125 3719 cum
1146 3658 1314 3720 hominibus

151 3759 214 3798 esse
235 3749 348 3820 putant
403 3735 555 3799 renuntiat
565 3759 639 3820 ergo
654 3736 799 3816 Christus,
819 3735 953 3827 patelieri
972 3735 1130 3816 Evangelii
1149 3735 1316 3872 praeconio

151 3816 182 3874 in
204 3827 291 3892 terra,
311 3814 398 3894 quale
417 3814 545 3874 luturrum
565 3815 740 3875 siteoeleste
750 3813 810 3874 Dei
823 3812 973 3886 iudicium,
992 3833 1048 3872 nec
1068 3811 1147 3872 aliun
1171 3833 1189 3872 e
1208 3825 1315 3893 peteu-

151 3895 217 3953 dam
237 3911 299 3953 esse
318 3891 396 3952 vitae
416 3903 467 3951 aut
486 3892 588 3952 mortis
609 3892 830 3952 certitudinem
863 3891 988 3972 Magnus
1015 3888 1062 3948 hic
1086 3889 1202 3964 honor,
1234 3888 1315 3969 quod

150 3969 209 4029 Dei
229 3968 407 4048 interpretes
425 3989 523 4029 sumus
543 3969 579 4028 ad
599 3969 762 4028 testandam
787 3966 898 4026 mundo
918 3987 999 4038 suam
1018 3965 1151 4026 salutem.
1193 3966 1315 4026 Summa

149 4041 306 4127 Evangelii
324 4044 469 4120 maiestas,
488 4047 568 4123 quod
587 4056 705 4104 mutuae
720 4045 798 4104 inter
813 4043 912 4104 Deum
932 4043 967 4102 el
983 4042 1116 4102 homiues
1136 4042 1314 4112 reconcilia-

150 4121 240 4183 tionis
260 4121 369 4201 legatio
390 4141 452 4184 esse
468 4121 584 4182 dicitur.
604 4121 679 4180 blira
696 4121 824 4199 denique
835 4119 890 4200 piis
911 4118 1012 4180 animis
1032 4117 1213 4194 consolatio,
1234 4119 1314 4199 quod

149 4209 244 4256 ratum
270 4217 369 4258 coram
388 4199 457 4259 Deo
484 4217 546 4259 esse
572 4196 667 4259 sciunt
686 4197 805 4258 allatum
829 4195 886 4256 sibi
912 4195 949 4256 ab
971 4195 1173 4258 homuncione
1193 4194 1313 4258 mortali

151 4271 250 4332 salutis
270 4273 414 4334 nuntium.
462 4273 780 4350 intereasubsauueut
804 4272 912 4354 impii,
930 4284 964 4332 ut
987 4271 1125 4346 libuerit,
1157 4293 1235 4354 quae
1253 4271 1313 4332 Dei

149 4349 286 4410 uuumto
307 4349 493 4429 praedicatur
511 4351 690 4414 doctrinam:
710 4351 839 4414 sentient
849 4349 979 4426 taudem,
999 4368 1086 4430 quam
1099 4367 1170 4410 vere
1187 4348 1310 4412 acredo
