2766 4834
330 293 333 300 ’
401 311 551 390 (st-sa.
580 307 662 368 reso
680 308 837 388 enetos)
873 319 909 353 ··
961 331 967 340 ·
1124 315 1223 380 era.

41 467 171 544 celsum,
206 475 242 532 et
271 463 418 532 ostendit
444 461 493 530 illi
521 457 629 532 om'nia
650 475 749 551 regna
770 462 860 530 orbis
879 459 986 562 toriae
1007 468 1041 531 in
1061 467 1183 552 puncto

41 570 203 654 temporis.
238 569 273 632 o.
294 567 337 632 Et
359 569 407 630 ait
425 565 475 632 illi
497 565 660 644 diabolus,
678 564 754 631 'libi
778 564 866 632 dabo
887 577 1078 654 potestatem
1101 567 1184 634 haue
1248 587 1250 596 ’

40 675 222 735 universum
245 679 278 734 et
299 667 436 753 gloriam
458 649 698 753 illorum‚ipuia
719 665 795 732 mihi
817 655 1043 736 oadtta'sun't:
1064 680 1097 735 et
1119 656 1186 734 cuiss
1230 709 1232 717 ›
1282 682 1285 694 ·
1373 633 1374 706 ]

41 791 160 858 cunque
185 768 282 846 volo,
304 768 349 833 do
371 767 468 833 illam.
509 769 537 831 7.
560 769 613 832 'l'u
634 789 712 855 ergo
733 773 759 834 si
783 767 970 833 adoraveris
989 769 1184 855 provolutus

41 863 136 938 corath
166 891 245 948 me,
279 873 457 934 ertint‘tus
483 873 602 935 omnia
646 867 676 935 8.
704 870 746 933 Et
771 869 974 954 respondens
995 869 1086 934 lesus
1105 869 1184 936 dixit

41 973 88 1051 illi,
108 970 180 1036 ebt
206 983 284 1056 post
305 990 367 1045 rue,
390 969 518 1048 Satans,
539 974 691 1057 scriptum
715 980 763 1034 est
785 973 878 1048 enim,
900 968 1184 1052 AdorabisDorni-

41 1097 104 1138 num
132 1073 256 1136 Deum
283 1080 386 1147 tuum,
420 1081 452 1134 et
478 1069 569 1135 illum
597 1070 701 1136 solum
724 1067 823 1156 coles.
862 1074 900 1134 ,90
920 1071 961 1136 Et
983 1071 1071 1138 duxit
1090 1072 1182 1138 illurn

41 1171 314 1258 Hierosolymam,
336 1172 512 1256 statuitque
535 1192 607 1235 eum
630 1191 729 1258 super
750 1176 880 1258 pinnam
902 1171 1028 1258 templi:
1051 1185 1082 1244 et
1105 1174 1185 1240 dixit

41 1273 90 1350 illi,
108 1259 148 1340 Si
164 1271 277 1338 Filius
290 1271 357 1336 Itet
373 1293 425 1348 es,
447 1273 536 1334 mitte
558 1281 590 1335 te
612 1273 718 1358 ipsum
741 1263 816 1336 hinc
837 1272 997 1340 deorsum.
1028 1270 1080 1338 to:
1098 1271 1185 1348 Scri·v

41 1388 121 1460 ptum
142 1383 200 1439 est
223 1374 321 1450 enirn,
346 1369 436 1458 quod
456 1368 578 1456 angelis
599 1375 665 1436 suis
685 1371 852 1446 mandabit
873 1373 915 1436 de
936 1383 979 1450 te,
999 1383 1034 1438 ut
1053 1385 1186 1439 servent

42 1489 83 1541 te:
113 1477 172 1540 11.
195 1473 240 1538 Et
262 1472 354 1562 quod
376 1475 409 1537 in
431 1471 580 1536 manibus
600 1471 719 1538 tollent
741 1483 784 1548 te,
804 1493 847 1536 ne
868 1469 1029 1540 ollendas‘
1042 1472 1083 1537 ad
1105 1473 1185 1560 lapi-¹

43 1577 107 1642 dero
124 1573 257 1664 'pedem
279 1585 380 1640 tuurn.
424 1575 472 1638 12
498 1573 541 1639 Et
560 1572 765 1658 respondens
787 1571 865 1640 dixit
886 1573 949 1660 illi,
974 1572 1187 1664 Dictumesl,

44 1680 110 1744 lion
130 1673 288 1743 'tentabis
314 1674 492 1739 Dominum
519 1673 627 1740 Deum
652 1686 751 1741 tuum.
810 1677 860 1742 13.
895 1675 937 1740 Et
964 1688 1185 1743 eonsummata

45 1783 123 1846 omui
145 1777 342 1854 tentatione,
365 1773 517 1840 diabolus
536 1778 671 1845 recessit
692 1773 734 1841 ab
754 1795 798 1842 eo
819 1797 923 1866 usque
944 1777 985 1844 ad
1006 1785 1141 1866 tethpus.

107 1926 225 1988 htstth.
244 1931 273 1991 5.
316 1925 405 1984 Tune
423 1925 542 1982 ommi!
560 1921 699 1984 diabotus.
738 1925 808 1984 Non
828 1915 1081 2008 magnieinterest,
1101 1926 1183 2006 quod

46 2005 131 2064 Lucas
151 2003 288 2064 seeundo
309 2000 380 2060 loco
401 2001 595 2061 tentationem
616 2003 732 2076 recitat,
752 2023 827 2081 quae
847 2003 877 2061 in
893 2015 1071 2083 postremum
1083 2002 1182 2062 locum

46 2081 230 2140 allatthaeo
252 2077 404 2140 relicitur:
424 2098 519 2157 ueqne
539 2079 618 2138 enirn
638 2079 823 2159 propositum
844 2080 1039 2164 Evangelistis
1059 2079 1115 2138 fuit
1135 2080 1181 2154 bi,-

45 2159 149 2218 storiae
174 2157 259 2216 filum
286 2155 329 2213 sic
356 2165 530 2227 contexere,
561 2166 594 2213 ut
618 2155 761 2236 temporis
781 2157 926 2216 rationem
945 2175 1062 2237 semper
1081 2168 1183 2216 exacte

46 2245 210 2308 servarent,
240 2232 294 2292 sed
319 2252 417 2290 rerum
444 2253 566 2290 summes
587 2230 743 2313 colligere,
772 2244 805 2291 ut
824 2233 854 2291 in
874 2231 995 2311 speculo
1016 2232 1061 2294 vel
1082 2231 1182 2292 tabula
1277 2267 1286 2292 ·.

46 2321 262 2392 proponerent,
282 2328 358 2386 quae
380 2307 416 2366 de
429 2305 548 2366 Christo
568 2309 690 2368 maxime
710 2308 792 2367 utilia
812 2321 881 2368 sunt
899 2309 1032 2390 cognitu.
1061 2309 1182 2368 Tenere

48 2410 116 2470 ergo
136 2387 284 2458 sufficiat,
318 2383 468 2445 Christum
487 2383 581 2443 tribus
602 2385 696 2443 modis
716 2384 804 2443 fuisse
823 2396 978 2444 tentatum.
1017 2384 1109 2460 Quod
1129 2391 1182 2444 atr-

45 2479 101 2524 tem
118 2465 169 2525 rel
188 2461 352 2523 secundum
372 2459 419 2520 vel
440 2461 557 2520 tertium
578 2461 670 2520 fuerit
686 2471 853 2535 certamen,
881 2479 943 2518 nou
964 2472 1008 2520 est
1027 2483 1079 2521 cur
1099 2461 1182 2520 anxie

46 2543 220 2601 laboremus.
272 2539 309 2597 ln
333 2537 518 2617 expositione
540 2541 648 2617 'sequar
672 2536 814 2595 Matthaei
839 2546 1016 2595 contestmn.
1063 2535 1183 2595 Dicitur

48 2620 179 2681 Christro
204 2617 319 2677 locatus
343 2633 433 2704 super
480 2613 578 2673 innam
606 2611 717 2692 templi.
757 2612 922 2686 Quaeritur
946 2624 1060 2686 autem,
1092 2631 1129 2669 an
1149 2633 1182 2672 re

49 2697 55 2710 '
76 2719 105 2755 sa
127 2707 248 2756 erectus
268 2691 360 2752 suerit
380 2712 409 2748 tn
430 2713 442 2754 s
486 2691 564 2765 lime,
584 2709 621 2749 an
641 2709 714 2748 reru
733 2708 789 2768 per
807 2687 952 2748 visionem
973 2687 1002 2747 id
1016 2688 1124 2747 lachim
1135 2687 1183 2746 sit.

48 2719 185 2852 lllrrique
211 2767 406 2851 pertinaciter
429 2779 575 2838 asserunt,
606 2785 707 2824 verum
737 2777 767 2826 et
792 2764 900 2824 realem
927 2772 981 2844 (ut
999 2765 1183 2844 loquuntur)

48 2849 133 2908 luisse
153 2847 290 2928 corporis
311 2856 442 2924 raptum,
475 2844 543 2922 quia
565 2844 717 2925 indignum
739 2854 858 2922 putant,
884 2842 1033 2903 Christum
1055 2841 1185 2916 Satanae

50 2925 214 3008 praestigiis
239 2923 368 2983 reddere
393 2919 562 2980 obnoxium.
606 2919 699 3000 Atqui
719 2919 805 2994 facile
826 2917 947 2978 diluitur
964 2918 1018 2978 ista
1039 2919 1183 2994 obiectio,

49 3003 120 3061 nihil
139 3021 202 3062 esse
222 2997 341 3060 absurdi
363 2997 393 3056 in
405 2997 463 3058 Dei
476 2997 626 3077 ,permissu
645 3009 676 3056 et
688 2995 852 3056 voluntaria
864 2996 1186 3072 subiectionerristi,

50 3079 136 3138 modo
162 3099 201 3138 ne
228 3077 324 3150 intus,
357 3075 415 3134 hoc
440 3087 484 3134 est
508 3073 537 3133 iu
557 3084 659 3134 mente
678 3073 839 3148 stamma,
871 3073 1026 3154 quiequam
1047 3083 1182 3153 putemus

52 3177 161 3290 passum
188 3153 287 3214 luisse.
347 3152 388 3210 Et
411 3151 491 3230 quod
517 3164 619 3231 postea
645 3147 813 3226 subiicitur,
845 3150 875 3209 in
901 3161 1062 3285 conspectu
1086 3151 1183 3230 posita

70 3231 169 3294 'bristo
188 3231 277 3290 luisse
297 3227 396 3288 omnia
416 3248 509 3309 regna
528 3225 644 3287 mnndi:
665 3227 735 3285 item
755 3227 836 3318 quod
854 3227 959 3286 scribit
1004 3247 1086 3299 neas,
1106 3238 1183 3285 tem-

56 3309 128 3442 poris
153 3318 308 3368 momento
335 3304 439 3394 procul
466 3305 553 3364 luisse
576 3305 756 3376 traductum,
788 3303 895 3362 risioni
920 3304 1012 3384 magis
1032 3304 1183 3364 convenit.

71 3407 134 3445 nre
154 3398 253 3445 tamen
275 3381 381 3456 dubia,
413 3391 443 3442 et
463 3393 548 3460 quern
569 3380 679 3458 absque
699 3379 833 3459 periculo
853 3379 967 3439 nescire
988 3380 1071 3455 licet,
1102 3380 1182 3440 malo
1261 3447 1263 3454 p

57 3459 186 3522 iudicium
207 3457 404 3542 suspendere,
431 3478 516 3537 quarn
538 3456 733 3517 contentiosis
753 3457 897 3536 praebere
918 3455 1181 3538 litigandipansam,

56 3537 126 3598 l'ieri
146 3539 235 3599 etiam
255 3545 373 3617 potest,
390 3545 423 3592 ut
441 3535 569 3593 secunda
588 3532 713 3592 tentatio
734 3541 797 3592 nott
816 3533 855 3592 sit
874 3533 1018 3592 continuo
1040 3544 1098 3592 tem
1122 3533 1182 3594 oris

54 3613 178 3676 successu
199 3613 326 3694 primam
346 3621 483 3690 sequuta,
509 3633 564 3671 nee
583 3610 739 3671 secundam
758 3609 864 3684 tertia,
890 3610 942 3668 sed
963 3599 1073 3688 aliqriid
1094 3555 1184 3668 dicerit

55 3691 221 3766 distantiae,
240 3691 334 3780 idque
354 3687 445 3770 magis
486 3687 621 3748 robahile
642 3699 697 3746 est:
729 3707 893 3766 quanquam
914 3685 1064 3745 ex·verhis
1084 3686 1183 3744 Lucae

54 3767 172 3844 elicitur,
192 3787 256 3827 uon
276 3763 445 3824 interfuisse
465 3707 586 3846 longum
607 3763 742 3844 spatium,
761 3763 829 3852 quia
850 3763 922 3823 dicit
940 3759 1037 3824 datam
1058 3761 1094 3820 ad
1107 3773 1181 3820 tem-

54 3865 101 3922 pus
127 3845 257 3925 quietem
278 3841 369 3900 fuisse
391 3841 519 3900 Christo.
558 3841 717 3898 Hocveco
737 3860 812 3899 scire
833 3841 950 3898 adrem
969 3837 1091 3896 maxime
1134 3858 1182 3896 er-

54 3922 135 3996 tinet,
166 3921 237 4002 'quid
265 3916 429 3998 captaverit
453 3918 543 3976 Satan
569 3917 599 3976 iu
621 3915 679 3975 'hac
703 3916 876 3976 tentationis
901 3915 1016 3995 specie,
1047 3858 1131 3991 quod
1148 3934 1183 3974 ex

55 3997 158 4058 Christi
177 4015 327 4077 responso
348 3994 517 4053 discendum
539 4006 592 4067 est,
611 3992 695 4052 sicuti
716 3992 803 4072 paulo
824 4003 892 4052 ante
913 3990 1060 4050 admonui.
1093 3987 1183 4050 Chri·

52 4085 120 4150 stus,
151 4086 185 4135 ut
211 4073 305 4134 hostis
332 4069 454 4130 astutiae
480 4079 616 4129 occurrat
635 4069 838 4151 et'propulset
857 4068 917 4127 eins
938 4067 1095 4147 impetum,
1147 4089 1182 4128 ro

53 4151 150 4233 clypeo
171 4173 211 4233 op
237 4147 321 4220 ouit,
352 4165 413 4205 non
433 4146 606 4204 tentmdum
627 4167 689 4205 esse
703 4145 815 4205 'lleorn
853 4146 942 4222 Unde
963 4155 1100 4224 apparet,
1116 4089 1182 4204 'buc

50 4239 188 4308 spectasse
214 4171 316 4286 hostis
346 4221 480 4298 insidias,
518 4233 551 4280 ut
578 4243 610 4281 se
633 4235 751 4302 praeter
776 4223 880 4281 iustum
906 4222 1025 4280 modum
1042 4219 1199 4294 ‘efferens‘
1226 4249 1229 4256 ’

53 4319 148 4366 contra
175 4305 277 4366 Deum
305 4312 418 4362 temere
444 4299 524 4360 insor
547 4305 618 4358 eret'.
664 4299 747 4358 'rrius
775 4297 924 4359 Christum
945 4310 1065 4357 conatus
1086 4297 1183 4356 lucrat

51 4381 132 4443 Satan
159 4383 190 4443 in
219 4375 462 4460 desperationem
488 4319 620 4448 trabere,
650 4375 718 4455 quia
742 4375 821 4434 rictu
847 4385 876 4434 et
901 4373 1056 4433 ordinariis
1076 4372 1186 4455 mediis
1237 4403 1238 4408 κ

51 4459 277 4523 destituebatur:
299 4471 380 4514 nunc
400 4452 437 4512 sd
456 4454 575 4536 inanem
594 4463 624 4513 et
643 4463 794 4514 ventosam
813 4449 1022 4511 confidentiam
1043 4469 1107 4508 eum
1121 4447 1181 4506 sol-
