2764 4854
160 247 219 312 tot
383 239 501 306 SECT.
520 239 602 302 xttt
643 247 913 304 cnntsrx‘uassro
934 255 976 301 ss
997 257 1096 304 noas.

160 395 263 469 verba,
283 413 369 488 quam
390 395 503 458 excelsa
521 394 611 456 animi
632 393 807 456 lentitudine
826 395 976 476 praeditus
988 395 1078 456 luerit
1090 393 1243 472 Christus,
1264 397 1329 478 quia

160 475 203 534 sic
223 473 306 551 loqur
325 492 387 532 non
407 484 545 554 poterat,
567 471 623 532 nisi
643 484 815 534 constanter
833 485 864 533 et
882 473 1030 552 intrepide
1050 474 1088 534 ad
1108 488 1241 534 mortem
1263 497 1328 554 per-

160 562 260 634 geret:
280 548 333 609 sed
352 551 409 610 bue
428 550 587 630 praecipue
607 548 715 621 tendit,
734 570 766 610 se
785 548 817 608 in
836 548 888 610 illo
902 549 1030 610 deformi
1044 549 1236 630 sordidoque
1248 551 1329 610 babi-

160 643 195 688 tu
213 625 322 708 respici
347 639 446 687 tamen
466 645 482 687 a
502 627 587 700 Deo,
611 625 718 706 impios
741 646 830 701 vero,
856 626 905 706 qni
925 647 1005 686 nunc
1025 629 1108 706 quasi
1129 628 1265 688 victores
1283 651 1328 688 su-

160 701 255 786 perbe
280 701 477 785 triumphant,
501 723 564 764 non
588 702 639 762 din
663 703 782 764 insanae
812 702 939 764 laetitiae
967 703 1036 764 t'ore
1059 717 1241 792 compotes,
1267 707 1328 782 quia

161 778 253 863 paulo
278 792 515 917 posthsequctur
538 779 719 840 incredibilis
750 781 916 841 conversio.
956 780 1040 842 llaec
1065 781 1211 842 doctrina
1234 782 1328 843 *bodie

161 876 282 940 quoque
301 877 342 918 no
366 879 390 918 xs

399 857 548 994 lprodest,
572 856 640 916 dum
661 857 847 938 agnoscimus
869 856 1034 933 Christum,
1054 879 1118 919 non
1140 857 1218 920 idco
1239 859 1328 919 minos

161 955 261 996 carum
286 933 374 996 foisse
426 933 496 1008 atri,
522 933 590 1024 quia
611 933 647 993 ad
666 946 848 994 momentum
874 933 1028 995 destitutus
1051 935 1146 996 inerit
1166 935 1235 994 eius
1254 936 1330 995 anxi-

39 1045 42 1063 =
160 1009 220 1087 lio,
243 1011 296 1071 sed
320 1011 395 1072 tanti
420 1010 508 1070 luisse
532 1010 577 1070 stti
602 1008 726 1070 salutem
751 1023 898 1085 nostram,
917 1022 1006 1070 utne
1026 1009 1190 1094 unigenito
1214 1013 1330 1092 quidem

160 1100 306 1170 parceret.
346 1089 413 1148 Hoc
438 1099 535 1148 autem
561 1085 670 1168 insigni
703 1088 883 1147 documento
914 1087 1070 1167 patefecit,
1100 1109 1196 1168 quum
1229 1089 1330 1148 urbem

161 1176 301 1240 sanctam,
322 1175 352 1226 et
371 1163 423 1224 ubi
441 1164 561 1224 unicum
580 1161 747 1224 Sacrarium
767 1162 823 1225 sibi
843 1166 985 1245 elegerat,
1003 1165 1139 1225 sunditus
1158 1165 1279 1239 excidit,
1298 1187 1329 1226 ac

161 1241 291 1324 perdidit
308 1262 366 1302 una
386 1263 452 1302 curn
472 1241 586 1300 incolis.
624 1239 704 1300 Hinc
724 1241 760 1302 ad
779 1240 976 1301 meditandam
995 1241 1100 1301 mortis
1122 1232 1243 1302 Christi
1264 1265 1328 1303 can·

161 1339 222 1380 sam
242 1338 394 1400 assurgere
414 1319 571 1378 discamus:
591 1337 659 1377 nam
680 1337 767 1396 quurn
778 1315 860 1378 Deus
880 1317 958 1378 illam
978 1329 1038 1377 tam
1058 1339 1165 1379 severe
1189 1320 1268 1380 ultus
1287 1321 1330 1394 sit,

161 1415 311 1476 nunquam
332 1415 348 1455 a
367 1394 445 1457 sitio
465 1415 520 1456 suo
539 1393 618 1456 obiri
636 1401 743 1474 passus
755 1406 849 1470 esset,
867 1395 924 1455 nisi
943 1405 977 1454 ut
994 1413 1051 1476 pro
1070 1397 1181 1456 mnndi
1203 1398 1329 1476 peccatis

161 1485 240 1534 esset
258 1492 291 1533 ex
315 1473 395 1532 iatio.
1311 1515 1316 1522 -

187 1543 194 1554 ’
237 1493 311 1616 bap
327 1549 473 1632 (leoninus
497 1569 560 1609 ama
581 1551 699 1609 ment.
738 1547 905 1608 Denuntiat
928 1567 990 1608 non
1016 1547 1176 1630 vulgarem
1208 1549 1328 1628 cladem,

161 1625 214 1690 sed
233 1627 326 1688 diram
347 1639 377 1688 ct
396 1626 476 1720 prius
496 1625 655 1686 inauditam
676 1625 800 1700 instare,
820 1624 851 1684 in
872 1644 928 1703 qua
949 1623 1044 1704 palam
1066 1637 1214 1686 cernatur
1233 1630 1327 1690 divina

161 1703 252 1764 ultio:
274 1703 332 1765 acsi
352 1703 479 1777 dixisset,
498 1715 618 1786 gentem
638 1702 717 1762 illam
738 1723 800 1762 non
821 1721 881 1762 uno
902 1700 948 1760 sel
967 1701 1096 1782 simplici
1115 1703 1258 1766 interitus
1278 1728 1327 1798 ge·

161 1800 235 1841 nere
253 1779 439 1862 absumptum
459 1779 505 1853 iri,
524 1779 576 1840 sed
595 1777 752 1858 multiplici
771 1778 800 1840 iu
825 1778 934 1838 entium
952 1779 1101 1840 malorum
1115 1799 1177 1840 con
1202 1783 1265 1842 eric
1284 1807 1325 1842 rn-

159 1857 330 1932 recisuram,
355 1867 389 1916 ut
407 1855 500 1916 multo
520 1856 610 1915 satius
627 1855 666 1915 sit
688 1855 782 1916 monti
814 1877 834 1916 n
859 1855 950 1914 ruinis
974 1856 1122 1936 opprimi,
1150 1801 1200 1920 vii
1228 1859 1326 1920 absor-

160 1933 226 1994 beri
246 1945 343 1992 terrae
362 1931 519 2004 chasmate,
539 1951 625 2022 quam
645 1931 724 1992 inter
742 1951 844 1992 saevos
864 1932 993 1992 diuturni
1012 1933 1095 1995 exitii
1115 1937 1267 1997 cruciatus
1284 1949 1325 1996 ta-

160 2005 292 2070 bescere.
330 2009 395 2069 Nec
413 2028 486 2068 vero
505 2007 606 2068 irritae
625 2008 723 2067 minae
744 2008 924 2083 ceciderunt,
943 2009 994 2068 sed
1015 2009 1074 2072 boc
1094 2011 1322 2073 verbonrmsut-

159 2106 230 2148 men
249 2085 398 2166 superavit
416 2084 478 2167 ipsa
499 2096 619 2145 eventus
639 2085 789 2160 atrocitas,
830 2085 1053 2145 nemodmodum
1076 2090 1254 2170 cxlosepbo
1269 2111 1320 2169 pa-

160 2174 213 2224 tet
252 2164 349 2224 Porro
375 2183 465 2254 quum
489 2161 562 2222 istae
586 2161 646 2221 sint
668 2159 787 2222 ultimae
809 2105 1028 2244 desperationis
1053 2185 1166 2238 voces,
1183 2179 1284 2304 ggt'ppe
1303 2189 1322 2228 a

160 2241 312 2303 montibus
332 2237 460 2377 opprimi
480 2230 511 2299 el
529 2237 664 2299 sobolem
683 2237 870 2312 maledicere,
890 2237 933 2298 bis
953 2237 1050 2298 serbis
1063 2241 1173 2302 docuit

160 2339 298 2382 sensuros
317 2327 367 2378 tan
391 2337 437 2377 cm
457 2317 600 2389 ludaeos,
623 2335 687 2375 non
713 2337 778 2375 curn
800 2315 919 2376 bomine
939 2315 1073 2392 mortali,
1094 2320 1151 2380 sed
1171 2341 1237 2380 enm
1255 2321 1321 2381 Deo

160 2395 272 2460 bellum
291 2415 323 2457 sc
343 2392 474 2478 gessisse.
513 2393 558 2452 lta
569 2391 674 2452 iustam
693 2391 828 2474 sacrilegi
848 2391 956 2452 luroris
969 2394 1140 2456 mercedem
1154 2397 1324 2478 persolvunt

160 2471 222 2536 Dei
240 2473 355 2547 bostes,
379 2483 413 2532 ut
431 2471 538 2532 frustra
558 2469 620 2530 eius
639 2468 787 2529 vindictae
813 2479 920 2528 terram
946 2489 1003 2560 pro
1030 2470 1141 2554 clypeo
1170 2495 1322 2558 opponere

161 2549 295 2634 cupiant,
314 2549 364 2629 qui
380 2547 462 2646 prius
483 2545 598 2608 coelum
618 2545 712 2626 ipsum
732 2545 875 2624 impetere
895 2565 956 2605 aust
976 2557 1053 2606 suut

236 2633 285 2693 31.
322 2621 550 2686 stertentes.
589 2624 653 2684 ttae
677 2623 823 2682 sententia
847 2621 1002 2682 confirmat
1021 2623 1177 2704 Christus,
1205 2647 1263 2690 nec
1281 2629 1322 2688 in-

160 2704 252 2767 ultam
272 2703 338 2766 iore
357 2714 594 2775 monemsuam,
614 2719 670 2759 nec
690 2697 741 2759 diu
759 2709 887 2760 staturos
907 2698 1043 2775 ludaeos,
1062 2721 1194 2794 quorum
1215 2719 1324 2766 matura

159 2783 237 2858 iam,
260 2779 321 2841 imo
341 2779 531 2859 semiputrida
551 2787 614 2837 erat
633 2775 786 2855 iniquitas,
809 2796 843 2837 ac
864 2774 977 2868 vulgari
995 2775 1193 2840 similitudine
1219 2784 1324 2864 probat

161 2859 228 2920 lieri
246 2877 309 2919 non
329 2863 433 2938 posse,
452 2855 524 2948 quin
542 2853 604 2914 irae
624 2851 739 2916 divinae
758 2851 836 2933 ignis
854 2863 951 2912 statuo
971 2852 1037 2916 illos
1056 2854 1203 2917 incendio
1226 2881 1323 2920 corre·

160 2947 230 3018 ptos
250 2934 383 2995 devoret
422 2933 535 2993 Scimus
556 2930 668 3012 lignum
688 2929 800 3020 aridum
819 2929 917 2990 solere
936 2929 1016 3010 prius
1031 2931 1062 2991 in
1078 2933 1181 3024 ignens
1201 2937 1321 2996 coniici:

162 3011 268 3092 quodsi
286 3009 437 3072 bumidum
458 3020 488 3070 et
505 3007 599 3068 viride
620 3005 814 3080 comburstur,
834 3007 951 3068 tandem
966 3004 1060 3068 multo
1073 3030 1172 3070 nunus
1185 3025 1323 3092 parcetur

161 3087 257 3148 arido.
295 3086 393 3148 Porro
417 3085 542 3152 verbum
552 3085 679 3166 fociant
696 3081 850 3142 indefinite
871 3103 1019 3163 exponere
1039 3084 1127 3160 licet,
1148 3087 1210 3148 boc
1229 3111 1322 3164 sense

161 3165 275 3228 siantc
292 3175 409 3244 tempus
428 3163 464 3222 ad
484 3162 494 3221 i
538 3181 585 3222 em
604 3160 719 3240 rapitur
738 3159 850 3241 lignum
870 3160 974 3236 viride,
995 3160 1064 3240 quid
1083 3163 1167 3224 sicco
1189 3167 1321 3228 etretcri

112 3273 134 3318 s
161 3241 229 3304 lore
247 3240 379 3322 putatis?
402 3239 467 3299 Nisi
488 3181 566 3298 idi-m
586 3236 649 3317 quis
669 3235 752 3295 malit
770 3237 900 3296 conferri
921 3236 1056 3298 homines
1075 3258 1144 3300 cnm
1163 3240 1249 3320 Deo,
1267 3244 1323 3304 acsi

162 3316 280 3380 dixisset
299 3315 443 3392 Christus,
461 3314 569 3394 impiis,
589 3313 640 3393 qui
658 3312 766 3374 similes
785 3325 854 3372 sunt
872 3313 953 3374 arido
974 3312 1070 3396 ligno,
1089 3315 1144 3377 ubi
1162 3317 1259 3382 iustos
1279 3321 1325 3380 in-

161 3396 252 3488 digne
272 3395 470 3477 perdiderint,
495 3403 609 3484 paratas
634 3411 697 3451 esse
722 3391 800 3470 apud
818 3389 915 3450 Deum
939 3390 1017 3452 vices
1042 3413 1116 3452 suas.
1157 3395 1324 3470 Quomodo

162 3493 242 3536 cnnn
262 3471 318 3553 ipsi
337 3471 450 3554 pridem
470 3468 557 3530 exutio
582 3467 683 3529 devoti
709 3465 844 3528 coelestis
865 3468 972 3528 Iudicis
996 3489 1114 3529 manum
1141 3471 1326 3554 effugerent,

162 3549 214 3630 qui
233 3561 346 3610 nutum
365 3545 501 3610 licentiae
521 3547 590 3624 ipsis
609 3542 647 3604 ad
665 3557 780 3624 tempus
807 3556 910 3605 contra
930 3545 1027 3605 bonos
1047 3557 1079 3606 et
1096 3546 1232 3610 insontes
1251 3573 1326 3632 per.

161 3626 272 3689 mittit?
292 3625 413 3688 Utrovis
432 3634 529 3684 autem
547 3621 638 3682 modo
659 3621 794 3702 accipere
813 3620 914 3696 libeat,
932 3633 1108 3700 sunsmaest,
1127 3641 1325 3707 praepostero

162 3703 317 3772 lamentari
335 3702 483 3775 mulieres,
501 3699 558 3764 nisi
577 3696 660 3759 simul
681 3707 851 3778 exspectent
863 3717 897 3757 ac
912 3709 1046 3787 metuant
1058 3702 1219 3786 horribile,
1238 3709 1325 3786 quod

122 3801 127 3812 '
161 3782 312 3844 sceleratis
331 3777 497 3862 impendet,
522 3775 580 3836 Dei
605 3774 753 3836 iudicium.
792 3775 833 3834 Et
852 3785 968 3855 quotics
987 3777 1063 3837 ultra
1083 3781 1205 3841 modum
1233 3785 1326 3846 nobis

160 3859 285 3923 molesta
305 3869 349 3920 cst
369 3854 462 3918 crucis
482 3852 641 3926 acerbitas,
666 3852 723 3913 hoc
742 3849 848 3912 solatio
873 3849 1008 3936 mitigare
1029 3856 1187 3932 convenis,
1212 3859 1326 3940 Deum,

162 3935 214 4016 qui
233 3957 312 3996 nunc
337 3955 405 3995 suos
431 3930 537 3994 iniuste
557 3929 619 3990 affli
642 3927 650 3986 i
671 3929 796 4009 patitur,
815 3928 936 3988 minime
956 3930 1073 3991 tandem
1100 3952 1271 4012 passurum,
1292 3955 1325 4002 ot

161 4012 429 4151 {uertente
440 3949 1324 4162 :resciscunt“tussciescs

161 4173 207 4223 eat
227 4183 260 4222 ae
278 4164 372 4246 magis
390 4173 573 4237 consuetum,
593 4183 626 4220 ex
646 4161 729 4242 ligno
749 4161 832 4222 arido
853 4161 951 4240 potius
971 4179 1056 4239 quam
1075 4161 1200 4226 humido
1219 4117 1324 4251 ignaui

27 4290 34 4301 ,
160 4238 243 4309 lieri,
265 4239 347 4298 Deus
365 4249 464 4298 tamen
489 4238 635 4300 diversunt
656 4237 790 4320 ordinem
808 4236 964 4318 sequiturrs
981 4237 1064 4318 quia,
1083 4238 1154 4299 dum
1174 4247 1322 4332 tranquil.

161 4311 222 4370 loru
243 4313 335 4372 otium
355 4312 490 4392 reprobis
510 4315 659 4390 concedit,
678 4315 764 4378 uariis
784 4314 929 4376 aerumnis
948 4335 1015 4374 suos
1035 4325 1168 4390 exercet,
1188 4319 1260 4382 xdeo
1284 4345 1320 4383 ne

160 4387 297 4452 miserior
315 4399 359 4454 cst
378 4395 479 4452 eorum
501 4391 645 4470 conditio,
664 4391 689 4452 si
708 4411 743 4452 ex
763 4389 911 4474 praesenti
930 4389 1039 4454 intuitu
1050 4392 1232 4459 amtimetur.
1257 4343 1319 4462 iud
