2814 4846
193 209 267 274 ,soe
465 159 622 266 SESTIO
641 203 678 264 X.
718 204 812 286 tusus
833 219 876 264 er
896 204 1093 267 Puamsaer.
1218 185 1226 226 ⁸

250 361 354 446 (teob
395 359 568 428 ΜΑΤΤΗ.
588 361 657 426 Xll.
696 361 748 428 38.
770 361 866 428 Tunc
886 364 1169 462 interrogaverunt
1180 382 1256 430 eum
1279 367 1350 452 qui·

209 463 283 532 dam
306 457 331 530 e'
345 461 467 528 Scribis
486 485 525 528 ac
545 462 738 541 Pharisaeis,
769 461 930 542 dieentes,
955 463 1168 550 Praeceptor,
1194 462 1349 532 volumus

211 592 249 636 ex
269 579 302 634 te
323 569 446 652 signum
467 564 591 630 videre.
630 565 682 628 39.
709 565 753 630 At
772 562 831 629 ille
851 564 1056 650 respondens
1078 563 1156 628 dixit
1176 562 1259 645 illis,
1281 564 1351 633 Ge-

207 671 333 736 neratio
361 687 460 753 prava
488 673 522 729 et
553 662 700 729 adadtera
728 665 852 750 signum
879 666 1020 752 quaerit,
1056 674 1090 730 et
1119 667 1246 751 signnm
1278 689 1350 735 non

209 769 341 835 dabitur
359 765 425 844 illi,
456 767 519 830 nisi
544 767 668 849 signum
696 765 794 832 lonae
816 765 1011 851 Prophetae.
1051 763 1103 831 40.
1125 765 1349 852 Quemadmo-

208 871 284 936 dum
313 868 398 933 enim
425 865 485 930 fuit
511 866 607 932 Ionas
632 868 801 932 iuventte
828 869 891 931 ceti
911 864 1016 932 tribus
1043 863 1161 931 diebus
1183 887 1223 932 ae
1243 867 1348 934 tribus

206 967 367 1047 noctibus,
385 970 433 1037 sio
454 969 515 1033 erit
535 967 638 1034 Filius
659 966 797 1033 bominis
818 969 852 1032 in
875 966 975 1033 eorde
991 977 1098 1032 terrae
1111 965 1216 1034 tribus
1229 968 1348 1036 diebus

208 1082 241 1137 et
268 1069 371 1137 tribus
398 1067 561 1134 noctibus.
605 1069 656 1134 41.
683 1069 756 1131 Viri
782 1067 962 1146 Ninivitas,
995 1079 1128 1153 surgent
1160 1071 1195 1134 iu
1220 1070 1346 1138 iudicio

207 1195 278 1237 cum
291 1174 501 1258 generatione
514 1170 583 1250 hac,
602 1179 634 1236 et
646 1166 909 1234 condemnabunt
923 1189 1002 1247 eam,
1024 1170 1114 1257 quod
1125 1172 1186 1257 ipsi
1199 1173 1349 1256 resipue-

205 1277 272 1340 rint
293 1273 335 1338 ad
356 1271 632 1361 praedicationem
652 1271 768 1337 lonae:
798 1281 832 1334 et
859 1292 936 1335 ecce
959 1269 1033 1356 plus
1060 1293 1155 1358 quam
1175 1271 1270 1338 lonas
1293 1282 1348 1337 est

206 1377 270 1442 hoc
289 1373 375 1472 loco.
416 1373 468 1438 ‘42
502 1374 629 1458 Regina
650 1372 760 1436 Austri
786 1382 894 1456 surget
915 1375 948 1442 in
970 1370 1093 1437 iudicio
1112 1394 1188 1438 eum
1210 1392 1348 1456 genera·

205 1480 296 1543 tione
317 1475 387 1552 hac,
409 1484 442 1540 et
462 1472 692 1540 condemnabit
705 1496 785 1552 eam,
806 1473 896 1560 quod
907 1475 1034 1538 venerit
1055 1494 1073 1536 a
1094 1471 1217 1540 finibus
1237 1483 1346 1539 terrac

206 1577 250 1642 ad
271 1573 465 1642 audiendam
485 1577 675 1661 sapientiam
695 1573 895 1641 Salomonis:
921 1584 953 1639 et
975 1594 1051 1639 ecce
1073 1572 1146 1661 plus
1169 1596 1267 1662 mam
1286 1574 1345 1640 Sa·

205 1677 317 1744 lomon
341 1686 390 1740 est
408 1679 443 1740 in
465 1673 634 1741 hocloco.
1188 1684 1192 1693 “

289 1804 391 1875 LUC.
411 1804 467 1872 Xl.
508 1807 558 1874 16.
583 1807 627 1874 Et
653 1807 708 1876 alii
728 1818 889 1875 tentantes
909 1811 1033 1896 signum
1055 1807 1097 1874 de
1125 1807 1224 1876 coelo
1247 1831 1346 1897 quae-

204 1907 320 1976 rebant
342 1907 384 1974 ab
407 1929 457 1974 eo.
476 1907 602 1990 (Paulo
622 1914 724 1998 poet.)
765 1913 815 1977 29.
843 1909 964 1976 Turbis
986 1921 1090 1977 autem
1112 1909 1345 1976 condensanti-

203 2011 267 2078 bus
288 2032 339 2089 se,
366 2014 475 2097 coepit
497 2010 620 2090 dicere,
647 2011 747 2078 Natio
769 2011 850 2077 baec
870 2010 954 2078 mala
976 2002 1039 2092 est,
1061 2015 1185 2098 signnm
1209 2013 1346 2098 quaerit,

205 2123 239 2178 ot
267 2115 391 2198 signum
422 2133 491 2178 non
522 2111 651 2178 dabitur
677 2115 724 2191 ei,
765 2117 829 2179 nisi
859 2117 983 2198 signum
1013 2114 1114 2180 lonae
1146 2112 1343 2198 Pmphetae.

203 2213 255 2279 30.
275 2214 359 2278 Nam
380 2213 462 2277 sieut
483 2211 544 2278 luit
565 2213 660 2278 lonas
682 2215 805 2298 signum
826 2215 992 2291 Ninivitis,
1027 2216 1072 2278 ita
1100 2216 1161 2279 erit
1184 2223 1218 2278 et
1238 2213 1344 2279 Filius

203 2313 344 2382 bominis
373 2315 498 2379 nationi
525 2313 607 2378 huic
653 2315 704 2380 31.
730 2315 857 2400 Regina
882 2317 993 2380 Austri
1020 2325 1130 2401 surget
1154 2315 1190 2379 in
1217 2313 1342 2382 iudicio

204 2435 275 2480 cum
295 2415 375 2479 viris
393 2416 535 2481 nationis
556 2414 664 2494 huius,
691 2427 723 2480 et
746 2415 977 2482 condemnabit
995 2415 1087 2495 ill'os,
1112 2417 1189 2503 quia
1209 2419 1300 2482 venit
1323 2439 1343 2482 a

90 2559 93 2572 ·
202 2513 325 2581 finibus
344 2525 465 2594 terrae,
486 2526 522 2582 ut
544 2516 670 2582 audiret
690 2518 877 2603 sapientiam
892 2515 1090 2582 Salomonis:
1111 2526 1143 2582 et
1164 2538 1243 2583 ecce
1265 2518 1342 2604 plus
1386 2509 1389 2520 .

203 2638 300 2705 qnam
322 2613 477 2682 Salomon
501 2619 535 2682 in
565 2617 629 2683 boc
654 2617 739 2684 loco.
782 2619 832 2682 32.
865 2617 938 2682 Viri
959 2619 1125 2683 Ninivitas
1150 2630 1284 2705 surgent
1304 2623 1342 2684 in

201 2717 325 2784 iudicio
351 2739 422 2782 cum
447 2717 579 2784 natione
610 2717 684 2796 bac,
717 2729 750 2784 et
780 2717 1045 2786 condemnabunt
1072 2741 1158 2800 eam,
1187 2723 1266 2806 quia
1296 2719 1342 2785 ad

201 2818 433 2905 poenitentiam
455 2816 584 2882 adducti
606 2829 680 2884 sunt
698 2819 943 2903 praedicatione
963 2822 1079 2888 Ionae:
1109 2831 1141 2886 et
1164 2842 1243 2886 ecee
1262 2820 1340 2907 plus

202 2939 297 3004 quarn
317 2918 413 2982 Ionas
434 2919 469 2983 in
490 2915 659 2984 hocloco.

279 3099 350 3160 Luc.
370 3105 417 3165 16.
454 3099 524 3160 Alit
547 3115 684 3162 tentantes
707 3105 822 3179 siguum
845 3103 1028 3240 qpmrebunt.
1068 3105 1171 3166 Simile
1196 3104 1339 3186 quiddam

201 3176 309 3236 iterum
328 3177 421 3266 refert
436 3177 600 3240 Matthaeus
620 3179 716 3259 capite
736 3187 782 3246 16.
803 3191 834 3240 et
903 3179 968 3242 rcus
988 3204 1020 3242 ca
1043 3183 1083 3243 ite
1102 3187 1130 3249 8.
1170 3183 1261 3244 Unde
1281 3204 1339 3264 ap-

201 3265 287 3388 paret
306 3253 454 3314 Cbrrstum
472 3254 587 3334 saepius
607 3255 661 3316 bac
682 3258 770 3317 dere
791 3257 879 3318 fuisse
904 3203 1137 3338 intermistum,
1167 3272 1202 3318 ut
1220 3259 1338 3320 nullum

224 3349 291 3390 nem
310 3328 414 3391 habuit
433 3352 535 3391 eorum
554 3331 744 3412 improbitas,
764 3335 815 3415 qui
833 3335 923 3396 semel
942 3348 1106 3397 statuerant
1123 3335 1244 3398 veritati
1261 3337 1337 3398 resi-

200 3417 287 3468 stere.
327 3405 451 3467 Certum
471 3419 515 3468 est
534 3421 642 3486 autem,
661 3410 684 3471 si
707 3432 775 3470 num
797 3431 847 3471 eos
868 3423 971 3493 petere
1006 3425 1070 3473 nts
1094 3412 1226 3474 eciosum
1247 3435 1336 3495 prae-

199 3494 309 3572 textum
336 3482 443 3545 babeat
468 3488 572 3547 eorunt
596 3431 800 3563 incredulitas,
829 3489 910 3569 quod
935 3489 1048 3550 scilcet
1072 3435 1183 3552 issisti
1216 3491 1335 3552 vocatio

199 3558 329 3696 leptime
349 3582 412 3620 non
431 3563 469 3622 sit
487 3561 651 3644 obsignata.
690 3563 795 3643 Neque
816 3565 895 3626 enim
915 3587 950 3626 ea
966 3579 1010 3628 est
1021 3567 1166 3641 docilitas,
1185 3577 1220 3626 ut
1238 3568 1338 3630 tribus

198 3658 234 3697 ve
267 3648 393 3717 quatuor
417 3639 563 3700 miraculis
589 3640 697 3700 cessuri
717 3641 790 3717 sint,
808 3643 927 3702 medum
949 3653 981 3702 ut
1000 3665 1090 3702 unum
1109 3643 1249 3704 sufficiat:
1280 3647 1337 3706 sed

199 3713 445 3794 quemadmodum
464 3736 560 3796 nuper
578 3716 679 3798 attigi,
709 3717 773 3777 hoc'
788 3718 890 3780 colore
910 3732 1048 3783 excusant
1071 3742 1103 3781 se
1123 3721 1213 3780 fidem
1232 3721 1338 3783 Evan-

197 3791 277 3928 pqelio
298 3812 359 3850 non
380 3791 500 3866 babere,
519 3794 587 3873 quia
605 3793 718 3854 nullum
738 3793 798 3859 eius
815 3795 942 3878 sigillum
954 3817 971 3858 e
984 3796 1070 3870 coelo
1084 3797 1219 3860 Christus
1230 3812 1338 3860 osten-

219 3879 257 3930 at.
294 3867 436 3928 Miracula
455 3869 513 3929 iam
531 3871 599 3930 satis
618 3868 709 3930 multa
729 3883 759 3932 et
779 3873 856 3933 clara
866 3874 998 3935 ediderat
1016 3886 1084 3934 ante
1104 3873 1237 3954 ipsorum
1259 3897 1337 3938 ocu-

97 3941 100 3950 ’
197 3942 253 4017 los,
272 3963 374 4003 verum
394 3947 476 4024 quasi
494 3967 557 4006 nou
568 3948 685 4008 valeant
702 3948 738 4008 ad
757 3949 911 4010 doctrinae
922 3949 1189 4026 confirmationem,
1211 3953 1338 4034 aliquod

198 4039 215 4078 e
241 4019 326 4078 coelo
345 4022 472 4154 prodire
496 4022 615 4099 volunt,
645 4023 677 4083 in
702 4045 761 4105 quo
785 4025 907 4088 visibilis
929 4027 1156 4108 quodammodo
1189 4041 1336 4110 appareat

196 4093 289 4154 Deus.
327 4097 500 4179 bagistrum
521 4101 640 4179 quidem
665 4100 792 4162 salutant
816 4125 850 4163 ex
869 4125 968 4179 more,
1000 4105 1068 4182 quia
1088 4118 1159 4166 tuuc
1179 4106 1221 4166 ita
1241 4127 1335 4168 voca·
1386 4105 1389 4126 ⁴

174 4225 176 4228 .
197 4169 271 4228 bant
291 4191 392 4233 omnes
411 4175 529 4237 Scribas
550 4188 580 4236 et
598 4174 898 4270 Legisinterpretes,
917 4183 969 4240 sed
984 4179 1166 4262 Prophetam
1186 4183 1249 4243 Dei
1269 4203 1335 4244 non
1388 4183 1389 4194 ¹

197 4260 371 4324 agnoscunt,
391 4249 487 4312 donec
506 4253 705 4315 testirnonrum
726 4275 742 4314 e
762 4256 850 4317 coelo
868 4259 1021 4348 producat.
1061 4257 1171 4320 Sensus
1183 4279 1259 4341 ergo
1272 4273 1334 4322 est:

197 4323 316 4398 quando
342 4337 372 4386 te
396 4329 544 4405 profiteris
569 4331 722 4396 doctorem
749 4355 783 4396 ac
806 4345 994 4424 magistrum,
1029 4335 1054 4397 si
1078 4355 1133 4397 nos
1153 4336 1266 4398 babere
1288 4336 1333 4398 vis
