<?xml version="1.0" encoding="UTF-8"?>
<!DOCTYPE html PUBLIC "-//W3C//DTD XHTML 1.0 Transitional//EN"
    "http://www.w3.org/TR/xhtml1/DTD/xhtml1-transitional.dtd">
<html xmlns="http://www.w3.org/1999/xhtml" xml:lang="en" lang="en">
 <head>
  <title>
</title>
<meta http-equiv="Content-Type" content="text/html;charset=utf-8" />
  <meta name='ocr-system' content='tesseract 3.04.00' />
  <meta name='ocr-capabilities' content='ocr_page ocr_carea ocr_par ocr_line ocrx_word'/>
</head>
<body>
  <div class='ocr_page' id='page_1' title='image "./innovumtestamen00calvgoog_0732.png"; bbox 0 0 2764 4854; ppageno 0'>
   <div class='ocr_carea' id='block_1_1' title="bbox 358 236 1211 356">
    <p class='ocr_par' dir='ltr' id='par_1_1' title="bbox 358 236 1211 356">
     <span class='ocr_line' id='line_1_1' title="bbox 358 236 1211 356; baseline 0.084 -67"><span class='ocrx_word' id='word_1_1' title='bbox 358 245 439 324; x_wconf 77' lang='lat'>(⁶205.</span> <span class='ocrx_word' id='word_1_2' title='bbox 477 241 584 304; x_wconf 85' lang='lat' dir='ltr'>Petrus</span> <span class='ocrx_word' id='word_1_3' title='bbox 605 240 702 303; x_wconf 88' lang='lat' dir='ltr'>lesum</span> <span class='ocrx_word' id='word_1_4' title='bbox 723 236 876 326; x_wconf 63' lang='lat' dir='ltr'>abnegat)</span> <span class='ocrx_word' id='word_1_5' title='bbox 1152 251 1211 356; x_wconf 61' lang='lat' dir='ltr'>iffi</span> 
     </span>
    </p>
   </div>
   <div class='ocr_carea' id='block_1_2' title="bbox 46 394 1223 762">
    <p class='ocr_par' dir='ltr' id='par_1_2' title="bbox 46 394 1223 762">
     <span class='ocr_line' id='line_1_2' title="bbox 48 394 1223 480; baseline 0.005 -24"><span class='ocrx_word' id='word_1_6' title='bbox 48 411 106 474; x_wconf 83' lang='lat' dir='ltr'>est,</span> <span class='ocrx_word' id='word_1_7' title='bbox 135 399 219 478; x_wconf 81' lang='lat' dir='ltr'>quod</span> <span class='ocrx_word' id='word_1_8' title='bbox 235 396 357 475; x_wconf 87' lang='lat' dir='ltr'>Petrus,</span> <span class='ocrx_word' id='word_1_9' title='bbox 382 405 537 476; x_wconf 92' lang='lat' dir='ltr'>postquam</span> <span class='ocrx_word' id='word_1_10' title='bbox 557 394 682 474; x_wconf 80' lang='lat' dir='ltr'>simplici</span> <span class='ocrx_word' id='word_1_11' title='bbox 702 395 901 478; x_wconf 73' lang='lat' dir='ltr'>abnegatione</span> <span class='ocrx_word' id='word_1_12' title='bbox 920 395 999 472; x_wconf 85' lang='lat' dir='ltr'>elabi</span> <span class='ocrx_word' id='word_1_13' title='bbox 1018 417 1081 458; x_wconf 93' lang='lat' dir='ltr'>non</span> <span class='ocrx_word' id='word_1_14' title='bbox 1100 401 1223 480; x_wconf 80' lang='lat' dir='ltr'>potuit,&#39;</span> 
     </span>
     <span class='ocr_line' id='line_1_3' title="bbox 48 471 1207 554; baseline 0.004 -20"><span class='ocrx_word' id='word_1_15' title='bbox 48 477 90 535; x_wconf 94' lang='lat' dir='ltr'>int</span> <span class='ocrx_word' id='word_1_16' title='bbox 145 473 222 535; x_wconf 86' lang='lat' dir='ltr'>nsito</span> <span class='ocrx_word' id='word_1_17' title='bbox 243 473 432 534; x_wconf 87' lang='lat' dir='ltr'>iureiurando</span> <span class='ocrx_word' id='word_1_18' title='bbox 453 473 565 532; x_wconf 84' lang='lat' dir='ltr'>crimen</span> <span class='ocrx_word' id='word_1_19' title='bbox 586 471 728 552; x_wconf 75' lang='lat' dir='ltr'>duplicat:</span> <span class='ocrx_word' id='word_1_20' title='bbox 749 473 838 552; x_wconf 89' lang='lat' dir='ltr'>paulo</span> <span class='ocrx_word' id='word_1_21' title='bbox 848 484 918 553; x_wconf 94' lang='lat' dir='ltr'>post</span> <span class='ocrx_word' id='word_1_22' title='bbox 928 474 1027 547; x_wconf 90' lang='lat' dir='ltr'>etiam,</span> <span class='ocrx_word' id='word_1_23' title='bbox 1047 497 1136 554; x_wconf 89' lang='lat' dir='ltr'>quum</span> <span class='ocrx_word' id='word_1_24' title='bbox 1156 499 1207 539; x_wconf 81' lang='lat' dir='ltr'>ve-</span> 
     </span>
     <span class='ocr_line' id='line_1_4' title="bbox 46 549 1207 633; baseline 0 -21"><span class='ocrx_word' id='word_1_25' title='bbox 46 553 82 612; x_wconf 90' lang='lat' dir='ltr'>he</span> <span class='ocrx_word' id='word_1_26' title='bbox 114 549 209 611; x_wconf 89' lang='lat' dir='ltr'>entius</span> <span class='ocrx_word' id='word_1_27' title='bbox 228 563 366 633; x_wconf 88' lang='lat' dir='ltr'>urgetur,</span> <span class='ocrx_word' id='word_1_28' title='bbox 397 571 428 610; x_wconf 89' lang='lat' dir='ltr'>us</span> <span class='ocrx_word' id='word_1_29' title='bbox 451 569 488 610; x_wconf 92' lang='lat' dir='ltr'>ue</span> <span class='ocrx_word' id='word_1_30' title='bbox 508 550 544 610; x_wconf 89' lang='lat' dir='ltr'>ad</span> <span class='ocrx_word' id='word_1_31' title='bbox 565 549 795 610; x_wconf 80' lang='lat' dir='ltr'>exsecrationem</span> <span class='ocrx_word' id='word_1_32' title='bbox 815 549 974 611; x_wconf 87' lang='lat' dir='ltr'>deseendit</span> <span class='ocrx_word' id='word_1_33' title='bbox 1012 552 1102 612; x_wconf 87' lang='lat' dir='ltr'>Unde</span> <span class='ocrx_word' id='word_1_34' title='bbox 1122 553 1207 614; x_wconf 91' lang='lat' dir='ltr'>colli-</span> 
     </span>
     <span class='ocr_line' id='line_1_5' title="bbox 46 570 1207 762; baseline 0.003 -75"><span class='ocrx_word' id='word_1_35' title='bbox 46 629 156 722; x_wconf 70' lang='lat' dir='ltr'>gimus²</span> <span class='ocrx_word' id='word_1_36' title='bbox 176 639 342 720; x_wconf 35' lang='lat' dir='ltr'>&#39;postquam</span> <span class='ocrx_word' id='word_1_37' title='bbox 362 570 454 688; x_wconf 74' lang='lat' dir='ltr'>aemil</span> <span class='ocrx_word' id='word_1_38' title='bbox 474 623 581 686; x_wconf 83' lang='lat' dir='ltr'>excidit</span> <span class='ocrx_word' id='word_1_39' title='bbox 595 637 754 762; x_wconf 83' lang='lat' dir='ltr'>peccator,</span> <span class='ocrx_word' id='word_1_40' title='bbox 783 627 815 685; x_wconf 92' lang='lat' dir='ltr'>in</span> <span class='ocrx_word' id='word_1_41' title='bbox 836 626 963 688; x_wconf 90' lang='lat' dir='ltr'>deterius</span> <span class='ocrx_word' id='word_1_42' title='bbox 983 627 1108 688; x_wconf 80' lang='lat' dir='ltr'>subinde</span> <span class='ocrx_word' id='word_1_43' title='bbox 1127 631 1207 711; x_wconf 85' lang='lat' dir='ltr'>rapi:</span> 
     </span>
    </p>
   </div>
   <div class='ocr_carea' id='block_1_3' title="bbox 37 701 1208 2776">
    <p class='ocr_par' dir='ltr' id='par_1_3' title="bbox 37 701 1208 2776">
     <span class='ocr_line' id='line_1_6' title="bbox 45 701 1207 796; baseline 0 -30"><span class='ocrx_word' id='word_1_44' title='bbox 45 717 85 766; x_wconf 79' lang='grc' dir='ltr'>ιιι</span> <span class='ocrx_word' id='word_1_45' title='bbox 104 725 155 796; x_wconf 81' lang='lat' dir='ltr'>qur</span> <span class='ocrx_word' id='word_1_46' title='bbox 175 705 321 784; x_wconf 87' lang='lat' dir='ltr'>rncrpiunt</span> <span class='ocrx_word' id='word_1_47' title='bbox 340 723 357 766; x_wconf 84' lang='lat' dir='ltr'>a</span> <span class='ocrx_word' id='word_1_48' title='bbox 376 701 574 764; x_wconf 87' lang='lat' dir='ltr'>mediocribus</span> <span class='ocrx_word' id='word_1_49' title='bbox 615 701 725 776; x_wconf 86' lang='lat' dir='ltr'>elietis,</span> <span class='ocrx_word' id='word_1_50' title='bbox 744 703 920 783; x_wconf 83' lang='lat' dir='ltr'>praecipites</span> <span class='ocrx_word' id='word_1_51' title='bbox 939 703 1047 765; x_wconf 88' lang='lat' dir='ltr'>deinde</span> <span class='ocrx_word' id='word_1_52' title='bbox 1066 717 1156 766; x_wconf 85' lang='lat' dir='ltr'>munt</span> <span class='ocrx_word' id='word_1_53' title='bbox 1175 708 1207 766; x_wconf 92' lang='lat' dir='ltr'>in</span> 
     </span>
     <span class='ocr_line' id='line_1_7' title="bbox 44 778 1207 872; baseline 0.002 -30"><span class='ocrx_word' id='word_1_54' title='bbox 44 781 211 842; x_wconf 73' lang='lat' dir='ltr'>foedissima</span> <span class='ocrx_word' id='word_1_55' title='bbox 230 780 352 856; x_wconf 89' lang='lat' dir='ltr'>seelera,</span> <span class='ocrx_word' id='word_1_56' title='bbox 372 799 447 860; x_wconf 89' lang='lat' dir='ltr'>quae</span> <span class='ocrx_word' id='word_1_57' title='bbox 466 779 564 860; x_wconf 89' lang='lat' dir='ltr'>primo</span> <span class='ocrx_word' id='word_1_58' title='bbox 585 778 810 840; x_wconf 80' lang='lat' dir='ltr'>exhorruissent.</span> <span class='ocrx_word' id='word_1_59' title='bbox 849 781 949 872; x_wconf 82' lang='lat' dir='ltr'>Atque</span> <span class='ocrx_word' id='word_1_60' title='bbox 970 781 1041 842; x_wconf 86' lang='lat' dir='ltr'>baec</span> <span class='ocrx_word' id='word_1_61' title='bbox 1060 781 1135 842; x_wconf 91' lang='lat' dir='ltr'>iusta</span> <span class='ocrx_word' id='word_1_62' title='bbox 1147 784 1207 844; x_wconf 91' lang='lat' dir='ltr'>Dei</span> 
     </span>
     <span class='ocr_line' id='line_1_8' title="bbox 44 854 1208 937; baseline 0.002 -19"><span class='ocrx_word' id='word_1_63' title='bbox 44 858 172 918; x_wconf 86' lang='lat' dir='ltr'>vindicta</span> <span class='ocrx_word' id='word_1_64' title='bbox 193 868 247 931; x_wconf 89' lang='lat' dir='ltr'>est,</span> <span class='ocrx_word' id='word_1_65' title='bbox 266 878 301 917; x_wconf 86' lang='lat' dir='ltr'>ex</span> <span class='ocrx_word' id='word_1_66' title='bbox 321 877 381 937; x_wconf 92' lang='lat' dir='ltr'>quo</span> <span class='ocrx_word' id='word_1_67' title='bbox 401 877 456 917; x_wconf 90' lang='lat' dir='ltr'>nos</span> <span class='ocrx_word' id='word_1_68' title='bbox 476 855 603 935; x_wconf 87' lang='lat' dir='ltr'>Spiritus</span> <span class='ocrx_word' id='word_1_69' title='bbox 623 854 716 915; x_wconf 88' lang='lat' dir='ltr'>saneti</span> <span class='ocrx_word' id='word_1_70' title='bbox 736 855 843 917; x_wconf 86' lang='lat' dir='ltr'>auxilio</span> <span class='ocrx_word' id='word_1_71' title='bbox 863 877 1025 936; x_wconf 76' lang='lat' dir='ltr'>privamur,</span> <span class='ocrx_word' id='word_1_72' title='bbox 1044 859 1208 920; x_wconf 85' lang='lat' dir='ltr'>violentum</span> 
     </span>
     <span class='ocr_line' id='line_1_9' title="bbox 44 931 1206 1014; baseline 0.002 -20"><span class='ocrx_word' id='word_1_73' title='bbox 44 935 74 995; x_wconf 94' lang='lat' dir='ltr'>in</span> <span class='ocrx_word' id='word_1_74' title='bbox 94 955 150 995; x_wconf 92' lang='lat' dir='ltr'>nos</span> <span class='ocrx_word' id='word_1_75' title='bbox 170 933 324 1014; x_wconf 89' lang='lat' dir='ltr'>imperium</span> <span class='ocrx_word' id='word_1_76' title='bbox 344 934 463 994; x_wconf 91' lang='lat' dir='ltr'>tandem</span> <span class='ocrx_word' id='word_1_77' title='bbox 482 933 611 992; x_wconf 76' lang='lat' dir='ltr'>Satanae</span> <span class='ocrx_word' id='word_1_78' title='bbox 631 931 820 1011; x_wconf 81' lang='lat' dir='ltr'>permittere,</span> <span class='ocrx_word' id='word_1_79' title='bbox 850 943 882 992; x_wconf 90' lang='lat' dir='ltr'>ut</span> <span class='ocrx_word' id='word_1_80' title='bbox 904 934 961 995; x_wconf 87' lang='lat' dir='ltr'>sibi</span> <span class='ocrx_word' id='word_1_81' title='bbox 987 955 1105 1014; x_wconf 88' lang='lat' dir='ltr'>prorsus</span> <span class='ocrx_word' id='word_1_82' title='bbox 1124 937 1206 998; x_wconf 91' lang='lat' dir='ltr'>addi-</span> 
     </span>
     <span class='ocr_line' id='line_1_10' title="bbox 46 1007 1208 1099; baseline 0.003 -27"><span class='ocrx_word' id='word_1_83' title='bbox 46 1023 108 1072; x_wconf 89' lang='lat' dir='ltr'>ctos</span> <span class='ocrx_word' id='word_1_84' title='bbox 128 1022 159 1070; x_wconf 91' lang='lat' dir='ltr'>et</span> <span class='ocrx_word' id='word_1_85' title='bbox 177 1011 358 1090; x_wconf 87' lang='lat' dir='ltr'>mancipatos</span> <span class='ocrx_word' id='word_1_86' title='bbox 379 1012 436 1070; x_wconf 87' lang='lat' dir='ltr'>hnc</span> <span class='ocrx_word' id='word_1_87' title='bbox 455 1021 486 1070; x_wconf 88' lang='lat' dir='ltr'>et</span> <span class='ocrx_word' id='word_1_88' title='bbox 505 1008 575 1069; x_wconf 89' lang='lat' dir='ltr'>illuc</span> <span class='ocrx_word' id='word_1_89' title='bbox 594 1007 741 1099; x_wconf 85' lang='lat' dir='ltr'>proiiciat.</span> <span class='ocrx_word' id='word_1_90' title='bbox 779 1009 814 1072; x_wconf 94' lang='lat' dir='ltr'>ld</span> <span class='ocrx_word' id='word_1_91' title='bbox 834 1030 905 1070; x_wconf 83' lang='lat' dir='ltr'>vero</span> <span class='ocrx_word' id='word_1_92' title='bbox 918 1012 1076 1092; x_wconf 81' lang='lat' dir='ltr'>praecipue</span> <span class='ocrx_word' id='word_1_93' title='bbox 1089 1013 1119 1072; x_wconf 91' lang='lat' dir='ltr'>in</span> <span class='ocrx_word' id='word_1_94' title='bbox 1139 1014 1208 1077; x_wconf 90' lang='lat' dir='ltr'>lidei</span> 
     </span>
     <span class='ocr_line' id='line_1_11' title="bbox 44 1084 1206 1170; baseline 0.003 -23"><span class='ocrx_word' id='word_1_95' title='bbox 44 1085 242 1169; x_wconf 79' lang='lat' dir='ltr'>abnegatione</span> <span class='ocrx_word' id='word_1_96' title='bbox 266 1087 429 1170; x_wconf 85' lang='lat' dir='ltr'>contingit:</span> <span class='ocrx_word' id='word_1_97' title='bbox 469 1085 537 1167; x_wconf 90' lang='lat' dir='ltr'>quia</span> <span class='ocrx_word' id='word_1_98' title='bbox 561 1084 613 1145; x_wconf 89' lang='lat' dir='ltr'>ubr</span> <span class='ocrx_word' id='word_1_99' title='bbox 683 1085 706 1144; x_wconf 92' lang='lat' dir='ltr'>is</span> <span class='ocrx_word' id='word_1_100' title='bbox 729 1097 809 1146; x_wconf 90' lang='lat' dir='ltr'>metu</span> <span class='ocrx_word' id='word_1_101' title='bbox 836 1087 929 1148; x_wconf 82' lang='lat' dir='ltr'>crucis</span> <span class='ocrx_word' id='word_1_102' title='bbox 953 1088 1113 1148; x_wconf 86' lang='lat' dir='ltr'>dellexita</span> <span class='ocrx_word' id='word_1_103' title='bbox 1155 1113 1206 1152; x_wconf 86' lang='lat' dir='ltr'>ura</span> 
     </span>
     <span class='ocr_line' id='line_1_12' title="bbox 44 1111 1208 1247; baseline 0.003 -23"><span class='ocrx_word' id='word_1_104' title='bbox 44 1163 197 1247; x_wconf 81' lang='lat' dir='ltr'>Evangelii</span> <span class='ocrx_word' id='word_1_105' title='bbox 216 1163 417 1244; x_wconf 77' lang='lat' dir='ltr'>professione,</span> <span class='ocrx_word' id='word_1_106' title='bbox 445 1163 470 1222; x_wconf 91' lang='lat' dir='ltr'>si</span> <span class='ocrx_word' id='word_1_107' title='bbox 494 1161 628 1223; x_wconf 90' lang='lat' dir='ltr'>nondum</span> <span class='ocrx_word' id='word_1_108' title='bbox 679 1163 789 1222; x_wconf 88' lang='lat' dir='ltr'>ostibus</span> <span class='ocrx_word' id='word_1_109' title='bbox 813 1163 993 1227; x_wconf 83' lang='lat' dir='ltr'>satisfactum</span> <span class='ocrx_word' id='word_1_110' title='bbox 1018 1185 1080 1226; x_wconf 89' lang='lat' dir='ltr'>esse</span> <span class='ocrx_word' id='word_1_111' title='bbox 1099 1111 1208 1246; x_wconf 74' lang='lat' dir='ltr'>vileat,</span> 
     </span>
     <span class='ocr_line' id='line_1_13' title="bbox 46 1238 1207 1321; baseline 0.004 -21"><span class='ocrx_word' id='word_1_112' title='bbox 46 1240 122 1300; x_wconf 86' lang='lat' dir='ltr'>ultra</span> <span class='ocrx_word' id='word_1_113' title='bbox 140 1241 346 1321; x_wconf 87' lang='lat' dir='ltr'>progreditur:</span> <span class='ocrx_word' id='word_1_114' title='bbox 377 1251 409 1301; x_wconf 89' lang='lat' dir='ltr'>et</span> <span class='ocrx_word' id='word_1_115' title='bbox 447 1240 509 1299; x_wconf 91' lang='lat' dir='ltr'>uod</span> <span class='ocrx_word' id='word_1_116' title='bbox 528 1257 590 1298; x_wconf 89' lang='lat' dir='ltr'>non</span> <span class='ocrx_word' id='word_1_117' title='bbox 611 1259 695 1299; x_wconf 86' lang='lat' dir='ltr'>ausus</span> <span class='ocrx_word' id='word_1_118' title='bbox 715 1238 812 1300; x_wconf 85' lang='lat' dir='ltr'>iuerat</span> <span class='ocrx_word' id='word_1_119' title='bbox 834 1261 909 1320; x_wconf 88' lang='lat' dir='ltr'>pure</span> <span class='ocrx_word' id='word_1_120' title='bbox 929 1240 1032 1316; x_wconf 82' lang='lat' dir='ltr'>lateri,</span> <span class='ocrx_word' id='word_1_121' title='bbox 1058 1242 1122 1304; x_wconf 91' lang='lat' dir='ltr'>sine</span> <span class='ocrx_word' id='word_1_122' title='bbox 1141 1244 1207 1306; x_wconf 84' lang='lat' dir='ltr'>ullis</span> 
     </span>
     <span class='ocr_line' id='line_1_14' title="bbox 44 1261 1208 1398; baseline 0.003 -22"><span class='ocrx_word' id='word_1_123' title='bbox 44 1318 106 1378; x_wconf 88' lang='lat' dir='ltr'>inte</span> <span class='ocrx_word' id='word_1_124' title='bbox 130 1317 255 1377; x_wconf 88' lang='lat' dir='ltr'>umentis</span> <span class='ocrx_word' id='word_1_125' title='bbox 274 1337 394 1397; x_wconf 88' lang='lat' dir='ltr'>prorsus</span> <span class='ocrx_word' id='word_1_126' title='bbox 415 1261 538 1378; x_wconf 76' lang='lat' dir='ltr'>alsiurat</span> <span class='ocrx_word' id='word_1_127' title='bbox 576 1315 696 1375; x_wconf 85' lang='lat' dir='ltr'>Deinde</span> <span class='ocrx_word' id='word_1_128' title='bbox 712 1315 899 1396; x_wconf 87' lang='lat' dir='ltr'>hocquoque</span> <span class='ocrx_word' id='word_1_129' title='bbox 918 1317 1134 1379; x_wconf 85' lang='lat' dir='ltr'>observandum</span> <span class='ocrx_word' id='word_1_130' title='bbox 1154 1333 1208 1398; x_wconf 84' lang='lat' dir='ltr'>est,</span> 
     </span>
     <span class='ocr_line' id='line_1_15' title="bbox 44 1337 1207 1477; baseline 0.002 -23"><span class='ocrx_word' id='word_1_131' title='bbox 44 1337 129 1474; x_wconf 67' lang='lat' dir='ltr'>quoi</span> <span class='ocrx_word' id='word_1_132' title='bbox 145 1415 206 1455; x_wconf 89' lang='lat' dir='ltr'>uno</span> <span class='ocrx_word' id='word_1_133' title='bbox 226 1392 290 1454; x_wconf 83' lang='lat' dir='ltr'>iere</span> <span class='ocrx_word' id='word_1_134' title='bbox 309 1395 452 1474; x_wconf 91' lang='lat' dir='ltr'>temporis</span> <span class='ocrx_word' id='word_1_135' title='bbox 471 1403 583 1472; x_wconf 90' lang='lat' dir='ltr'>puncto</span> <span class='ocrx_word' id='word_1_136' title='bbox 603 1402 650 1451; x_wconf 89' lang='lat' dir='ltr'>ter</span> <span class='ocrx_word' id='word_1_137' title='bbox 669 1390 774 1452; x_wconf 88' lang='lat' dir='ltr'>Petrus</span> <span class='ocrx_word' id='word_1_138' title='bbox 794 1393 950 1454; x_wconf 84' lang='lat' dir='ltr'>defecerit:</span> <span class='ocrx_word' id='word_1_139' title='bbox 978 1395 1046 1474; x_wconf 89' lang='lat' dir='ltr'>quia</span> <span class='ocrx_word' id='word_1_140' title='bbox 1065 1396 1133 1456; x_wconf 90' lang='lat' dir='ltr'>hinc</span> <span class='ocrx_word' id='word_1_141' title='bbox 1153 1417 1207 1477; x_wconf 91' lang='lat' dir='ltr'>ap-</span> 
     </span>
     <span class='ocr_line' id='line_1_16' title="bbox 64 1465 1208 1551; baseline 0.003 -20"><span class='ocrx_word' id='word_1_142' title='bbox 64 1483 144 1545; x_wconf 87' lang='lat' dir='ltr'>aret,</span> <span class='ocrx_word' id='word_1_143' title='bbox 176 1491 261 1550; x_wconf 89' lang='lat' dir='ltr'>quam</span> <span class='ocrx_word' id='word_1_144' title='bbox 288 1467 394 1531; x_wconf 85' lang='lat' dir='ltr'>lubrici</span> <span class='ocrx_word' id='word_1_145' title='bbox 421 1481 452 1530; x_wconf 88' lang='lat' dir='ltr'>et</span> <span class='ocrx_word' id='word_1_146' title='bbox 471 1465 618 1548; x_wconf 82' lang='lat' dir='ltr'>proclives</span> <span class='ocrx_word' id='word_1_147' title='bbox 637 1467 725 1528; x_wconf 88' lang='lat' dir='ltr'>simus</span> <span class='ocrx_word' id='word_1_148' title='bbox 751 1469 787 1529; x_wconf 88' lang='lat' dir='ltr'>ad</span> <span class='ocrx_word' id='word_1_149' title='bbox 804 1469 986 1546; x_wconf 88' lang='lat' dir='ltr'>cadendum,</span> <span class='ocrx_word' id='word_1_150' title='bbox 1017 1473 1132 1551; x_wconf 87' lang='lat' dir='ltr'>quoties</span> <span class='ocrx_word' id='word_1_151' title='bbox 1152 1494 1208 1536; x_wconf 91' lang='lat' dir='ltr'>nos</span> 
     </span>
     <span class='ocr_line' id='line_1_17' title="bbox 43 1493 1207 1627; baseline 0.002 -19"><span class='ocrx_word' id='word_1_152' title='bbox 43 1493 137 1608; x_wconf 62' lang='lat' dir='ltr'>haten</span> <span class='ocrx_word' id='word_1_153' title='bbox 156 1547 291 1627; x_wconf 80' lang='lat' dir='ltr'>impellit</span> <span class='ocrx_word' id='word_1_154' title='bbox 331 1547 422 1610; x_wconf 85' lang='lat' dir='ltr'>Certe</span> <span class='ocrx_word' id='word_1_155' title='bbox 442 1545 538 1606; x_wconf 89' lang='lat' dir='ltr'>nullus</span> <span class='ocrx_word' id='word_1_156' title='bbox 558 1545 615 1622; x_wconf 79' lang='lat' dir='ltr'>erit</span> <span class='ocrx_word' id='word_1_157' title='bbox 634 1543 758 1605; x_wconf 90' lang='lat' dir='ltr'>cadendi</span> <span class='ocrx_word' id='word_1_158' title='bbox 777 1546 896 1622; x_wconf 88' lang='lat' dir='ltr'>modus,</span> <span class='ocrx_word' id='word_1_159' title='bbox 915 1546 972 1608; x_wconf 89' lang='lat' dir='ltr'>nisi</span> <span class='ocrx_word' id='word_1_160' title='bbox 990 1547 1138 1610; x_wconf 86' lang='lat' dir='ltr'>Dominus</span> <span class='ocrx_word' id='word_1_161' title='bbox 1158 1571 1207 1610; x_wconf 88' lang='lat' dir='ltr'>ex-</span> 
     </span>
     <span class='ocr_line' id='line_1_18' title="bbox 42 1619 1208 1706; baseline 0.003 -22"><span class='ocrx_word' id='word_1_162' title='bbox 42 1637 125 1685; x_wconf 87' lang='lat' dir='ltr'>tenta</span> <span class='ocrx_word' id='word_1_163' title='bbox 143 1645 233 1684; x_wconf 90' lang='lat' dir='ltr'>manu</span> <span class='ocrx_word' id='word_1_164' title='bbox 252 1643 307 1684; x_wconf 91' lang='lat' dir='ltr'>nos</span> <span class='ocrx_word' id='word_1_165' title='bbox 326 1625 480 1684; x_wconf 81' lang='lat' dir='ltr'>retineat&#39;</span> <span class='ocrx_word' id='word_1_166' title='bbox 501 1621 662 1701; x_wconf 88' lang='lat' dir='ltr'>Postquam</span> <span class='ocrx_word' id='word_1_167' title='bbox 681 1621 712 1681; x_wconf 91' lang='lat' dir='ltr'>in</span> <span class='ocrx_word' id='word_1_168' title='bbox 732 1619 825 1684; x_wconf 89' lang='lat' dir='ltr'>Petro</span> <span class='ocrx_word' id='word_1_169' title='bbox 845 1623 1001 1687; x_wconf 82' lang='lat' dir='ltr'>exstinctus</span> <span class='ocrx_word' id='word_1_170' title='bbox 1021 1625 1077 1684; x_wconf 91' lang='lat' dir='ltr'>suit</span> <span class='ocrx_word' id='word_1_171' title='bbox 1096 1623 1208 1706; x_wconf 76' lang='lat' dir='ltr'>gratiae</span> 
     </span>
     <span class='ocr_line' id='line_1_19' title="bbox 43 1696 1208 1783; baseline 0.003 -23"><span class='ocrx_word' id='word_1_172' title='bbox 43 1701 171 1782; x_wconf 84' lang='lat' dir='ltr'>Spiritus</span> <span class='ocrx_word' id='word_1_173' title='bbox 190 1700 219 1758; x_wconf 88' lang='lat' dir='ltr'>vi</span> <span class='ocrx_word' id='word_1_174' title='bbox 242 1719 292 1774; x_wconf 94' lang='lat' dir='ltr'>or,</span> <span class='ocrx_word' id='word_1_175' title='bbox 312 1701 487 1780; x_wconf 88' lang='lat' dir='ltr'>utquisque</span> <span class='ocrx_word' id='word_1_176' title='bbox 506 1698 539 1758; x_wconf 93' lang='lat' dir='ltr'>in</span> <span class='ocrx_word' id='word_1_177' title='bbox 558 1718 626 1759; x_wconf 87' lang='lat' dir='ltr'>eum</span> <span class='ocrx_word' id='word_1_178' title='bbox 644 1697 779 1759; x_wconf 88' lang='lat' dir='ltr'>incidens</span> <span class='ocrx_word' id='word_1_179' title='bbox 798 1701 836 1760; x_wconf 87' lang='lat' dir='ltr'>de</span> <span class='ocrx_word' id='word_1_180' title='bbox 855 1696 976 1762; x_wconf 91' lang='lat' dir='ltr'>Christo</span> <span class='ocrx_word' id='word_1_181' title='bbox 997 1714 1145 1783; x_wconf 83' lang='lat' dir='ltr'>rogasset,</span> <span class='ocrx_word' id='word_1_182' title='bbox 1170 1705 1208 1764; x_wconf 90' lang='lat' dir='ltr'>ad</span> 
     </span>
     <span class='ocr_line' id='line_1_20' title="bbox 41 1720 1207 1858; baseline 0.002 -20"><span class='ocrx_word' id='word_1_183' title='bbox 41 1789 161 1838; x_wconf 84' lang='lat' dir='ltr'>centurn</span> <span class='ocrx_word' id='word_1_184' title='bbox 181 1720 241 1838; x_wconf 59' lang='lat' dir='ltr'>vaf</span> <span class='ocrx_word' id='word_1_185' title='bbox 247 1777 327 1838; x_wconf 88' lang='lat' dir='ltr'>mille</span> <span class='ocrx_word' id='word_1_186' title='bbox 347 1776 559 1858; x_wconf 88' lang='lat' dir='ltr'>abnegationes</span> <span class='ocrx_word' id='word_1_187' title='bbox 578 1773 679 1835; x_wconf 84' lang='lat' dir='ltr'>luisset</span> <span class='ocrx_word' id='word_1_188' title='bbox 698 1787 824 1856; x_wconf 79' lang='lat' dir='ltr'>paratus.</span> <span class='ocrx_word' id='word_1_189' title='bbox 853 1776 1030 1858; x_wconf 89' lang='lat' dir='ltr'>Quanquam</span> <span class='ocrx_word' id='word_1_190' title='bbox 1050 1799 1082 1840; x_wconf 90' lang='lat' dir='ltr'>er</span> <span class='ocrx_word' id='word_1_191' title='bbox 1105 1799 1123 1838; x_wconf 94' lang='lat' dir='ltr'>o</span> <span class='ocrx_word' id='word_1_192' title='bbox 1143 1791 1207 1840; x_wconf 89' lang='lat' dir='ltr'>tur-</span> 
     </span>
     <span class='ocr_line' id='line_1_21' title="bbox 62 1799 1208 1949; baseline 0.003 -35"><span class='ocrx_word' id='word_1_193' title='bbox 62 1853 191 1916; x_wconf 87' lang='lat' dir='ltr'>issimum</span> <span class='ocrx_word' id='word_1_194' title='bbox 209 1853 252 1914; x_wconf 92' lang='lat' dir='ltr'>illi</span> <span class='ocrx_word' id='word_1_195' title='bbox 272 1853 331 1914; x_wconf 84' lang='lat' dir='ltr'>fnit</span> <span class='ocrx_word' id='word_1_196' title='bbox 348 1865 394 1914; x_wconf 92' lang='lat' dir='ltr'>ter</span> <span class='ocrx_word' id='word_1_197' title='bbox 413 1852 535 1929; x_wconf 89' lang='lat' dir='ltr'>cadere,</span> <span class='ocrx_word' id='word_1_198' title='bbox 563 1851 711 1913; x_wconf 87' lang='lat' dir='ltr'>Dominus</span> <span class='ocrx_word' id='word_1_199' title='bbox 730 1864 829 1914; x_wconf 69' lang='lat' dir='ltr'>nmen</span> <span class='ocrx_word' id='word_1_200' title='bbox 848 1853 891 1912; x_wconf 94' lang='lat' dir='ltr'>illi</span> <span class='ocrx_word' id='word_1_201' title='bbox 932 1855 1060 1935; x_wconf 90' lang='lat' dir='ltr'>epercit,</span> <span class='ocrx_word' id='word_1_202' title='bbox 1083 1799 1208 1949; x_wconf 73' lang='lat' dir='ltr'>iinguas</span> 
     </span>
     <span class='ocr_line' id='line_1_22' title="bbox 40 1875 1189 2021; baseline 0 -30"><span class='ocrx_word' id='word_1_203' title='bbox 40 1877 171 1994; x_wconf 80' lang='lat' dir='ltr'>hostium</span> <span class='ocrx_word' id='word_1_204' title='bbox 191 1931 351 2005; x_wconf 87' lang='lat' dir='ltr'>cohibens,</span> <span class='ocrx_word' id='word_1_205' title='bbox 376 1949 414 1992; x_wconf 93' lang='lat' dir='ltr'>ne</span> <span class='ocrx_word' id='word_1_206' title='bbox 434 1931 533 2021; x_wconf 87' lang='lat' dir='ltr'>plures</span> <span class='ocrx_word' id='word_1_207' title='bbox 553 1927 675 1990; x_wconf 88' lang='lat' dir='ltr'>insultus</span> <span class='ocrx_word' id='word_1_208' title='bbox 693 1941 858 1990; x_wconf 85' lang='lat' dir='ltr'>moverent.</span> <span class='ocrx_word' id='word_1_209' title='bbox 897 1875 929 1991; x_wconf 54' lang='lat' dir='ltr'>C</span> <span class='ocrx_word' id='word_1_210' title='bbox 1181 1933 1189 1948; x_wconf 77' lang='lat'><strong>⁹</strong></span> 
     </span>
     <span class='ocr_line' id='line_1_23' title="bbox 41 2007 1207 2088; baseline 0.003 -20"><span class='ocrx_word' id='word_1_211' title='bbox 41 2009 183 2068; x_wconf 88' lang='lat' dir='ltr'>Satanam</span> <span class='ocrx_word' id='word_1_212' title='bbox 201 2008 237 2068; x_wconf 86' lang='lat' dir='ltr'>ab</span> <span class='ocrx_word' id='word_1_213' title='bbox 258 2007 322 2088; x_wconf 90' lang='lat' dir='ltr'>ipso</span> <span class='ocrx_word' id='word_1_214' title='bbox 343 2008 453 2068; x_wconf 85' lang='lat' dir='ltr'>irenam</span> <span class='ocrx_word' id='word_1_215' title='bbox 472 2027 593 2068; x_wconf 88' lang='lat' dir='ltr'>necesse</span> <span class='ocrx_word' id='word_1_216' title='bbox 613 2016 672 2082; x_wconf 89' lang='lat' dir='ltr'>cst,</span> <span class='ocrx_word' id='word_1_217' title='bbox 690 2027 730 2066; x_wconf 90' lang='lat' dir='ltr'>ne</span> <span class='ocrx_word' id='word_1_218' title='bbox 751 2007 912 2068; x_wconf 88' lang='lat' dir='ltr'>innumeris</span> <span class='ocrx_word' id='word_1_219' title='bbox 925 2009 1083 2070; x_wconf 88' lang='lat' dir='ltr'>tentationi</span> <span class='ocrx_word' id='word_1_220' title='bbox 1107 2032 1207 2071; x_wconf 79' lang='lat' dir='ltr'>nonos</span> 
     </span>
     <span class='ocr_line' id='line_1_24' title="bbox 40 2082 1206 2164; baseline 0.003 -20"><span class='ocrx_word' id='word_1_221' title='bbox 40 2085 159 2145; x_wconf 86' lang='lat' dir='ltr'>obruat</span> <span class='ocrx_word' id='word_1_222' title='bbox 197 2084 261 2147; x_wconf 87' lang='lat' dir='ltr'>Etsi</span> <span class='ocrx_word' id='word_1_223' title='bbox 281 2084 359 2144; x_wconf 91' lang='lat' dir='ltr'>enim</span> <span class='ocrx_word' id='word_1_224' title='bbox 379 2083 476 2144; x_wconf 89' lang='lat' dir='ltr'>multis</span> <span class='ocrx_word' id='word_1_225' title='bbox 494 2083 636 2144; x_wconf 91' lang='lat' dir='ltr'>machinis</span> <span class='ocrx_word' id='word_1_226' title='bbox 655 2103 709 2144; x_wconf 90' lang='lat' dir='ltr'>nos</span> <span class='ocrx_word' id='word_1_227' title='bbox 730 2082 873 2164; x_wconf 91' lang='lat' dir='ltr'>impetere</span> <span class='ocrx_word' id='word_1_228' title='bbox 891 2104 953 2144; x_wconf 90' lang='lat' dir='ltr'>non</span> <span class='ocrx_word' id='word_1_229' title='bbox 965 2098 1067 2160; x_wconf 89' lang='lat' dir='ltr'>cessat,</span> <span class='ocrx_word' id='word_1_230' title='bbox 1087 2087 1142 2146; x_wconf 90' lang='lat' dir='ltr'>nisi</span> <span class='ocrx_word' id='word_1_231' title='bbox 1161 2099 1206 2148; x_wconf 89' lang='lat' dir='ltr'>ta-</span> 
     </span>
     <span class='ocr_line' id='line_1_25' title="bbox 40 2159 1208 2250; baseline 0.001 -28"><span class='ocrx_word' id='word_1_232' title='bbox 40 2183 111 2222; x_wconf 90' lang='lat' dir='ltr'>men</span> <span class='ocrx_word' id='word_1_233' title='bbox 129 2161 292 2232; x_wconf 88' lang='lat' dir='ltr'>Dominus,</span> <span class='ocrx_word' id='word_1_234' title='bbox 323 2159 486 2220; x_wconf 87' lang='lat' dir='ltr'>infirmitati</span> <span class='ocrx_word' id='word_1_235' title='bbox 510 2171 629 2219; x_wconf 88' lang='lat' dir='ltr'>nostrae</span> <span class='ocrx_word' id='word_1_236' title='bbox 655 2159 828 2250; x_wconf 73' lang='lat' dir='ltr'>consulens,</span> <span class='ocrx_word' id='word_1_237' title='bbox 858 2162 998 2239; x_wconf 91' lang='lat' dir='ltr'>impetum</span> <span class='ocrx_word' id='word_1_238' title='bbox 1019 2161 1126 2221; x_wconf 89' lang='lat' dir='ltr'>luroris</span> <span class='ocrx_word' id='word_1_239' title='bbox 1146 2164 1208 2223; x_wconf 89' lang='lat' dir='ltr'>eius</span> 
     </span>
     <span class='ocr_line' id='line_1_26' title="bbox 40 2234 1207 2310; baseline 0 -12"><span class='ocrx_word' id='word_1_240' title='bbox 40 2249 172 2310; x_wconf 86' lang='lat' dir='ltr'>arceret,</span> <span class='ocrx_word' id='word_1_241' title='bbox 192 2257 257 2297; x_wconf 88' lang='lat' dir='ltr'>cum</span> <span class='ocrx_word' id='word_1_242' title='bbox 277 2237 417 2296; x_wconf 90' lang='lat' dir='ltr'>immensa</span> <span class='ocrx_word' id='word_1_243' title='bbox 436 2235 634 2294; x_wconf 84' lang='lat' dir='ltr'>tentationum</span> <span class='ocrx_word' id='word_1_244' title='bbox 654 2234 734 2293; x_wconf 89' lang='lat' dir='ltr'>mole</span> <span class='ocrx_word' id='word_1_245' title='bbox 753 2235 841 2296; x_wconf 79' lang='lat' dir='ltr'>nobis</span> <span class='ocrx_word' id='word_1_246' title='bbox 853 2237 1023 2298; x_wconf 86' lang='lat' dir='ltr'>certandum</span> <span class='ocrx_word' id='word_1_247' title='bbox 1037 2237 1125 2296; x_wconf 81' lang='lat' dir='ltr'>foret</span> <span class='ocrx_word' id='word_1_248' title='bbox 1146 2239 1207 2298; x_wconf 90' lang='lat' dir='ltr'>lta-</span> 
     </span>
     <span class='ocr_line' id='line_1_27' title="bbox 39 2309 1207 2400; baseline -0.001 -25"><span class='ocrx_word' id='word_1_249' title='bbox 39 2336 99 2395; x_wconf 92' lang='lat' dir='ltr'>que</span> <span class='ocrx_word' id='word_1_250' title='bbox 120 2312 298 2374; x_wconf 89' lang='lat' dir='ltr'>celebranda</span> <span class='ocrx_word' id='word_1_251' title='bbox 317 2310 404 2372; x_wconf 89' lang='lat' dir='ltr'>nobis</span> <span class='ocrx_word' id='word_1_252' title='bbox 432 2320 476 2370; x_wconf 87' lang='lat' dir='ltr'>est</span> <span class='ocrx_word' id='word_1_253' title='bbox 500 2310 553 2370; x_wconf 89' lang='lat' dir='ltr'>hac</span> <span class='ocrx_word' id='word_1_254' title='bbox 579 2309 609 2367; x_wconf 91' lang='lat' dir='ltr'>in</span> <span class='ocrx_word' id='word_1_255' title='bbox 630 2321 715 2400; x_wconf 89' lang='lat' dir='ltr'>parte</span> <span class='ocrx_word' id='word_1_256' title='bbox 734 2311 935 2372; x_wconf 87' lang='lat' dir='ltr'>misericordia</span> <span class='ocrx_word' id='word_1_257' title='bbox 955 2312 1097 2389; x_wconf 88' lang='lat' dir='ltr'>Domini,</span> <span class='ocrx_word' id='word_1_258' title='bbox 1127 2315 1207 2397; x_wconf 91' lang='lat' dir='ltr'>quod</span> 
     </span>
     <span class='ocr_line' id='line_1_28' title="bbox 40 2386 1207 2472; baseline 0 -20"><span class='ocrx_word' id='word_1_259' title='bbox 40 2390 134 2452; x_wconf 88' lang='lat' dir='ltr'>hostis</span> <span class='ocrx_word' id='word_1_260' title='bbox 160 2387 254 2449; x_wconf 88' lang='lat' dir='ltr'>nostri</span> <span class='ocrx_word' id='word_1_261' title='bbox 277 2387 431 2446; x_wconf 89' lang='lat' dir='ltr'>libidinem</span> <span class='ocrx_word' id='word_1_262' title='bbox 456 2386 503 2444; x_wconf 85' lang='lat' dir='ltr'>vix</span> <span class='ocrx_word' id='word_1_263' title='bbox 528 2397 687 2446; x_wconf 74' lang='lat' dir='ltr'>centesima</span> <span class='ocrx_word' id='word_1_264' title='bbox 713 2407 747 2445; x_wconf 85' lang='lat' dir='ltr'>ex</span> <span class='ocrx_word' id='word_1_265' title='bbox 770 2400 854 2466; x_wconf 88' lang='lat' dir='ltr'>parte</span> <span class='ocrx_word' id='word_1_266' title='bbox 879 2389 916 2470; x_wconf 61' lang='lat' dir='ltr'>inv</span> <span class='ocrx_word' id='word_1_267' title='bbox 936 2409 990 2450; x_wconf 90' lang='lat' dir='ltr'>nos</span> <span class='ocrx_word' id='word_1_268' title='bbox 1011 2391 1134 2470; x_wconf 88' lang='lat' dir='ltr'>grassari</span> <span class='ocrx_word' id='word_1_269' title='bbox 1153 2411 1207 2472; x_wconf 88' lang='lat' dir='ltr'>pa-</span> 
     </span>
     <span class='ocr_line' id='line_1_29' title="bbox 39 2469 124 2529; baseline -0.047 0"><span class='ocrx_word' id='word_1_270' title='bbox 39 2469 124 2529; x_wconf 86' lang='lat' dir='ltr'>titur.</span> 
     </span>
     <span class='ocr_line' id='line_1_30' title="bbox 118 2539 1207 2624; baseline 0.001 -20"><span class='ocrx_word' id='word_1_271' title='bbox 118 2547 167 2607; x_wconf 69' lang='lat' dir='ltr'>id.</span> <span class='ocrx_word' id='word_1_272' title='bbox 206 2541 294 2601; x_wconf 77' lang='lat' dir='ltr'>Turro</span> <span class='ocrx_word' id='word_1_273' title='bbox 312 2543 404 2618; x_wconf 82' lang='lat' dir='ltr'>coepit</span> <span class='ocrx_word' id='word_1_274' title='bbox 421 2541 579 2600; x_wconf 75' lang='lat' dir='ltr'>exsecrari.</span> <span class='ocrx_word' id='word_1_275' title='bbox 616 2539 682 2599; x_wconf 89' lang='lat' dir='ltr'>Hac</span> <span class='ocrx_word' id='word_1_276' title='bbox 700 2539 785 2600; x_wconf 86' lang='lat' dir='ltr'>tertia</span> <span class='ocrx_word' id='word_1_277' title='bbox 797 2540 996 2624; x_wconf 81' lang='lat' dir='ltr'>abnegatione</span> <span class='ocrx_word' id='word_1_278' title='bbox 1012 2542 1043 2602; x_wconf 92' lang='lat' dir='ltr'>in</span> <span class='ocrx_word' id='word_1_279' title='bbox 1063 2565 1207 2606; x_wconf 87' lang='lat' dir='ltr'>summum</span> 
     </span>
     <span class='ocr_line' id='line_1_31' title="bbox 37 2615 1206 2698; baseline -0.002 -15"><span class='ocrx_word' id='word_1_280' title='bbox 37 2618 191 2683; x_wconf 87' lang='lat' dir='ltr'>cumulum</span> <span class='ocrx_word' id='word_1_281' title='bbox 212 2617 309 2698; x_wconf 90' lang='lat' dir='ltr'>erupit</span> <span class='ocrx_word' id='word_1_282' title='bbox 327 2617 410 2678; x_wconf 88' lang='lat' dir='ltr'>Petri</span> <span class='ocrx_word' id='word_1_283' title='bbox 430 2636 501 2698; x_wconf 88' lang='lat' dir='ltr'>erga</span> <span class='ocrx_word' id='word_1_284' title='bbox 520 2615 690 2697; x_wconf 87' lang='lat' dir='ltr'>magistrum</span> <span class='ocrx_word' id='word_1_285' title='bbox 717 2615 882 2679; x_wconf 84' lang='lat' dir='ltr'>infidelitas.</span> <span class='ocrx_word' id='word_1_286' title='bbox 921 2619 995 2678; x_wconf 86' lang='lat' dir='ltr'>Nam</span> <span class='ocrx_word' id='word_1_287' title='bbox 1006 2619 1206 2682; x_wconf 80' lang='lat' dir='ltr'>iureiurando</span> 
     </span>
     <span class='ocr_line' id='line_1_32' title="bbox 37 2691 1207 2776; baseline -0.001 -17"><span class='ocrx_word' id='word_1_288' title='bbox 37 2719 105 2759; x_wconf 92' lang='lat' dir='ltr'>non</span> <span class='ocrx_word' id='word_1_289' title='bbox 131 2705 290 2757; x_wconf 89' lang='lat' dir='ltr'>contentus</span> <span class='ocrx_word' id='word_1_290' title='bbox 321 2693 358 2754; x_wconf 90' lang='lat' dir='ltr'>ad</span> <span class='ocrx_word' id='word_1_291' title='bbox 385 2693 613 2754; x_wconf 84' lang='lat' dir='ltr'>exsecrationem</span> <span class='ocrx_word' id='word_1_292' title='bbox 637 2691 778 2770; x_wconf 90' lang='lat' dir='ltr'>transilit,</span> <span class='ocrx_word' id='word_1_293' title='bbox 810 2716 867 2776; x_wconf 89' lang='lat' dir='ltr'>qna</span> <span class='ocrx_word' id='word_1_294' title='bbox 891 2715 998 2774; x_wconf 85' lang='lat' dir='ltr'>corpus</span> <span class='ocrx_word' id='word_1_295' title='bbox 1025 2707 1056 2756; x_wconf 91' lang='lat' dir='ltr'>et</span> <span class='ocrx_word' id='word_1_296' title='bbox 1082 2697 1207 2758; x_wconf 91' lang='lat' dir='ltr'>animam</span> 
     </span>
    </p>
   </div>
   <div class='ocr_carea' id='block_1_4' title="bbox 37 2768 1227 2852">
    <p class='ocr_par' dir='ltr' id='par_1_4' title="bbox 37 2768 1227 2852">
     <span class='ocr_line' id='line_1_33' title="bbox 37 2768 1227 2852; baseline -0.001 -16"><span class='ocrx_word' id='word_1_297' title='bbox 37 2795 123 2836; x_wconf 89' lang='lat' dir='ltr'>suam</span> <span class='ocrx_word' id='word_1_298' title='bbox 144 2771 243 2833; x_wconf 85' lang='lat' dir='ltr'>exitio·</span> <span class='ocrx_word' id='word_1_299' title='bbox 258 2772 397 2832; x_wconf 78' lang='lat' dir='ltr'>devovet:</span> <span class='ocrx_word' id='word_1_300' title='bbox 428 2768 484 2832; x_wconf 84' lang='lat' dir='ltr'>sibi</span> <span class='ocrx_word' id='word_1_301' title='bbox 508 2769 587 2830; x_wconf 88' lang='lat' dir='ltr'>enim</span> <span class='ocrx_word' id='word_1_302' title='bbox 612 2768 851 2832; x_wconf 88' lang='lat' dir='ltr'>maledictionem</span> <span class='ocrx_word' id='word_1_303' title='bbox 875 2771 934 2832; x_wconf 89' lang='lat' dir='ltr'>Dei</span> <span class='ocrx_word' id='word_1_304' title='bbox 961 2771 1153 2852; x_wconf 83' lang='lat' dir='ltr'>imprecatur,</span> <span class='ocrx_word' id='word_1_305' title='bbox 1183 2774 1227 2835; x_wconf 92' lang='lat' dir='ltr'>si·</span> 
     </span>
    </p>
   </div>
   <div class='ocr_carea' id='block_1_5' title="bbox 37 2845 1209 3401">
    <p class='ocr_par' dir='ltr' id='par_1_5' title="bbox 37 2845 1209 3401">
     <span class='ocr_line' id='line_1_34' title="bbox 39 2845 1207 2934; baseline -0.001 -22"><span class='ocrx_word' id='word_1_306' title='bbox 39 2851 195 2912; x_wconf 87' lang='lat' dir='ltr'>Christum</span> <span class='ocrx_word' id='word_1_307' title='bbox 215 2847 341 2910; x_wconf 82' lang='lat' dir='ltr'>noverit.</span> <span class='ocrx_word' id='word_1_308' title='bbox 380 2848 479 2928; x_wconf 85' lang='lat' dir='ltr'>Atque</span> <span class='ocrx_word' id='word_1_309' title='bbox 499 2845 622 2927; x_wconf 89' lang='lat' dir='ltr'>perinde</span> <span class='ocrx_word' id='word_1_310' title='bbox 642 2847 798 2908; x_wconf 87' lang='lat' dir='ltr'>hoc-valet</span> <span class='ocrx_word' id='word_1_311' title='bbox 817 2849 876 2909; x_wconf 90' lang='lat' dir='ltr'>acsi</span> <span class='ocrx_word' id='word_1_312' title='bbox 895 2848 1027 2925; x_wconf 81' lang='lat' dir='ltr'>dixisset,</span> <span class='ocrx_word' id='word_1_313' title='bbox 1058 2850 1133 2910; x_wconf 86' lang='lat' dir='ltr'>male</span> <span class='ocrx_word' id='word_1_314' title='bbox 1153 2871 1207 2934; x_wconf 93' lang='lat' dir='ltr'>pe-</span> 
     </span>
     <span class='ocr_line' id='line_1_35' title="bbox 37 2924 1208 3019; baseline -0.002 -29"><span class='ocrx_word' id='word_1_315' title='bbox 37 2949 133 3002; x_wconf 91' lang='lat' dir='ltr'>ream,</span> <span class='ocrx_word' id='word_1_316' title='bbox 152 2927 177 2988; x_wconf 91' lang='lat' dir='ltr'>si</span> <span class='ocrx_word' id='word_1_317' title='bbox 197 2926 269 3006; x_wconf 93' lang='lat' dir='ltr'>quid</span> <span class='ocrx_word' id='word_1_318' title='bbox 288 2924 359 3002; x_wconf 73' lang='lat' dir='ltr'>mihi</span> <span class='ocrx_word' id='word_1_319' title='bbox 379 2945 535 2984; x_wconf 89' lang='lat' dir='ltr'>commune</span> <span class='ocrx_word' id='word_1_320' title='bbox 555 2934 600 2983; x_wconf 91' lang='lat' dir='ltr'>est</span> <span class='ocrx_word' id='word_1_321' title='bbox 619 2945 684 2984; x_wconf 93' lang='lat' dir='ltr'>cum</span> <span class='ocrx_word' id='word_1_322' title='bbox 704 2924 797 2986; x_wconf 87' lang='lat' dir='ltr'>salute</span> <span class='ocrx_word' id='word_1_323' title='bbox 810 2925 880 2986; x_wconf 86' lang='lat' dir='ltr'>Dei.</span> <span class='ocrx_word' id='word_1_324' title='bbox 911 2924 983 2999; x_wconf 87' lang='lat' dir='ltr'>Quo</span> <span class='ocrx_word' id='word_1_325' title='bbox 1003 2926 1096 3019; x_wconf 81' lang='lat' dir='ltr'>magis</span> <span class='ocrx_word' id='word_1_326' title='bbox 1115 2929 1208 2988; x_wconf 88' lang='lat' dir='ltr'>admi-</span> 
     </span>
     <span class='ocr_line' id='line_1_36' title="bbox 38 2999 1207 3081; baseline -0.002 -15"><span class='ocrx_word' id='word_1_327' title='bbox 38 3006 135 3066; x_wconf 89' lang='lat' dir='ltr'>randa</span> <span class='ocrx_word' id='word_1_328' title='bbox 155 3015 199 3064; x_wconf 90' lang='lat' dir='ltr'>est</span> <span class='ocrx_word' id='word_1_329' title='bbox 212 3001 323 3063; x_wconf 89' lang='lat' dir='ltr'>Christi</span> <span class='ocrx_word' id='word_1_330' title='bbox 343 3001 470 3076; x_wconf 92' lang='lat' dir='ltr'>bonitas,</span> <span class='ocrx_word' id='word_1_331' title='bbox 489 3000 541 3080; x_wconf 90' lang='lat' dir='ltr'>qui</span> <span class='ocrx_word' id='word_1_332' title='bbox 561 2999 734 3081; x_wconf 90' lang='lat' dir='ltr'>discipulum</span> <span class='ocrx_word' id='word_1_333' title='bbox 752 3023 772 3068; x_wconf 87' lang='lat' dir='ltr'>e</span> <span class='ocrx_word' id='word_1_334' title='bbox 791 3003 876 3064; x_wconf 92' lang='lat' dir='ltr'>ruina</span> <span class='ocrx_word' id='word_1_335' title='bbox 895 3013 955 3062; x_wconf 88' lang='lat' dir='ltr'>tam</span> <span class='ocrx_word' id='word_1_336' title='bbox 975 3001 1055 3064; x_wconf 89' lang='lat' dir='ltr'>letalr</span> <span class='ocrx_word' id='word_1_337' title='bbox 1076 3017 1207 3066; x_wconf 90' lang='lat' dir='ltr'>erectum</span> 
     </span>
     <span class='ocr_line' id='line_1_37' title="bbox 38 3077 1208 3160; baseline 0 -18"><span class='ocrx_word' id='word_1_338' title='bbox 38 3080 164 3142; x_wconf 85' lang='lat' dir='ltr'>sanavit</span> <span class='ocrx_word' id='word_1_339' title='bbox 205 3077 363 3139; x_wconf 88' lang='lat' dir='ltr'>Caeterum</span> <span class='ocrx_word' id='word_1_340' title='bbox 385 3077 432 3137; x_wconf 93' lang='lat' dir='ltr'>hic</span> <span class='ocrx_word' id='word_1_341' title='bbox 453 3078 536 3138; x_wconf 88' lang='lat' dir='ltr'>locus</span> <span class='ocrx_word' id='word_1_342' title='bbox 553 3078 655 3152; x_wconf 89' lang='lat' dir='ltr'>docet,</span> <span class='ocrx_word' id='word_1_343' title='bbox 674 3097 737 3139; x_wconf 90' lang='lat' dir='ltr'>non</span> <span class='ocrx_word' id='word_1_344' title='bbox 757 3079 894 3160; x_wconf 88' lang='lat' dir='ltr'>protinus</span> <span class='ocrx_word' id='word_1_345' title='bbox 915 3099 978 3140; x_wconf 90' lang='lat' dir='ltr'>esse</span> <span class='ocrx_word' id='word_1_346' title='bbox 999 3081 1208 3160; x_wconf 83' lang='lat' dir='ltr'>blasphemiam</span> 
     </span>
     <span class='ocr_line' id='line_1_38' title="bbox 38 3153 1208 3242; baseline 0.001 -24"><span class='ocrx_word' id='word_1_347' title='bbox 38 3159 71 3218; x_wconf 93' lang='lat' dir='ltr'>in</span> <span class='ocrx_word' id='word_1_348' title='bbox 93 3157 256 3238; x_wconf 91' lang='lat' dir='ltr'>Spiritum,</span> <span class='ocrx_word' id='word_1_349' title='bbox 286 3155 311 3216; x_wconf 90' lang='lat' dir='ltr'>si</span> <span class='ocrx_word' id='word_1_350' title='bbox 338 3155 401 3235; x_wconf 87' lang='lat' dir='ltr'>quis</span> <span class='ocrx_word' id='word_1_351' title='bbox 421 3153 590 3214; x_wconf 85' lang='lat' dir='ltr'>infirmitate</span> <span class='ocrx_word' id='word_1_352' title='bbox 610 3153 705 3215; x_wconf 89' lang='lat' dir='ltr'>carnis</span> <span class='ocrx_word' id='word_1_353' title='bbox 725 3155 821 3236; x_wconf 90' lang='lat' dir='ltr'>lapsus</span> <span class='ocrx_word' id='word_1_354' title='bbox 839 3157 993 3218; x_wconf 84' lang='lat' dir='ltr'>veritatem</span> <span class='ocrx_word' id='word_1_355' title='bbox 1013 3158 1083 3218; x_wconf 90' lang='lat' dir='ltr'>lieet</span> <span class='ocrx_word' id='word_1_356' title='bbox 1102 3160 1208 3242; x_wconf 85' lang='lat' dir='ltr'>cogni-</span> 
     </span>
     <span class='ocr_line' id='line_1_39' title="bbox 38 3229 1208 3314; baseline 0.002 -19"><span class='ocrx_word' id='word_1_357' title='bbox 38 3247 101 3295; x_wconf 86' lang='lat' dir='ltr'>tam</span> <span class='ocrx_word' id='word_1_358' title='bbox 122 3234 261 3314; x_wconf 84' lang='lat' dir='ltr'>abneget</span> <span class='ocrx_word' id='word_1_359' title='bbox 298 3231 442 3294; x_wconf 78' lang='lat' dir='ltr'>Audierat</span> <span class='ocrx_word' id='word_1_360' title='bbox 462 3243 542 3291; x_wconf 90' lang='lat' dir='ltr'>certe</span> <span class='ocrx_word' id='word_1_361' title='bbox 561 3229 668 3292; x_wconf 88' lang='lat' dir='ltr'>Petrus</span> <span class='ocrx_word' id='word_1_362' title='bbox 689 3253 723 3292; x_wconf 88' lang='lat' dir='ltr'>ex</span> <span class='ocrx_word' id='word_1_363' title='bbox 743 3253 796 3294; x_wconf 90' lang='lat' dir='ltr'>ore</span> <span class='ocrx_word' id='word_1_364' title='bbox 815 3233 950 3310; x_wconf 92' lang='lat' dir='ltr'>Domini,</span> <span class='ocrx_word' id='word_1_365' title='bbox 972 3254 1060 3314; x_wconf 87' lang='lat' dir='ltr'>qnam</span> <span class='ocrx_word' id='word_1_366' title='bbox 1080 3237 1208 3297; x_wconf 89' lang='lat' dir='ltr'>detesta-</span> 
     </span>
     <span class='ocr_line' id='line_1_40' title="bbox 37 3306 1209 3401; baseline 0 -29"><span class='ocrx_word' id='word_1_367' title='bbox 37 3311 109 3372; x_wconf 89' lang='lat' dir='ltr'>bilis</span> <span class='ocrx_word' id='word_1_368' title='bbox 129 3310 167 3370; x_wconf 88' lang='lat' dir='ltr'>sit</span> <span class='ocrx_word' id='word_1_369' title='bbox 186 3309 309 3390; x_wconf 87' lang='lat' dir='ltr'>perfidia</span> <span class='ocrx_word' id='word_1_370' title='bbox 330 3329 430 3368; x_wconf 90' lang='lat' dir='ltr'>coram</span> <span class='ocrx_word' id='word_1_371' title='bbox 451 3307 619 3368; x_wconf 90' lang='lat' dir='ltr'>hominibus</span> <span class='ocrx_word' id='word_1_372' title='bbox 639 3306 735 3387; x_wconf 86' lang='lat' dir='ltr'>ipsurir</span> <span class='ocrx_word' id='word_1_373' title='bbox 754 3330 880 3401; x_wconf 73' lang='lat' dir='ltr'>negare:</span> <span class='ocrx_word' id='word_1_374' title='bbox 903 3323 933 3371; x_wconf 90' lang='lat' dir='ltr'>et</span> <span class='ocrx_word' id='word_1_375' title='bbox 952 3333 1039 3392; x_wconf 88' lang='lat' dir='ltr'>quam</span> <span class='ocrx_word' id='word_1_376' title='bbox 1059 3312 1209 3372; x_wconf 89' lang='lat' dir='ltr'>horribilis</span> 
     </span>
    </p>
   </div>
   <div class='ocr_carea' id='block_1_6' title="bbox 37 3383 1263 3475">
    <p class='ocr_par' dir='ltr' id='par_1_6' title="bbox 37 3383 1263 3475">
     <span class='ocr_line' id='line_1_41' title="bbox 37 3383 1263 3475; baseline 0 -27"><span class='ocrx_word' id='word_1_377' title='bbox 37 3409 91 3450; x_wconf 92' lang='lat' dir='ltr'>eos</span> <span class='ocrx_word' id='word_1_378' title='bbox 113 3385 188 3446; x_wconf 90' lang='lat' dir='ltr'>nllio</span> <span class='ocrx_word' id='word_1_379' title='bbox 209 3407 309 3446; x_wconf 89' lang='lat' dir='ltr'>coram</span> <span class='ocrx_word' id='word_1_380' title='bbox 328 3385 397 3444; x_wconf 91' lang='lat' dir='ltr'>Deo</span> <span class='ocrx_word' id='word_1_381' title='bbox 424 3397 454 3446; x_wconf 91' lang='lat' dir='ltr'>et</span> <span class='ocrx_word' id='word_1_382' title='bbox 472 3383 586 3475; x_wconf 73' lang='lat' dir='ltr'>angelis</span> <span class='ocrx_word' id='word_1_383' title='bbox 611 3395 744 3459; x_wconf 89' lang='lat' dir='ltr'>maneat,</span> <span class='ocrx_word' id='word_1_384' title='bbox 773 3408 825 3466; x_wconf 83' lang='lat' dir='ltr'>qur</span> <span class='ocrx_word' id='word_1_385' title='bbox 852 3410 961 3470; x_wconf 78' lang='lat' dir='ltr'>ignavo</span> <span class='ocrx_word' id='word_1_386' title='bbox 988 3389 1082 3449; x_wconf 88' lang='lat' dir='ltr'>erneis</span> <span class='ocrx_word' id='word_1_387' title='bbox 1101 3389 1208 3448; x_wconf 90' lang='lat' dir='ltr'>timore</span> <span class='ocrx_word' id='word_1_388' title='bbox 1257 3399 1263 3417; x_wconf 84' lang='lat'><strong>·</strong></span> 
     </span>
    </p>
   </div>
   <div class='ocr_carea' id='block_1_7' title="bbox 38 3462 1207 3678">
    <p class='ocr_par' dir='ltr' id='par_1_7' title="bbox 38 3462 1207 3678">
     <span class='ocr_line' id='line_1_42' title="bbox 38 3462 1207 3545; baseline 0.002 -21"><span class='ocrx_word' id='word_1_389' title='bbox 38 3463 111 3525; x_wconf 87' lang='lat' dir='ltr'>fidei</span> <span class='ocrx_word' id='word_1_390' title='bbox 133 3463 350 3524; x_wconf 87' lang='lat' dir='ltr'>confessionem</span> <span class='ocrx_word' id='word_1_391' title='bbox 371 3463 527 3522; x_wconf 78' lang='lat' dir='ltr'>deserunt:</span> <span class='ocrx_word' id='word_1_392' title='bbox 563 3480 623 3520; x_wconf 87' lang='lat' dir='ltr'>uno</span> <span class='ocrx_word' id='word_1_393' title='bbox 643 3483 705 3521; x_wconf 90' lang='lat' dir='ltr'>non</span> <span class='ocrx_word' id='word_1_394' title='bbox 725 3462 832 3525; x_wconf 85' lang='lat' dir='ltr'>frustra</span> <span class='ocrx_word' id='word_1_395' title='bbox 851 3465 941 3545; x_wconf 90' lang='lat' dir='ltr'>paulo</span> <span class='ocrx_word' id='word_1_396' title='bbox 962 3477 1049 3538; x_wconf 85' lang='lat' dir='ltr'>ante,</span> <span class='ocrx_word' id='word_1_397' title='bbox 1080 3477 1207 3526; x_wconf 87' lang='lat' dir='ltr'>mortem</span> 
     </span>
     <span class='ocr_line' id='line_1_43' title="bbox 39 3537 1207 3678; baseline 0.001 -76"><span class='ocrx_word' id='word_1_398' title='bbox 39 3554 71 3602; x_wconf 91' lang='lat' dir='ltr'>et</span> <span class='ocrx_word' id='word_1_399' title='bbox 92 3539 217 3620; x_wconf 84' lang='lat' dir='ltr'>quodvis</span> <span class='ocrx_word' id='word_1_400' title='bbox 241 3549 422 3600; x_wconf 89' lang='lat' dir='ltr'>tormentum</span> <span class='ocrx_word' id='word_1_401' title='bbox 443 3537 554 3600; x_wconf 85' lang='lat' dir='ltr'>Christi</span> <span class='ocrx_word' id='word_1_402' title='bbox 579 3537 771 3630; x_wconf 78' lang='lat' dir='ltr'>abnegationi</span> <span class='ocrx_word' id='word_1_403' title='bbox 794 3541 982 3620; x_wconf 86' lang='lat' dir='ltr'>praetulerat.</span> <span class='ocrx_word' id='word_1_404' title='bbox 1026 3541 1113 3602; x_wconf 89' lang='lat' dir='ltr'>Nunc</span> <span class='ocrx_word' id='word_1_405' title='bbox 1134 3560 1207 3678; x_wconf 80' lang='lat' dir='ltr'>ergo</span> 
     </span>
    </p>
   </div>
   <div class='ocr_carea' id='block_1_8' title="bbox 37 3615 1312 3701">
    <p class='ocr_par' dir='ltr' id='par_1_8' title="bbox 37 3615 1312 3701">
     <span class='ocr_line' id='line_1_44' title="bbox 37 3615 1312 3701; baseline -0.002 -21"><span class='ocrx_word' id='word_1_406' title='bbox 37 3619 137 3680; x_wconf 88' lang='lat' dir='ltr'>sciens</span> <span class='ocrx_word' id='word_1_407' title='bbox 158 3628 188 3676; x_wconf 89' lang='lat' dir='ltr'>ct</span> <span class='ocrx_word' id='word_1_408' title='bbox 207 3629 276 3676; x_wconf 92' lang='lat' dir='ltr'>ante</span> <span class='ocrx_word' id='word_1_409' title='bbox 301 3615 467 3676; x_wconf 89' lang='lat' dir='ltr'>admonitus</span> <span class='ocrx_word' id='word_1_410' title='bbox 492 3636 524 3675; x_wconf 89' lang='lat' dir='ltr'>se</span> <span class='ocrx_word' id='word_1_411' title='bbox 544 3626 732 3701; x_wconf 76' lang='lat' dir='ltr'>praecipitat:</span> <span class='ocrx_word' id='word_1_412' title='bbox 768 3617 883 3678; x_wconf 87' lang='lat' dir='ltr'>veniam</span> <span class='ocrx_word' id='word_1_413' title='bbox 908 3630 1007 3678; x_wconf 91' lang='lat' dir='ltr'>tamen</span> <span class='ocrx_word' id='word_1_414' title='bbox 1026 3628 1130 3697; x_wconf 88' lang='lat' dir='ltr'>postea</span> <span class='ocrx_word' id='word_1_415' title='bbox 1151 3638 1169 3678; x_wconf 95' lang='lat' dir='ltr'>o</span> <span class='ocrx_word' id='word_1_416' title='bbox 1192 3655 1208 3666; x_wconf 90' lang='lat'><strong>·</strong></span> <span class='ocrx_word' id='word_1_417' title='bbox 1306 3664 1312 3669; x_wconf 84' lang='lat'>.</span> 
     </span>
    </p>
   </div>
   <div class='ocr_carea' id='block_1_9' title="bbox 12 3691 1209 4466">
    <p class='ocr_par' dir='ltr' id='par_1_9' title="bbox 12 3691 1206 3910">
     <span class='ocr_line' id='line_1_45' title="bbox 38 3691 1205 3784; baseline -0.001 -29"><span class='ocrx_word' id='word_1_418' title='bbox 38 3697 133 3756; x_wconf 89' lang='lat' dir='ltr'>tinet:</span> <span class='ocrx_word' id='word_1_419' title='bbox 153 3693 232 3753; x_wconf 86' lang='lat' dir='ltr'>unde</span> <span class='ocrx_word' id='word_1_420' title='bbox 251 3693 400 3772; x_wconf 87' lang='lat' dir='ltr'>sequitur,</span> <span class='ocrx_word' id='word_1_421' title='bbox 419 3691 605 3768; x_wconf 80' lang='lat' dir='ltr'>infirmitate,</span> <span class='ocrx_word' id='word_1_422' title='bbox 629 3712 691 3754; x_wconf 90' lang='lat' dir='ltr'>non</span> <span class='ocrx_word' id='word_1_423' title='bbox 711 3705 808 3754; x_wconf 91' lang='lat' dir='ltr'>autem</span> <span class='ocrx_word' id='word_1_424' title='bbox 829 3694 985 3755; x_wconf 86' lang='lat' dir='ltr'>insanabili</span> <span class='ocrx_word' id='word_1_425' title='bbox 1004 3692 1115 3754; x_wconf 86' lang='lat' dir='ltr'>malitia</span> <span class='ocrx_word' id='word_1_426' title='bbox 1135 3715 1205 3784; x_wconf 88' lang='lat' dir='ltr'>pec-</span> 
     </span>
     <span class='ocr_line' id='line_1_46' title="bbox 37 3769 1206 3851; baseline -0.003 -19"><span class='ocrx_word' id='word_1_427' title='bbox 37 3791 132 3832; x_wconf 88' lang='lat' dir='ltr'>casse.</span> <span class='ocrx_word' id='word_1_428' title='bbox 170 3769 315 3830; x_wconf 89' lang='lat' dir='ltr'>Libenter</span> <span class='ocrx_word' id='word_1_429' title='bbox 334 3769 412 3828; x_wconf 89' lang='lat' dir='ltr'>enim</span> <span class='ocrx_word' id='word_1_430' title='bbox 424 3769 544 3830; x_wconf 88' lang='lat' dir='ltr'>Christo</span> <span class='ocrx_word' id='word_1_431' title='bbox 564 3769 755 3850; x_wconf 90' lang='lat' dir='ltr'>praestitisset</span> <span class='ocrx_word' id='word_1_432' title='bbox 774 3770 907 3832; x_wconf 89' lang='lat' dir='ltr'>debitum</span> <span class='ocrx_word' id='word_1_433' title='bbox 928 3769 1043 3851; x_wconf 86' lang='lat' dir='ltr'>pietatis</span> <span class='ocrx_word' id='word_1_434' title='bbox 1063 3769 1206 3846; x_wconf 78' lang='lat' dir='ltr'>officium,</span> 
     </span>
     <span class='ocr_line' id='line_1_47' title="bbox 12 3845 934 3910; baseline 0.001 -2"><span class='ocrx_word' id='word_1_435' title='bbox 12 3857 13 3860; x_wconf 75' lang='grc'>’</span> <span class='ocrx_word' id='word_1_436' title='bbox 38 3848 98 3910; x_wconf 88' lang='lat' dir='ltr'>nisi</span> <span class='ocrx_word' id='word_1_437' title='bbox 121 3857 201 3906; x_wconf 87' lang='lat' dir='ltr'>metu</span> <span class='ocrx_word' id='word_1_438' title='bbox 222 3847 381 3908; x_wconf 84' lang='lat' dir='ltr'>exstinctae</span> <span class='ocrx_word' id='word_1_439' title='bbox 400 3846 475 3906; x_wconf 86' lang='lat' dir='ltr'>recti</span> <span class='ocrx_word' id='word_1_440' title='bbox 495 3847 619 3907; x_wconf 85' lang='lat' dir='ltr'>allectus</span> <span class='ocrx_word' id='word_1_441' title='bbox 639 3845 782 3908; x_wconf 83' lang='lat' dir='ltr'>scintillae</span> <span class='ocrx_word' id='word_1_442' title='bbox 802 3847 934 3909; x_wconf 85' lang='lat' dir='ltr'>luissent.</span> 
     </span>
    </p>

    <p class='ocr_par' dir='ltr' id='par_1_10' title="bbox 36 3919 1209 4466">
     <span class='ocr_line' id='line_1_48' title="bbox 119 3919 1205 4004; baseline -0.001 -21"><span class='ocrx_word' id='word_1_443' title='bbox 119 3929 167 3990; x_wconf 75' lang='lat'>75.</span> <span class='ocrx_word' id='word_1_444' title='bbox 206 3923 247 3983; x_wconf 82' lang='lat' dir='ltr'>Et</span> <span class='ocrx_word' id='word_1_445' title='bbox 268 3919 437 3984; x_wconf 66' lang='lat' dir='ltr'>recondentem</span> <span class='ocrx_word' id='word_1_446' title='bbox 458 3937 499 3982; x_wconf 79' lang='lat' dir='ltr'>est</span> <span class='ocrx_word' id='word_1_447' title='bbox 516 3923 633 3982; x_wconf 82' lang='lat' dir='ltr'>Petrus.</span> <span class='ocrx_word' id='word_1_448' title='bbox 670 3923 718 3983; x_wconf 91' lang='lat' dir='ltr'>Ad</span> <span class='ocrx_word' id='word_1_449' title='bbox 742 3945 845 3986; x_wconf 87' lang='lat' dir='ltr'>vocem</span> <span class='ocrx_word' id='word_1_450' title='bbox 872 3923 941 4004; x_wconf 91' lang='lat' dir='ltr'>galli</span> <span class='ocrx_word' id='word_1_451' title='bbox 971 3921 1092 3982; x_wconf 87' lang='lat' dir='ltr'>accessit</span> <span class='ocrx_word' id='word_1_452' title='bbox 1118 3923 1205 3983; x_wconf 90' lang='lat' dir='ltr'>etiam</span> 
     </span>
     <span class='ocr_line' id='line_1_49' title="bbox 41 3997 1209 4092; baseline -0.005 -28"><span class='ocrx_word' id='word_1_453' title='bbox 41 4001 157 4064; x_wconf 89' lang='lat' dir='ltr'>Christi</span> <span class='ocrx_word' id='word_1_454' title='bbox 178 4001 309 4076; x_wconf 86' lang='lat' dir='ltr'>intuitus,</span> <span class='ocrx_word' id='word_1_455' title='bbox 328 4011 403 4060; x_wconf 90' lang='lat' dir='ltr'>teste</span> <span class='ocrx_word' id='word_1_456' title='bbox 423 3997 518 4059; x_wconf 86' lang='lat' dir='ltr'>Luca:</span> <span class='ocrx_word' id='word_1_457' title='bbox 537 4019 603 4059; x_wconf 92' lang='lat' dir='ltr'>nam</span> <span class='ocrx_word' id='word_1_458' title='bbox 624 3999 705 4080; x_wconf 88' lang='lat' dir='ltr'>prius</span> <span class='ocrx_word' id='word_1_459' title='bbox 725 4013 881 4062; x_wconf 89' lang='lat' dir='ltr'>canentem</span> <span class='ocrx_word' id='word_1_460' title='bbox 901 3999 1009 4092; x_wconf 87' lang='lat' dir='ltr'>gallum</span> <span class='ocrx_word' id='word_1_461' title='bbox 1029 3997 1209 4089; x_wconf 87' lang='lat' dir='ltr'>neglexerat,</span> 
     </span>
     <span class='ocr_line' id='line_1_50' title="bbox 38 4075 1208 4159; baseline -0.001 -20"><span class='ocrx_word' id='word_1_462' title='bbox 38 4079 129 4140; x_wconf 90' lang='lat' dir='ltr'>sicuti</span> <span class='ocrx_word' id='word_1_463' title='bbox 150 4098 184 4136; x_wconf 80' lang='lat' dir='ltr'>ex</span> <span class='ocrx_word' id='word_1_464' title='bbox 201 4079 302 4139; x_wconf 88' lang='lat' dir='ltr'>lllarco</span> <span class='ocrx_word' id='word_1_465' title='bbox 323 4076 492 4137; x_wconf 87' lang='lat' dir='ltr'>audivimus.</span> <span class='ocrx_word' id='word_1_466' title='bbox 531 4078 558 4135; x_wconf 94' lang='lat' dir='ltr'>A</span> <span class='ocrx_word' id='word_1_467' title='bbox 580 4075 700 4136; x_wconf 88' lang='lat' dir='ltr'>Christo</span> <span class='ocrx_word' id='word_1_468' title='bbox 720 4077 812 4159; x_wconf 93' lang='lat' dir='ltr'>igitur</span> <span class='ocrx_word' id='word_1_469' title='bbox 829 4076 936 4155; x_wconf 90' lang='lat' dir='ltr'>resprei</span> <span class='ocrx_word' id='word_1_470' title='bbox 956 4086 1099 4155; x_wconf 75' lang='lat' dir='ltr'>oportent,</span> <span class='ocrx_word' id='word_1_471' title='bbox 1118 4087 1152 4134; x_wconf 90' lang='lat' dir='ltr'>ut</span> <span class='ocrx_word' id='word_1_472' title='bbox 1171 4077 1208 4138; x_wconf 92' lang='lat' dir='ltr'>ad</span> 
     </span>
     <span class='ocr_line' id='line_1_51' title="bbox 38 4151 1207 4234; baseline -0.003 -16"><span class='ocrx_word' id='word_1_473' title='bbox 38 4178 71 4218; x_wconf 87' lang='lat' dir='ltr'>se</span> <span class='ocrx_word' id='word_1_474' title='bbox 95 4153 215 4214; x_wconf 83' lang='lat' dir='ltr'>rediret</span> <span class='ocrx_word' id='word_1_475' title='bbox 244 4156 338 4214; x_wconf 88' lang='lat' dir='ltr'>·ldem</span> <span class='ocrx_word' id='word_1_476' title='bbox 360 4153 440 4213; x_wconf 90' lang='lat' dir='ltr'>etin</span> <span class='ocrx_word' id='word_1_477' title='bbox 462 4153 548 4214; x_wconf 85' lang='lat' dir='ltr'>nobis</span> <span class='ocrx_word' id='word_1_478' title='bbox 567 4151 675 4234; x_wconf 91' lang='lat' dir='ltr'>singuli</span> <span class='ocrx_word' id='word_1_479' title='bbox 692 4151 870 4233; x_wconf 81' lang='lat' dir='ltr'>experii&#39;nur:</span> <span class='ocrx_word' id='word_1_480' title='bbox 892 4152 955 4232; x_wconf 89' lang='lat' dir='ltr'>quis</span> <span class='ocrx_word' id='word_1_481' title='bbox 976 4152 1054 4211; x_wconf 90' lang='lat' dir='ltr'>enim</span> <span class='ocrx_word' id='word_1_482' title='bbox 1075 4165 1207 4214; x_wconf 88' lang='lat' dir='ltr'>nostrum</span> 
     </span>
     <span class='ocr_line' id='line_1_52' title="bbox 36 4229 1209 4311; baseline -0.002 -17"><span class='ocrx_word' id='word_1_483' title='bbox 36 4251 148 4294; x_wconf 87' lang='lat' dir='ltr'>secure</span> <span class='ocrx_word' id='word_1_484' title='bbox 168 4253 229 4292; x_wconf 93' lang='lat' dir='ltr'>non</span> <span class='ocrx_word' id='word_1_485' title='bbox 249 4231 390 4311; x_wconf 87' lang='lat' dir='ltr'>praeterit</span> <span class='ocrx_word' id='word_1_486' title='bbox 409 4231 502 4291; x_wconf 88' lang='lat' dir='ltr'>surdis</span> <span class='ocrx_word' id='word_1_487' title='bbox 524 4229 658 4302; x_wconf 89' lang='lat' dir='ltr'>auribus,</span> <span class='ocrx_word' id='word_1_488' title='bbox 683 4251 745 4290; x_wconf 91' lang='lat' dir='ltr'>non</span> <span class='ocrx_word' id='word_1_489' title='bbox 771 4230 838 4289; x_wconf 93' lang='lat' dir='ltr'>dico</span> <span class='ocrx_word' id='word_1_490' title='bbox 865 4229 960 4297; x_wconf 83' lang='lat' dir='ltr'>varios</span> <span class='ocrx_word' id='word_1_491' title='bbox 982 4241 1012 4290; x_wconf 89' lang='lat' dir='ltr'>et</span> <span class='ocrx_word' id='word_1_492' title='bbox 1030 4229 1209 4310; x_wconf 85' lang='lat' dir='ltr'>multiplices</span> 
     </span>
     <span class='ocr_line' id='line_1_53' title="bbox 38 4300 1208 4386; baseline -0.004 -14"><span class='ocrx_word' id='word_1_493' title='bbox 38 4311 140 4372; x_wconf 76' lang='lat' dir='ltr'>avium</span> <span class='ocrx_word' id='word_1_494' title='bbox 161 4319 261 4368; x_wconf 85' lang='lat' dir='ltr'>cantus</span> <span class='ocrx_word' id='word_1_495' title='bbox 282 4308 348 4386; x_wconf 90' lang='lat' dir='ltr'>(qni</span> <span class='ocrx_word' id='word_1_496' title='bbox 370 4319 467 4368; x_wconf 88' lang='lat' dir='ltr'>tamen</span> <span class='ocrx_word' id='word_1_497' title='bbox 488 4329 542 4366; x_wconf 92' lang='lat' dir='ltr'>nos</span> <span class='ocrx_word' id='word_1_498' title='bbox 566 4307 601 4365; x_wconf 90' lang='lat' dir='ltr'>ad</span> <span class='ocrx_word' id='word_1_499' title='bbox 621 4306 718 4366; x_wconf 89' lang='lat' dir='ltr'>Deum</span> <span class='ocrx_word' id='word_1_500' title='bbox 738 4300 963 4386; x_wconf 85' lang='lat' dir='ltr'>glorificandum</span> <span class='ocrx_word' id='word_1_501' title='bbox 983 4305 1138 4384; x_wconf 81' lang='lat' dir='ltr'>incitant),</span> <span class='ocrx_word' id='word_1_502' title='bbox 1157 4307 1208 4367; x_wconf 92' lang='lat' dir='ltr'>sed</span> 
     </span>
     <span class='ocr_line' id='line_1_54' title="bbox 37 4383 1209 4466; baseline -0.002 -20"><span class='ocrx_word' id='word_1_503' title='bbox 37 4388 137 4466; x_wconf 87' lang='lat' dir='ltr'>ipsam</span> <span class='ocrx_word' id='word_1_504' title='bbox 158 4383 215 4446; x_wconf 89' lang='lat' dir='ltr'>Dei</span> <span class='ocrx_word' id='word_1_505' title='bbox 235 4403 442 4464; x_wconf 66' lang='lat' dir='ltr'>vocemquam</span> <span class='ocrx_word' id='word_1_506' title='bbox 463 4384 539 4446; x_wconf 89' lang='lat' dir='ltr'>clarc</span> <span class='ocrx_word' id='word_1_507' title='bbox 562 4393 592 4444; x_wconf 91' lang='lat' dir='ltr'>et</span> <span class='ocrx_word' id='word_1_508' title='bbox 614 4383 765 4446; x_wconf 89' lang='lat' dir='ltr'>articulate</span> <span class='ocrx_word' id='word_1_509' title='bbox 786 4383 816 4443; x_wconf 94' lang='lat' dir='ltr'>in</span> <span class='ocrx_word' id='word_1_510' title='bbox 831 4383 920 4464; x_wconf 86' lang='lat' dir='ltr'>Legis</span> <span class='ocrx_word' id='word_1_511' title='bbox 941 4397 971 4446; x_wconf 90' lang='lat' dir='ltr'>et</span> <span class='ocrx_word' id='word_1_512' title='bbox 980 4385 1135 4464; x_wconf 83' lang='lat' dir='ltr'>Evangelii</span> <span class='ocrx_word' id='word_1_513' title='bbox 1154 4385 1209 4445; x_wconf 91' lang='lat' dir='ltr'>do-</span> 
     </span>
    </p>
   </div>
   <div class='ocr_carea' id='block_1_10' title="bbox 933 1933 1273 2070">
    <p class='ocr_par' dir='ltr' id='par_1_11' title="bbox 933 1933 1273 2070">
     <span class='ocr_line' id='line_1_55' title="bbox 933 1933 1273 2070; baseline 0.012 -80"><span class='ocrx_word' id='word_1_514' title='bbox 933 1953 948 1991; x_wconf 93' lang='lat' dir='ltr'>c</span> <span class='ocrx_word' id='word_1_515' title='bbox 967 1933 1055 1992; x_wconf 91' lang='lat' dir='ltr'>etiam</span> <span class='ocrx_word' id='word_1_516' title='bbox 1075 1935 1208 2070; x_wconf 55' lang='lat' dir='ltr'>‹pluotrdre</span> <span class='ocrx_word' id='word_1_517' title='bbox 1270 1979 1273 1986; x_wconf 82' lang='grc'>.</span> 
     </span>
    </p>
   </div>
   <div class='ocr_carea' id='block_1_11' title="bbox 1271 4219 1364 4256">
    <p class='ocr_par' dir='ltr' id='par_1_12' title="bbox 1271 4219 1364 4256">
     <span class='ocr_line' id='line_1_56' title="bbox 1271 4219 1364 4256; baseline 0 -26"><span class='ocrx_word' id='word_1_518' title='bbox 1271 4219 1280 4256; x_wconf 80' lang='lat'>,</span> <span class='ocrx_word' id='word_1_519' title='bbox 1362 4223 1364 4230; x_wconf 93' lang='lat'><em>.</em></span> 
     </span>
    </p>
   </div>
   <div class='ocr_carea' id='block_1_12' title="bbox 0 0 1386 4854">
    <p class='ocr_par' dir='ltr' id='par_1_13' title="bbox 0 0 1386 4854">
     <span class='ocr_line' id='line_1_57' title="bbox 0 0 1386 4854; baseline 0 2"><span class='ocrx_word' id='word_1_520' title='bbox 0 0 1386 4854; x_wconf 95' lang='lat' dir='ltr'> </span> 
     </span>
    </p>
   </div>
  </div>
 </body>
</html>
