2790 4838
701 1 770 103 ,1

38 264 42 274 =
172 237 231 302 ms
379 213 383 243 '
498 229 650 308 suerro
671 227 739 290 vu
777 227 967 310 muscum.

174 396 205 446 et
226 384 408 464 splendoris,
436 384 523 446 sicuti
550 384 650 445 vinum
674 393 774 458 vetus,
803 382 874 444 lieet
898 393 1013 447 musteo
1040 382 1157 444 fervore
1176 383 1307 444 nonita

174 461 340 552 despumet,
358 481 421 522 non
440 461 535 522 minus
554 471 651 520 tamen
671 479 759 520 suave
780 471 840 536 est,
860 479 916 520 nec
934 459 1030 521 minus
1049 457 1157 521 sieudu
1178 461 1307 542 corpori

173 551 319 621 congrmc
377 595 380 608 ,
1093 563 1096 573 ·

211 753 294 832 (77.)
334 747 504 817 ΜΑΤΤΗ.
517 751 571 816 lx.
613 749 662 816 18.
684 749 781 844 11111ι
797 731 893 836 quium
914 747 980 816 iilis
1000 749 1200 836 loqueretur,
1222 771 1305 816 ecce

170 854 288 940 primas
314 850 443 936 quidam
468 853 572 930 venit,
604 854 636 916 et
663 851 809 940 adorauit
836 871 924 928 eum,
958 850 1085 929 dicens,
1116 851 1202 916 Filia
1229 873 1304 916 mea

82 993 85 1003 ‹
168 951 268 1019 modo
290 951 442 1016 defuncta
465 937 528 1030 est',
547 951 606 1017 sed
626 955 715 1030 veui,
744 961 776 1016 et
797 953 927 1036 impone
947 973 1074 1016 manum
1095 962 1181 1016 tuam
1202 973 1307 1038 super
1350 1019 1354 1029 ,
1383 1010 1384 1020 .

149 1053 271 1134 illam,
302 1063 334 1118 et
353 1055 449 1117 vivet.
490 1053 540 1118 19.
566 1053 616 1118 Ao
636 1074 770 1140 surgens
792 1053 882 1118 lesus
902 1063 1057 1139 sequutus
1078 1065 1127 1118 est
1147 1075 1236 1129 eram,
1263 1075 1305 1120 ac

78 1233 89 1261 ,
169 1152 318 1241 discipuli
338 1151 435 1220 illius.
476 1154 527 1220 2⁰.
547 1155 590 1218 Et
605 1154 686 1218 e'cee
707 1151 834 1232 mulier,
854 1173 938 1238 quae
958 1152 1122 1239 profluvio
1135 1155 1303 1239 sanguinis

167 1253 372 1321 laboraverat
389 1246 571 1321 ‘duodecim
602 1273 718 1332 annos,
751 1241 911 1323 accedens
937 1275 955 1317 a
981 1263 1073 1336 tergo
1101 1255 1202 1338 tetigit
1228 1253 1304 1316 iim·
1384 1319 1385 1322 ,

166 1355 270 1424 briam
291 1357 472 1422 vestimenti
493 1353 589 1421 illius.
630 1353 681 1420 21.
713 1352 855 1419 Dicebat
880 1355 964 1418 enim
991 1356 1075 1419 intra
1094 1375 1145 1433 se,
1174 1352 1302 1452 81111-

166 1468 232 1524 tum
254 1459 391 1542 tetigero
411 1457 635 1520 vestimentum
656 1453 752 1532 iilius
774 1477 832 1520 ero
854 1453 952 1518 salve
978 1456 1029 1520 22.
1049 1460 1092 1520 At
1112 1455 1201 1520 iesus
1222 1473 1303 1518 con-

166 1577 292 1636 versus,
325 1567 362 1622 ut
380 1554 464 1621 vidit
485 1555 588 1633 illam,
615 1554 707 1634 dixit,
728 1550 873 1620 Confide
894 1553 978 1634 iilia,
998 1555 1082 1620 fides
1102 1564 1157 1620 tua
1177 1552 1300 1620 salvam

166 1667 199 1724 te
220 1657 305 1724 iecit
346 1657 389 1722 Et
409 1655 498 1725 salva
518 1655 604 1722 iacta
624 1655 684 1721 iuit
710 1649 826 1722 mulier
848 1677 866 1720 1
888 1665 1034 1743 tempore
1054 1653 1123 1722 illu.

248 1789 388 1856 MARC.
409 1791 452 1856 V.
491 1791 542 1856 22.
567 1786 611 1856 Et
638 1809 715 1853 ecce
741 1791 830 1854 venit
850 1788 981 1876 quidam
1001 1789 1181 1875 principum
1202 1807 1302 1874 syna-

39 1968 42 1979 ,
165 1911 277 1977 gugne,
296 1893 428 1956 numine
448 1889 565 1956 laicus:
588 1899 621 1955 et
642 1912 740 1976 quum
760 1889 894 1960 vidisset
915 1911 994 1967 eum¹
1016 1889 1155 1976 procidit
1176 1887 1218 1952 ad
1239 1909 1301 1973 pe-

166 1991 225 2058 des
247 1994 328 2082 ep'us.
367 1988 738 2078 2313111111111111111
760 2009 832 2056 eum
854 1989 1001 2069 muitum,
1028 1989 1154 2068 dicens,
1173 1988 1300 2054 Filiola

164 2113 238 2158 mea
259 2095 293 2157 in
316 2093 462 2157 extremis
483 2101 546 2169 eat,
575 2091 636 2157 oio
657 2101 692 2156 ut
712 2087 853 2170 venias,
868 2101 901 2156 et
928 2092 1073 2177 imponas
1100 2111 1226 2169 manus,
1261 2101 1300 2154 ut

165 2191 255 2260 salva
276 2195 326 2271 sit,
348 2201 380 2257 et
400 2193 497 2258 vivet.
538 2191 589 2256 24.
610 2191 651 2256 Et
670 2189 831 2256 abiitcum
852 2189 927 2258 ilio:
948 2203 981 2258 et
1002 2189 1199 2277 sequebatur
1221 2211 1299 2255 eum

164 2291 259 2358 turba
279 2291 386 2372 muita,
407 2303 441 2359 et
462 2290 715 2379 comprimebant
737 2313 818 2358 eum.
858 2293 909 2358 25.
931 2293 973 2358 Et
992 2290 1109 2358 mulier
1129 2291 1299 2377 quaedam,

132 2395 248 2484 'quae
279 2393 385 2460 iuerat
417 2391 558 2462 obnoxia
587 2391 752 2478 profluvio
786 2397 949 2482 sanguinis
980 2415 1083 2460 annos
1110 2391 1298 2470 duodecim,

163 2495 214 2562 26.
235 2495 419 2582 Fueratque
441 2491 540 2560 mults
561 2515 716 2588 perpessa
736 2515 756 2560 a
776 2492 996 2582 compluribus
1016 2493 1164 2574 medicis,
1192 2504 1226 2559 et
1245 2496 1297 2558 in·

163 2607 343 2684 sumpserat
363 2597 472 2662 omnia
492 2615 561 2671 sua,
579 2617 690 2684 neque
711 2597 881 2684 quicquam
900 2594 1095 2682 proiecerat,
1115 2593 1174 2661 sed
1194 2597 1297 2680 magis

144 2682 198 2781 'in
227 2697 370 2765 deterius
395 2707 545 2774 venerat,
583 2697 636 2786 21.
664 2695 774 2780 Quum
799 2694 948 2762 audisset¹
965 2695 1010 2761 de
1031 2697 1118 2774 iesu,
1148 2697 1298 2762 venitin

100 2839 103 2851 ι
161 2797 258 2866 turba
277 2808 406 2882 atergo,
427 2806 460 2862 et
480 2787 581 2881 tetigit
603 2799 673 2862 eius
692 2799 924 2863 vestimentum.
965 2797 1016 2863 28.
1037 2793 1177 2861 Dicebat
1197 2799 1297 2876 enim,

162 2899 198 2990 Si
218 2897 273 2963 vel
292 2899 515 2964 vestimentum
542 2898 613 2962 eius
631 2899 784 2982 tetigero,
814 2897 904 2964 salva
930 2918 999 2964 ero.
1039 2898 1092 2963 29.
1114 2897 1156 2964 Et
1182 2897 1296 2964 conie-

162 3001 234 3066 stim
255 2998 388 3062 siccatus
411 3007 459 3064 est
480 2997 555 3062 ions
575 3001 738 3085 sanguinis
764 2999 846 3076 eius,
868 3010 901 3064 et
920 3001 1019 3066 sensit
1032 3010 1179 3087 corpore,
1200 2997 1294 3086 quod

161 3109 274 3165 sanata
301 3109 386 3163 esset
413 3119 433 3163 a
462 3095 601 3184 flagello.
643 3100 695 3164 30.
723 3099 766 3166 Et
795 3103 899 3166 statim
931 3101 1020 3168 iesus
1051 3101 1086 3166 in
1117 3101 1295 3186 semetipso

163 3217 372 3284 cognoscens,
392 3201 540 3264 virtutem
554 3220 592 3266 er
612 3221 647 3268 se
668 3201 839 3288 prodiisse,
860 3223 1036 3274 conversus
1056 3205 1090 3266 iu
1109 3198 1205 3268 turba
1227 3205 1295 3267 nie-

46 3374 53 3400 &
161 3297 234 3380 bat,
262 3299 347 3386 Quis
368 3300 469 3384 tetigit
489 3303 678 3368 vestimenta
697 3307 788 3369 mea?
828 3303 879 3369 31.
907 3303 950 3368 Et
971 3299 1123 3367 dicebant
1144 3307 1176 3366 ei
1196 3303 1294 3368 disci-

161 3401 233 3490 puii
253 3403 367 3490 ipsius,
395 3395 502 3466 Vides
523 3399 647 3469 turbam
675 3403 820 3490 undique
839 3413 1035 3489 prementem
1057 3413 1105 3483 te,
1144 3413 1176 3468 et
1198 3403 1292 3482 dicis,

163 3505 247 3591 Quis
257 3508 308 3568 r‘ne
320 3502 442 3587 tetigit?
481 3503 532 3572 32.
551 3503 594 3570 Et
609 3502 896 3590 circumspiciebat,
914 3513 950 3570 ut
967 3503 1094 3570 videret
1104 3525 1182 3582 eam,
1204 3527 1292 3591 quae

161 3605 225 3672 boc
243 3605 375 3671 iecerat.
415 3605 467 3670 33
488 3603 611 3670 Mulier
619 3627 701 3671 vero
711 3609 826 3672 timens
847 3615 880 3672 et
900 3616 1048 3684 tremens,
1069 3609 1176 3671 sciens
1198 3603 1292 3691 quod

160 3705 278 3774 iactum
301 3715 386 3771 esset
408 3707 443 3771 in
463 3727 513 3785 se,
543 3709 633 3774 venit
654 3717 685 3772 et
705 3705 846 3792 procidit
873 3727 980 3772 curam
1003 3727 1058 3783 eo,
1091 3706 1235 3793 dixitq'ue
1258 3707 1292 3772 ei

161 3829 288 3878 omnem
309 3809 484 3874 veritatem.
524 3807 575 3874 34.
606 3807 666 3874 llle
693 3817 798 3874 autem
820 3807 897 3874 dixit
918 3811 965 3886 ei,
996 3807 1095 3896 Filia,
1126 3805 1212 3874 fides
1233 3817 1292 3874 tua

160 3921 194 3976 te
215 3913 367 3976 servavit:
392 3907 476 3974 rade
497 3911 531 3974 in
552 3930 647 3995 pace,
669 3919 701 3973 et
723 3919 792 3976 esto
813 3930 891 3974 sana
913 3932 931 3975 a
953 3909 1083 3996 flagelio
1105 3920 1170 3976 tuo.

244 4043 346 4111 LUC.
367 4041 452 4108 v111.
492 4041 544 4108 10.
562 4041 696 4108 Factum
718 4053 767 4108 est
791 4055 913 4124 aurem,
930 4067 1028 4132 quum
1047 4042 1170 4110 rediret
1190 4045 1293 4122 iesus,

160 4147 285 4230 excepit
312 4143 401 4209 illum
422 4142 532 4209 turba:
562 4163 635 4210 nam
648 4141 649 4146 ’
663 4163 774 4210 omnes
801 4143 1028 4231 exspectabant
1049 4167 1131 4211 eum.
1173 4146 1225 4210 41.
1245 4147 1290 4211 Et

79 4231 90 4297 '-
158 4265 236 4311 ecce
257 4245 346 4310 venit
365 4247 422 4324 vir,
443 4246 495 4310 oui
515 4265 634 4313 numen
653 4247 764 4326 lairus,
785 4250 907 4334 etipse
928 4250 1079 4336 princeps
1099 4267 1289 4334 synagogae
1386 4301 1388 4306 .

160 4355 242 4435 crat,
272 4358 303 4412 et
324 4345 464 4448 prpcidit
485 4347 649 4448 adlpedcs
669 4351 759 4429 iesu,
789 4371 906 4437 rogatu
927 4371 1015 4430 eum,
1044 4359 1078 4416 ut
1099 4352 1234 4418 intraret
1251 4351 1291 4416 in

620 4445 628 4477 1
