2766 4840
511 195 522 222 l

371 239 453 319 (197.
492 223 734 302 Sacrae'coenae
754 240 928 320 institutio.)
1171 250 1227 312 att

71 390 147 464 bito,
172 391 243 471 quin
263 391 407 453 continuo
425 405 548 465 ιιιιοιι,
595 349 855 474 ostquam⁸panem
876 389 1082 464 distribuerat,
1107 393 1228 456 calicem

69 467 218 528 addiderit.
259 469 351 544 Quod
375 491 451 542 vero,
474 469 510 529 de
537 413 627 530 caiice
669 471 835 532 eculiariter
854 483 955 530 narrat
974 469 1086 542 Lucas,
1111 491 1168 552 ego
1188 474 1226 532 ad

66 565 172 630 panem
192 565 313 626 quoque
333 546 469 608 extendo.
508 493 703 608 vescentibus
723 567 797 641 ergo
817 548 873 608 illis
893 567 1001 630 panem
1023 545 1155 608 Christus
1176 569 1226 608 ac-

70 622 155 700 cepit,
180 635 214 682 ut
235 643 286 683 eos
305 623 343 684 ad
362 644 456 695 norae
478 643 591 686 coenae
612 623 869 704 participationem
887 635 1017 684 vocaret.
1057 623 1227 684 Gratiarum

71 699 163 773 actio,
210 700 331 758 uaedam
351 698 538 780 praeparatio
563 701 619 761 suit
638 715 676 762 ac*
690 701 884 768 transitusad
903 700 1098 780 reputandum
1117 701 1248 781 myste-'

68 775 148 836 rium.
189 721 240 836 dic
258 775 340 836 ‘linita
361 796 472 850 coena,
501 797 614 837 sacrum
634 797 758 858 panem,
791 789 821 838 et
839 779 940 838 vinum
960 788 1127 860 gustarunt:
1159 777 1227 855 quia

69 851 144 929 prius
165 851 370 935 expergefacta
391 851 449 913 luit
467 873 571 914 eorum
591 854 740 930 securitas,
759 865 794 914 ut
810 855 867 924 toti
887 853 924 915 ad
944 865 1003 914 tam
1023 853 1147 916 sublime
1160 874 1226 934 my·

67 927 183 988 sterium
203 929 308 988 attenti
328 941 433 988 essent.
469 931 512 991 Et
530 930 607 990 ratio
635 930 675 990 ita
697 931 801 1022 exigit,
827 952 842 990 a
867 928 961 992 veteri
985 930 1089 990 umbra
1114 930 1226 990 clarum

68 1003 122 1064 hoc
140 1005 397 1085 spiritualissime
417 1004 617 1066 testimonium
643 1020 808 1087 oportuisse
830 1007 964 1068 discerni.
1002 1007 1126 1084 Accepit
1142 1007 1228 1068 Iesus

62 1101 174 1154 ponera
216 1083 365 1144 Incertum
386 1093 431 1142 est
450 1103 486 1142 au
507 1082 589 1158 ritus,
609 1085 659 1164 qui
679 1084 771 1146 hodie
788 1083 914 1152 celebris
934 1095 979 1144 est
997 1081 1075 1144 inter
1090 1083 1227 1154 ludaeos,

67 1167 135 1220 tuuc
149 1161 237 1220 etiam
255 1157 345 1218 luerit
356 1159 490 1219 usitatus:
511 1181 577 1220 uam
597 1160 805 1240 paterfamilias
824 1162 1019 1242 fragmentum
1040 1181 1056 1220 a
1077 1161 1228 1220 communi

68 1253 141 1309 pane
160 1248 310 1316 sumptum
329 1237 383 1296 sub
404 1257 510 1315 mappa
529 1237 676 1310 recondit,
698 1238 779 1298 cuius
799 1249 896 1374 partes
916 1237 1042 1296 familiae
1064 1237 1226 1297 distribuat.

67 1308 143 1382 Quia
163 1325 260 1372 autem
285 1312 357 1372 haec
382 1313 508 1374 humana
533 1312 652 1372 traditio
680 1325 724 1376 est
750 1314 832 1373 nulo
851 1313 911 1373 Dei
935 1314 1074 1373 mandato
1095 1312 1227 1384 lundata,
1268 1316 1272 1327 “

65 1405 125 1446 nou
145 1401 189 1450 est
209 1410 262 1449 cur
280 1389 366 1448 nimis
386 1389 500 1450 curiose
520 1388 687 1450 laboremus
707 1390 739 1450 iu
759 1390 926 1468 quaerenda
949 1388 1009 1449 eius
1030 1387 1154 1525 eripias.
1184 1385 1224 1448 Et
1288 1387 1299 1402 ⁸

65 1461 126 1522 lieri
146 1476 263 1544 potest,
289 1477 324 1524 ut
342 1465 469 1525 Satanae
489 1465 614 1526 artificio
635 1465 743 1528 deinde
763 1466 928 1546 excogitata
948 1465 1039 1526 luerit
1057 1487 1074 1524 a
1116 1467 1252 1525 ohscu-“

64 1541 183 1602 randum
206 1562 324 1618 coenae,
339 1541 451 1602 Christi
469 1542 649 1634 mysterium.
689 1541 848 1604 Caeterum
868 1542 891 1601 si
911 1555 982 1602 tunc
1001 1543 1079 1622 apud
1096 1541 1224 1603 ludaeos
1249 1609 1252 1616 p

65 1614 94 1672 in
112 1637 166 1678 usu
186 1619 244 1678 luit
263 1618 335 1678 haec
354 1638 534 1692 ceremonia,
552 1617 592 1678 ita
613 1631 765 1700 receptum
783 1639 898 1680 morem
916 1629 1055 1698 sequutus
1076 1629 1121 1680 est
1134 1615 1222 1678 Chri-

63 1703 131 1767 stus,
150 1709 183 1757 ut
201 1707 300 1756 tamen
320 1715 441 1756 suorum
460 1695 574 1754 animos
595 1694 653 1755 alio
674 1696 852 1769 traduceret,
869 1717 954 1756 usum
973 1693 1056 1775 panis
1076 1695 1107 1754 iu
1125 1694 1224 1754 diver·

64 1789 123 1828 sum
150 1773 240 1834 linem
266 1771 418 1831 mutando.
457 1771 524 1831 lloo
572 1771 669 1832 uidem
692 1771 756 1833 sine
785 1772 987 1834 controversia
1010 1771 1098 1832 statui
1125 1771 1226 1845 dehet,

64 1843 181 1910 abolitis
203 1848 303 1932 figuris
323 1845 466 1930 legalibus
485 1792 635 1928 proditum
655 1849 703 1910 hic
723 1847 810 1910 luisse
830 1848 978 1910 aChristo
998 1868 1109 1910 novum
1119 1848 1227 1910 Sacra·

63 1937 203 1986 meutum.
245 1925 341 2007 (luunt
366 1927 482 2000 gratius
506 1929 616 2002 egisset.
654 1925 771 1986 Morcus
801 1936 832 1986 et
855 1925 1021 1988 Matthaeus
1045 1921 1229 2000 bmrediceudi

63 1999 155 2061 verbo
175 2013 318 2062 utuntur:
348 2001 400 2062 sed
428 2023 516 2081 quum
542 1999 604 2062 eius
629 2001 698 2064 loco
724 2001 840 2084 legatur
864 2001 942 2083 apud
966 2001 1076 2065 Lucam
1100 2001 1227 2070 verbum

62 2081 265 2154 εὐχαριστήσας,
284 2078 423 2147 insensu
442 2078 521 2138 nulla
543 2091 587 2138 est
606 2078 790 2162 ambiguitas.
825 2080 867 2138 Et
886 2101 975 2157 quum
996 2077 1103 2138 deiude
1122 2078 1153 2138 in
1174 2099 1223 2138 ca-

63 2146 118 2210 lice
139 2155 299 2234 gratiarum
319 2155 467 2216 actionem
487 2153 664 2227 subiiciunt,
694 2155 802 2235 prioris
822 2155 893 2214 dicti
912 2155 980 2214 satis
1001 2154 1071 2215 clari
1091 2164 1159 2216 sont
1178 2155 1225 2212 iu-

63 2235 218 2306 terpretes.
258 2231 330 2303 Quo
342 2229 433 2309 magis
445 2228 570 2293 ridicula
583 2242 627 2289 est
638 2229 821 2308 Papistarum
833 2229 959 2304 inscitia,
980 2230 1030 2308 qui
1048 2229 1137 2310 signo
1157 2250 1228 2288 cru.

60 2301 102 2360 cis
122 2302 364 2366 benedictionem
384 2305 565 2383 exprimunt,
594 2305 676 2382 quasi
703 2307 865 2368 exorcismo
887 2305 1021 2366 Christos
1047 2316 1127 2370 esset
1148 2319 1226 2365 usus.

61 2377 208 2439 Memoria
237 2372 310 2442 vcro*
336 2379 497 2440 tenendum
524 2392 570 2440 est
600 2381 686 2459 quod
706 2401 802 2460 nuper
832 2381 883 2440 atti
907 2381 931 2455 i,
961 2381 1036 2441 hanc
1065 2381 1227 2462 gratiarum

60 2453 375 2536 actionem'spirituali
394 2455 534 2534 mysterio
555 2477 618 2516 esse
639 2456 835 2518 coniunctam.
874 2401 979 2537 licque
1007 2457 1086 2518 euim
1105 2470 1138 2516 ut
1156 2478 1226 2538 gra-

60 2526 197 2590 tiasDeo
218 2551 308 2614 agere
327 2530 468 2600 iubentur
487 2531 599 2606 fideles,
640 2532 687 2592 uia
708 2551 760 2592 cos
780 2533 812 2594 in
832 2533 885 2594 hac
905 2535 1013 2594 caduca
1032 2536 1091 2601 vita
1109 2546 1227 2594 susten-

60 2615 121 2690 ιιι,
142 2604 277 2676 Christus
297 2607 435 2668 duutmt
454 2608 491 2668 ad
510 2554 709 2688 promisiuum
728 2609 836 2670 victum
856 2631 903 2671 res
926 2610 1001 2684 exit,
1022 2610 1076 2670 aed
1096 2609 1225 2684 intentus

60 2681 118 2768 luit
137 2683 175 2752 ad
194 2704 306 2756 sacram
325 2683 484 2758 actionem,
504 2697 538 2744 ut
556 2705 611 2764 pro
633 2696 753 2758 aeterna
773 2687 891 2780 generis
905 2631 1030 2746 humaui
1049 2684 1141 2745 salute
1194 2706 1226 2746 a-

60 2766 114 2818 tras
133 2757 203 2820 Deo
223 2772 334 2844 ageret.
372 2761 447 2822 Nam
467 2761 492 2824 si
511 2761 660 2836 alimenta,
680 2783 755 2841 quae
772 2785 806 2824 m
827 2763 922 2824 alvum
942 2761 1134 2838 descendunt,
1153 2707 1226 2838 Chr-

60 2833 117 2892 tari
137 2856 194 2896 nos
213 2850 245 2898 et
263 2837 412 2900 stimulare
433 2839 544 2900 debent
558 2839 607 2898 ad
625 2850 782 2930 paternum
802 2839 863 2902 Dei
883 2839 1014 2904 savorem
1033 2839 1226 2900 laudandum:

61 2923 175 2998 quanto
195 2935 252 2976 nos
270 2914 473 2978 vehementius
493 2915 609 2990 excitat,
628 2935 689 2978 imo
710 2917 871 2978 inflammat
890 2918 927 2978 ad
946 2917 1004 2976 hoc
1023 2915 1140 2995 pietatis
1157 2915 1226 2974 oili-

63 3007 155 3062 crum,
186 2992 239 3054 ubi
263 2992 374 3057 animas
396 3003 516 3064 ¹nostras
542 2992 734 3072 spiritualiter
759 2994 871 3074 pascit?
908 2996 1058 3069 Accipite,
1082 2989 1226 3052 omneditc.

62 3059 108 3126 Nc
124 3065 173 3126 hic
193 3069 248 3128 sim
268 3069 390 3130 nimium
401 3069 549 3150 prolixus,
567 3081 681 3130 tantum
703 3071 832 3132 breviter
850 3071 1057 3162 perstringam,
1077 3070 1169 3149 qualis
1178 3069 1229 3144 sit,

64 3150 94 3197 ct
114 3143 186 3221 quid
207 3146 240 3206 in
259 3167 290 3208 se
310 3145 598 3207 contiueatDomini
618 3146 781 3208 institutio:
801 3147 922 3222 deinde,
940 3169 1004 3226 quus
1023 3148 1060 3210 sit
1080 3145 1141 3209 eius
1161 3145 1227 3206 linis

64 3225 94 3272 et
112 3239 191 3294 usus,
211 3235 354 3302 quatenus
373 3243 407 3282 ex
425 3222 621 3306 Evangelistis
640 3223 785 3302 colligere
803 3223 880 3285 licet.
920 3225 1018 3304 Atque
1031 3227 1087 3293 hoc
1099 3224 1226 3302 primum

64 3296 210 3378 occurrit,
236 3299 384 3363 Christum
412 3320 534 3360 coenatu
562 3298 731 3373 instituere,
757 3322 843 3378 quarn
864 3301 941 3361 inter
958 3323 989 3362 se
1010 3301 1229 3362 communicent

65 3366 210 3451 discipuli.
250 3375 338 3436 Unde
359 3375 505 3454 sequitur,
525 3375 703 3436 diabolicum
723 3397 789 3437 esse
805 3376 975 3450 intentum,
1000 3377 1080 3456 quod
1100 3398 1130 3435 se
1150 3399 1226 3436 uirus

66 3443 154 3532 homo
172 3471 189 3512 a
204 3451 322 3530 relique
341 3463 430 3512 coetu
446 3471 584 3532 separans
601 3452 737 3532 privatim
750 3472 873 3513 coenam
885 3453 1009 3536 peragit.
1050 3453 1130 3526 Quid
1147 3453 1230 3512 enim

63 3537 159 3584 antuus
179 3540 410 3590 consentaneum
431 3549 519 3607 quarn
539 3527 673 3588 distribui
693 3529 772 3590 iuter
792 3551 893 3590 omnes
913 3551 1030 3610 panem,
1050 3540 1223 3588 ctscorsuna

64 3594 101 3652 ab
126 3622 188 3662 uuo
214 3605 330 3666 vorari?
372 3604 513 3680 Quamvis
539 3625 612 3688 ergo
638 3605 748 3666 iactent
772 3606 909 3686 Papistae
935 3629 967 3668 se
992 3607 1023 3678 in
1048 3606 1106 3664 suis
1131 3605 1226 3664 Missis

64 3690 175 3738 coenae
203 3680 369 3742 dominicae
396 3681 504 3742 hahere
529 3681 735 3754 substantiam,
765 3705 801 3742 ex
835 3705 868 3744 re
892 3683 954 3762 ipsa
979 3694 1077 3742 mmeu
1101 3692 1228 3756 constat,

66 3763 213 3880 Quotquot
232 3756 385 3821 celebrant
401 3758 527 3838 privatas
537 3759 648 3831 blissas,
666 3757 791 3822 totidem
810 3780 827 3820 a
846 3759 968 3820 diaholo
989 3760 1024 3820 ad
1045 3757 1227 3817 obruendam

95 3823 176 3890 bristi
196 3855 321 3896 coenam
341 3847 439 3894 erecta
460 3855 520 3896 esse
542 3847 588 3894 tro
612 3854 671 3896 aea.
710 3835 818 3898 lisdem
837 3837 935 3898 verbis
956 3836 1107 3906 docemur,
1133 3834 1225 3923 qualis

65 3895 95 3956 5¹¹
115 3923 211 3992 eperia
233 3909 346 3972 oblatio
368 3907 518 3972 aChristo
536 3856 643 3970 tradita
663 3911 761 3972 luerit.
801 3913 890 3976 lubet
907 3933 975 3974 suos
995 3911 1143 3989 accipere:
1164 3931 1227 3988 ipse

56 3986 111 4034 est
135 3979 350 4062 igitur‘sotus,
375 3985 425 4066 (μή
450 3987 550 4048 οιιιιι
591 3985 683 4060 Quod
710 4009 783 4071 ergo
809 3989 945 4070 Papistae
967 3986 1115 4048 Christum
1138 4007 1169 4046 se
1194 3987 1227 4047 iu

67 4067 161 4140 coena
182 4061 294 4126 ollerre
314 4065 442 4145 fingunt,
461 4085 477 4124 a
496 4063 646 4124 contrario
668 4079 788 4126 auctore
809 4065 975 4145 profectum
996 4076 1048 4124 est.
1087 4063 1126 4122 Et
1146 4075 1229 4124 certe

66 4143 139 4212 mira
160 4150 205 4196 est
224 4141 278 4200 ista
298 4139 486 4230 anastrophe,
506 4153 539 4199 ut
557 4139 688 4202 mortalis
709 4142 810 4215 homo,
830 4142 898 4202 dum
920 4139 1030 4201 Christi
1049 4161 1156 4218 corpus
1176 4161 1227 4200 ac.

68 4219 169 4281 cipere
183 4213 312 4291 iubetur,
331 4217 387 4278 sihi
407 4236 468 4278 erus
488 4216 638 4276 ollcrcndi
656 4229 755 4297 partes
776 4217 909 4296 arripiat:
929 4227 1016 4308 atque
1028 4218 1068 4278 ita
1082 4217 1227 4279 Sacerdos

70 4289 223 4373 ase,ileo
245 4305 358 4354 creatus
369 4294 437 4354 Deo
448 4293 557 4354 Filium
577 4316 659 4354 suum
679 4293 824 4354 immolet.
861 4296 930 4354 Non
952 4295 1069 4374 disputo
1089 4293 1119 4352 in
1140 4315 1227 4374 prae-

74 4368 186 4440 81ῗῃῑηι
211 4389 298 4450 quam
327 4369 425 4432 mutus
448 4369 609 4452 sacrilegia
631 4383 743 4434 scateat
753 4369 866 4435 ‚beticia
885 4387 986 4434 eorum
1007 4371 1135 4432 oblatio:
1158 4369 1230 4430 mihi
