2764 4854
271 259 438 334 (ets-en.
479 255 612 318 Christus
632 253 779 336 discipulis
800 224 957 335 apparet.)¹
983 265 987 279 ·
1129 259 1188 323 m

39 415 102 480 llis.
145 413 196 479 30.
217 411 259 478 Et
280 411 397 478 lactum
420 381 476 492 est,
498 411 573 478 dum
591 405 887 478 accumberetbnm
910 411 968 490 eis,
989 411 1113 498 accepit
1132 433 1189 500 pa·

35 539 102 582 scm
129 527 165 582 et
185 515 429 596 benedixit,'ac
450 514 559 621 lregit,
581 525 613 580 et
633 508 820 601 porrigebat
840 511 914 578 illis.

106 733 180 794 Luc.
204 739 251 800 13.
294 731 335 792 Er
358 755 437 810 eccs,
464 731 531 795 duo.
568 731 632 794 Etsi
652 733 728 794 hanc
752 732 903 794 historiam
928 724 1043 790 Marcus
1072 735 1187 792 tantum

34 811 163 870 sreviter
181 809 308 892 delibat,
332 811 496 872 Matthaeus
517 821 547 871 et
566 811 693 873 Ioannes
714 831 752 870 nc
770 807 863 870 verbo
885 807 1003 889 quidem
1022 807 1187 888 attingunt:

33 889 96 978 quia
118 897 215 946 tamen
235 887 357 968 cognitu
377 888 509 969 apprime
528 887 606 946 utilis
627 899 657 948 et
675 899 838 947 memoratu
849 885 937 970 digna
947 895 1020 958 erat,
1039 903 1103 966 cam
1123 904 1186 944 non

33 974 137 1023 :rustra
149 961 312 1024 Lucas'tam
332 976 467 1025 accurate
487 964 682 1046 persequitur.
715 963 774 1024 Sed
794 964 850 1024 iam
870 981 957 1040 saepe
976 959 1125 1037 admonui,
1145 961 1186 1022 ita

33 1039 150 1122 singulis
170 1038 366 1122 Evangelistls
384 1061 449 1100 suas
473 1051 570 1122 partes
596 1052 665 1121 apte
689 1038 869 1101 distribuisse
888 1035 988 1098 Deis
1012 1035 1124 1111 iritum,
1154 1048 1188 1098 ut

33 1111 209 1196 quodapud
228 1137 318 1176 unum
337 1117 385 1177 vel
405 1117 478 1178 dnos
498 1138 558 1177 non
580 1119 719 1192 occurrit,
739 1137 771 1176 ex
782 1115 846 1177 aliis
866 1115 978 1175 discere
990 1057 1090 1174 liceat.
1108 1115 1184 1174 Nam

33 1205 57 1252 et
78 1192 177 1271 plures
198 1192 334 1267 visiones,
353 1214 474 1273 quarum
495 1193 609 1254 mentio
629 1193 662 1254 fit
681 1195 758 1275 apud
778 1192 933 1267 Ioannem,
952 1192 1029 1270 apud
1048 1201 1108 1251 tres
1127 1212 1185 1251 no·
1248 1224 1254 1235 =

32 1282 103 1328 utros
123 1278 267 1329 tacentur.
306 1269 403 1330 Porro
424 1281 581 1350 antequam
606 1272 642 1331 ad
662 1268 790 1354 singulas
811 1265 1040 1329 circumstantias
1058 1267 1185 1343 reniam,

32 1367 84 1406 roc
111 1344 275 1405 summatim
299 1345 427 1426 praelati
452 1368 561 1428 operae
585 1347 712 1427 pretium
738 1345 809 1420 erit,
840 1343 971 1406 delectos
1001 1343 1089 1405 luisse
1109 1344 1183 1405 duos

32 1424 101 1482 istos
121 1433 221 1496 testes,
241 1443 295 1502 per
314 1443 387 1502 quos
399 1424 546 1484 Dominus
565 1444 627 1483 non
647 1423 837 1504 persuaderet
853 1420 1016 1502 Apostolis,
1034 1439 1066 1480 se
1085 1441 1184 1480 resur-

31 1497 146 1573 rexisse,
165 1499 215 1558 sed
239 1517 341 1558 eorum
360 1498 527 1560 tarditatem
546 1512 735 1581 coargueret:
756 1498 886 1591 quamvis
895 1509 995 1557 tamen
1006 1495 1091 1556 initio
1111 1495 1185 1556 nihil

31 1574 246 1654 promoverint,
284 1573 347 1635 aliis
372 1576 478 1636 deinde
504 1577 686 1638 adminiculis
709 1577 911 1637 testemonium
931 1594 1035 1636 eorum
1054 1573 1184 1633 adiutum

31 1653 104 1730 apud
129 1651 209 1730 ipsos
233 1651 340 1711 iustum
365 1654 482 1732 pondus
509 1651 646 1714 obtinuit.
686 1653 817 1729 Quinam
841 1671 913 1712 vero
933 1651 1044 1712 luerint
1062 1647 1184 1710 dnbiutn

31 1739 85 1802 est,
106 1727 162 1786 nisi
183 1727 261 1806 quod
283 1747 319 1786 ex
337 1728 455 1790 alterius
474 1728 595 1791 nomine
615 1733 716 1810 (quem
729 1730 823 1789 Lucas
842 1728 933 1810 paulo
952 1737 1021 1806 post
1038 1724 1184 1807 Cleopam

30 1803 160 1880 uocabit)
181 1803 329 1864 conlisere
350 1803 420 1865 licet
438 1826 500 1867 non
519 1807 607 1867 luisse
628 1827 661 1866 ex
677 1806 832 1866 undecim:
861 1805 975 1865 Emmss
991 1811 1075 1864 vetus
1095 1803 1184 1884 oppi-

30 1882 94 1940 lum
117 1880 186 1955 luit,
214 1899 270 1940 nec
289 1881 439 1962 ignobile,
469 1884 549 1964 quod
569 1895 671 1963 postea
690 1881 861 1962 Nicopolim
879 1891 1024 1943 vocarunt
1042 1879 1183 1940 Romani:

30 1977 83 2016 nec
103 1957 192 2038 longa
212 1956 346 2016 distantia
367 1958 422 2019 luit
441 1960 477 2020 ab
489 1958 713 2041 Hierosolymis,
732 1979 820 2040 quum
840 1979 904 2018 sexa
928 1958 988 2017 inta
1007 1956 1099 2016 stadia
1117 1966 1184 2015 tan·

30 2047 86 2092 tum
107 2046 218 2114 septem
238 2031 327 2093 millia
348 2055 482 2114 passuum
508 2035 639 2097 efficiant
664 2047 695 2097 et
719 2056 818 2117 passus
843 1978 1084 2116 quadringentos.
1122 2031 1184 2093 Sed

29 2111 108 2170 locus
127 2130 188 2169 non
208 2121 267 2168 tam
289 2109 328 2169 ob
353 2111 571 2188 celebritatem,
609 2133 696 2194 qnam
721 2113 757 2174 ad
778 2111 994 2172 certitudinem'
1005 2109 1146 2170 historiae
1165 2129 1183 2170 a

29 2187 105 2247 Luca
125 2205 275 2267 expressus
294 2187 359 2246 luit.

101 2270 148 2328 ll.
174 2261 215 2320 Et
231 2265 289 2338 ipsi
307 2262 548 2345 coaequabimur.
574 2265 643 2324 Hoc
661 2263 779 2345 pietatis
792 2262 908 2345 signnm
918 2261 985 2336 luit,
1005 2257 1182 2339 quodbdem

28 2341 56 2398 in
83 2337 247 2412 Christum,
276 2337 347 2400 licet
371 2340 515 2400 infirmam
540 2351 571 2400 et
595 2341 744 2421 exiguam,
773 2349 923 2418 utcunque
953 2337 1056 2397 lovere
1082 2335 1182 2398 conati

28 2427 108 2476 sunt:
130 2434 226 2493 neque
246 2416 324 2476 enim
342 2415 401 2492 alio
420 2416 563 2477 tendebat
582 2415 774 2508 colloquium,
793 2415 849 2476 nisi
868 2425 900 2474 nt
918 2413 1049 2496 magistri
1067 2413 1112 2473 sui
1131 2431 1181 2473 re-

28 2492 187 2553 uerentiam
207 2492 298 2553 crucis
317 2492 455 2558 scandalo
476 2493 568 2554 instar
581 2491 678 2573 clypea
694 2502 891 2572 opponerent.
931 2490 1108 2570 Quanquam
1127 2509 1180 2551 au-

28 2581 84 2629 lem
103 2567 277 2628 sciscitando
303 2580 333 2629 et
359 2569 536 2650 disputando
555 2569 698 2629 inscitiam
717 2589 749 2629 re
772 2566 949 2630 rehensione
969 2566 1088 2648 dignam
1108 2587 1181 2646 pro·

28 2643 150 2722 lebant,
176 2664 264 2722 quum
284 2645 398 2725 pridem
418 2646 561 2706 admoniti
581 2648 618 2706 de
637 2645 734 2706 lutura
752 2591 866 2706 basisti
884 2643 1102 2704 resurrectione
1123 2643 1180 2704 ob-

28 2732 224 2801 stupescerent
242 2721 279 2780 ad
299 2721 361 2782 eius
381 2722 527 2796 auditum,
547 2742 649 2783 eorum
667 2734 767 2782 mmen
787 2719 921 2782 docilitas
940 2721 976 2781 ad
997 2720 1181 2781 eximendum

28 2818 154 2859 errorem
175 2796 294 2858 Christo
314 2797 424 2858 aditum
443 2798 588 2880 praebuit.
626 2798 713 2859 lllulti
733 2799 812 2860 enim
832 2798 898 2858 data
918 2816 1010 2878 opera
1030 2795 1179 2876 quaestio-

28 2895 74 2934 nes
95 2884 225 2948 movent,
245 2873 312 2954 quia
331 2875 387 2934 illis
406 2875 590 2956 propositum
611 2886 655 2935 est
674 2873 887 2936 contumaciter
905 2893 1005 2934 verum
1024 2891 1178 2954 respuere:
1261 2908 1266 2918 ·

28 2949 128 3030 quibus
148 2959 244 3009 autem
265 2951 349 3011 cordi
369 2963 414 3011 est
431 2952 545 3032 placide
565 2973 665 3018 verum
683 2951 832 3033 amplecti,
852 2949 965 3012 etiamsi
984 2948 1123 3013 vacillent
1142 2950 1180 3012 ad

28 3027 154 3086 ninimas
175 3026 369 3102 obiectiones,
389 3039 419 3087 et
430 3028 466 3088 ad
478 3027 556 3090 leves
568 3027 721 3109 scrupulos
731 3028 899 3104 subsistant,
918 3027 962 3088 his
981 3027 1105 3109 gratiam
1125 3047 1179 3088 co-

28 3125 83 3163 ·am
93 3105 160 3163 Deo
181 3102 261 3183 pium
282 3103 442 3165 obediendi
461 3105 588 3165 studium
608 3105 757 3180 conciliat,
777 3117 810 3165 nt
829 3103 911 3184 quasi
952 3115 1067 3165 orrccta
1086 3123 1175 3165 manu

28 3202 52 3238 ,n
72 3179 193 3240 solidam
213 3179 417 3240 certitudinem
431 3181 547 3242 adducti
564 3182 706 3242 fluctuare
727 3182 868 3260 desiqant.
939 3201 975 3240 oc
995 3181 1112 3263 quidem
1132 3193 1178 3242 te-

28 3255 149 3316 rendum
170 3267 228 3331 est,
247 3255 298 3315 nbi
319 3257 355 3317 de
377 3253 495 3318 Christo
515 3258 703 3338 inquirimus,
731 3258 755 3319 si
774 3257 908 3320 modesto
929 3255 1060 3318 discendi
1079 3258 1178 3321 studio

31 3333 50 3391 d
72 3331 132 3404 liat,
151 3331 267 3391 ianuam
288 3333 315 3392 ei
335 3345 464 3425 apertam
487 3355 549 3395 esse
568 3331 603 3394 ad
616 3335 834 3410 nosiuvandos,
852 3333 912 3394 imo
931 3345 1003 3395 tunc
1021 3334 1103 3395 velut
1121 3334 1177 3394 do-

28 3421 133 3468 :torem
148 3409 240 3488 ipsum
253 3430 434 3486 arcessimus,
452 3409 549 3475 sicuti,
555 3411 674 3491 profani
693 3410 827 3472 homines
845 3409 965 3492 impuris
986 3411 1044 3471 suis
1063 3430 1177 3472 sermo-

28 3483 108 3545 rihus
130 3505 194 3544 eum
215 3484 319 3566 procul
339 3499 530 3547 summovent.
1032 3511 1040 3531 ·

95 3566 142 3626 ts.
184 3560 271 3621 Oculi
292 3561 409 3624 illorum
431 3562 605 3624 medonem.
643 3564 712 3624 Hoc
737 3563 845 3625 diserte
869 3563 1057 3648 Evangelista
1085 3573 1176 3622 testa-

28 3659 83 3712 ur,
103 3657 142 3696 ne
162 3638 225 3718 quis
244 3651 329 3729 putet
346 3651 485 3701 mutatam
504 3641 593 3701 fuisse
612 3640 745 3721 corporis
766 3639 876 3702 Christi
896 3641 1028 3722 liguram.
1061 3638 1175 3714 Quam-

28 3715 62 3772 ris
82 3733 155 3795 ergo
175 3713 278 3778 similis
294 3716 337 3774 sui
363 3728 496 3778 maneret
514 3717 664 3790 Christus,
693 3717 762 3778 ideo
788 3717 904 3800 agnitus
923 3735 987 3776 nnn
1006 3714 1080 3789 luit,
1107 3713 1175 3804 qnia

28 3791 97 3870 :apti
118 3801 201 3849 erant
220 3791 380 3851 videntium
401 3793 493 3870 oculi,
513 3813 573 3872 qun
593 3793 708 3854 tollitur
726 3793 835 3874 spectri
854 3791 902 3853 vel
922 3790 1012 3851 falsae
1031 3791 1175 3873 imagina-

28 3866 109 3926 ionis
128 3867 265 3960 suspicio.
311 3867 389 3928 Hinc
409 3890 481 3929 vero
503 3869 658 3944 docemur,
697 3883 806 3950 quanta
826 3869 911 3929 sitin
930 3867 1017 3928 nobis
1036 3886 1174 3928 sensuum

28 3943 149 4002 emnium
170 3943 369 4014 imbecillitas,
399 3955 432 4004 ut
458 3965 554 4025 neque
574 3946 653 4006 oculi
673 3967 728 4007 nec
747 3965 831 4006 aures
851 3942 953 4004 officio
973 3965 1027 4004 suo
1047 3943 1176 4023 langan-

29 4041 83 4092 ur,
104 4018 158 4077 nisi
178 4031 321 4098 quatenus
341 4019 398 4081 illis
418 4021 530 4082 assidue
549 4023 717 4104 suggeritur
736 4042 752 4083 e
773 4019 859 4083 coelo
879 4019 1009 4080 facultas.
1047 4019 1175 4080 Natura·

28 4098 87 4155 iter
106 4095 222 4174 quidem
243 4097 301 4157 suis
322 4095 439 4156 dotibus
459 4099 590 4178 praedita
605 4110 673 4159 sunt
684 4098 815 4159 membra
825 4108 940 4156 nostra:
959 4096 1010 4156 sed
1030 4115 1090 4176 quo
1110 4116 1175 4157 me-

28 4174 71 4232 ius
94 4182 209 4231 constet
229 4173 364 4252 precario
385 4173 470 4232 nobis
491 4193 641 4234 concessas
653 4193 725 4248 esse,
743 4172 826 4234 Deus
845 4168 876 4232 ln
896 4190 984 4232 mann
1003 4193 1054 4234 sua
1074 4191 1174 4234 earum

28 4270 100 4308 usum
120 4249 244 4322 retinet,
263 4260 296 4308 ut
315 4249 373 4310 hoc
392 4249 502 4330 ipsum,
522 4251 602 4330 quod
622 4269 705 4310 aures
725 4248 847 4308 audiunt
866 4259 896 4308 et
915 4249 995 4310 ocnli
1013 4249 1123 4326 vident,
1143 4250 1176 4310 in

28 4323 195 4404 quotidianis
223 4325 284 4385 eius
307 4325 458 4386 beneficiis
483 4327 654 4408 ponendum
673 4327 724 4386 sit:
764 4325 831 4418 qnia
851 4325 907 4386 nisi
925 4325 957 4385 in
975 4325 1089 4410 singula
1109 4346 1175 4385 mo·

28 4412 255 4482 uenta'vegctet
273 4423 372 4464 sensus
393 4414 527 4501 nostrps,
556 4414 619 4464 tota
640 4423 741 4465 eorum
761 4425 803 4468 rts
822 4423 889 4464 mox
909 4401 1027 4483 peribit.
1064 4403 1177 4464 Fateor
