2768 4834
873 143 880 174 l

194 269 253 336 Μ
398 263 551 327 SECTIO
572 262 610 324 V.
648 263 799 330 nutans
819 263 896 326 trsu
916 275 1117 326 ammonem.

194 439 271 495 mus,
288 418 340 482 sed
358 417 449 479 timor
467 437 570 478 omnes
588 417 787 478 circumdedit
829 417 930 494 Quare
949 417 1096 493 videmus,
1115 437 1233 479 sensum
1253 417 1345 480 hunc

194 497 359 580 ingenitum
379 516 442 555 esse
462 493 610 568 omnibus,
628 508 660 553 ut
672 487 708 555 :id
720 495 779 555 Dei
793 494 990 575 praesentiam
1000 508 1199 574 expavescant
1233 496 1347 586 Atque

87 613 91 620 ·
196 573 228 634 id
252 573 339 652 nobis
363 571 436 632 utile
461 583 519 646 est,
547 583 581 630 ut
606 571 743 652 quicquid
770 571 801 630 in
828 573 914 632 nobis
940 582 984 631 est
1009 571 1113 632 stultae
1134 571 1347 634 confidentiae

195 650 244 710 vel
270 651 359 712 fastus
385 649 569 722 humilietur,
598 647 688 708 modo
715 649 810 708 statim
832 648 951 708 accedat
972 649 1152 723 consolatio,
1182 669 1261 728 quae
1284 670 1348 708 nos

196 727 340 788 sublevet.
377 727 451 786 Ideo
473 723 606 785 Christus
625 725 705 786 suavi
725 740 754 785 et
774 726 863 784 amica
884 725 1078 812 responsione
1099 726 1182 786 Petri
1203 727 1346 785 animum

197 815 323 876 recreat,
341 813 474 862 metuere
495 803 588 882 ipsum
608 799 718 864 vetius.
751 803 796 862 Ita
812 802 958 862 Dominus
978 802 1009 861 in
1028 802 1195 882 sepulcrum
1218 803 1348 864 demer-

195 881 240 964 git
258 899 336 954 suos,
354 891 390 938 ut
408 877 514 938 deinde
535 879 670 940 vivificet.
850 935 854 950 ,
958 929 960 936 s

272 955 344 1016 Luc.
368 963 416 1021 10.
454 952 580 1016 Posthac
602 961 677 1016 mim
701 953 828 1034 bombus
849 958 954 1030 copies.
996 955 1057 1015 Pro
1078 976 1138 1036 quo
1158 957 1349 1032 Matthaeus,

187 1033 310 1115 faciam
329 1053 379 1091 ons
392 1030 718 1110 piscatoreahome'num,
739 1035 948 1105 lllarcusvoro,
958 1035 1090 1114 feroinus,
1108 1047 1140 1091 ut
1158 1037 1222 1092 sitis
1236 1037 1348 1108 prisca·

196 1125 280 1170 tons.
320 1107 437 1184 Quibus
460 1109 558 1170 verbis
585 1111 743 1182 docemur,
777 1109 897 1168 Petrum
923 1120 953 1169 et
977 1109 1050 1169 alios
1076 1121 1135 1170 tres
1160 1131 1225 1170 nou
1245 1109 1347 1170 modo

198 1186 341 1248 collectos
365 1182 454 1246 luisse
481 1185 639 1266 discipulos
665 1209 681 1246 a
710 1185 846 1256 Christo,
875 1187 927 1246 sed
947 1197 1061 1246 creatos
1082 1185 1264 1264 Apostolos,
1293 1185 1349 1245 vel

197 1263 300 1324 saltem
320 1261 432 1326 electos
452 1263 482 1322 in
503 1264 622 1344 spemll
644 1263 795 1322 ostolatus.
826 1263 894 1322 Nou
916 1283 989 1344 ergo
1010 1262 1058 1322 hic
1079 1262 1226 1343 generalis
1239 1262 1347 1322 solum

198 1339 376 1400 describitur
393 1339 510 1400 vocatio
531 1339 567 1399 ad
588 1339 605 1397 fi
629 1361 691 1414 em,
718 1340 769 1400 sed
788 1361 801 1398 s
825 1337 922 1406 ecialis
942 1341 978 1400 ad
998 1350 1108 1400 certum
1130 1359 1245 1398 munus.
1279 1339 1345 1397 Fa-

137 1433 140 1440 '
196 1427 266 1476 teor
286 1415 414 1496 quidem,
433 1417 566 1476 nondum
586 1416 642 1478 illis
661 1415 776 1498 iniungi
796 1359 924 1492 (loceudi
943 1429 1051 1497 partes,
1070 1417 1121 1476 sed
1132 1427 1232 1476 tamen
1246 1414 1346 1475 Chri-

197 1503 258 1554 stus
285 1497 337 1552 e'os
361 1492 494 1552 insnum
515 1492 742 1552 contubernium
762 1493 875 1553 asciscit
895 1504 925 1552 et
945 1503 1082 1572 cooptat,
1110 1503 1144 1552 ut
1163 1493 1201 1552 ad
1222 1491 1343 1552 docen-

197 1569 267 1630 dum
287 1569 405 1629 formet.
436 1569 535 1648 Atque
556 1569 612 1630 boc
632 1568 1059 1650 prudenterconsiderandum,
1079 1567 1225 1650 quianon
1238 1569 1344 1628 omni-

197 1646 255 1708 bus
280 1639 477 1727 praecipitur,
510 1656 543 1704 ut
565 1647 737 1724 parentibus
763 1646 871 1706 relictis
893 1658 922 1706 et
941 1647 1066 1727 pristino
1086 1643 1204 1706 vivendi
1224 1665 1344 1725 genere

199 1722 349 1784 Christum
368 1733 528 1802 sequantur
546 1722 685 1801 pedibus,
713 1723 763 1783 sed
784 1723 856 1782 alios
877 1726 1033 1783 cobtentus
1053 1732 1098 1782 est
1114 1721 1263 1781 Dominus
1285 1721 1344 1780 ha-

112 1798 120 1810 '
198 1798 271 1860 bere
292 1797 323 1857 in
343 1817 436 1887 grege
455 1818 509 1862 suo
531 1809 561 1856 et
580 1798 727 1871 Ecclesia,
757 1798 819 1859 aliis
838 1799 990 1878 propriam
1010 1799 1167 1860 stationem
1187 1797 1343 1858 attribuit:

200 1873 304 1956 quibus
324 1873 414 1954 igitur
432 1873 568 1953 imposita
589 1887 633 1934 est
651 1873 768 1955 publiea
790 1895 926 1956 persona,
945 1877 1048 1951 sciant,
1068 1897 1132 1937 ase
1145 1874 1209 1954 plus
1224 1872 1262 1933 ali
1286 1873 1344 1934 uid

110 1989 112 1998 ι
197 1949 310 2030 requiri
331 1971 417 2030 quam
438 1972 454 2009 a
475 1949 655 2029 quibuslibet
674 1952 803 2033 privatis.
833 1953 877 2011 lta
891 1949 1025 2012 Christus
1045 1952 1074 2010 in
1096 1951 1248 2011 communi
1259 1897 1342 2010 cilio-

197 2047 263 2087 rum
282 2026 342 2086 vita
361 2026 434 2086 nihil
453 2039 585 2104 mutam,
614 2041 741 2108 quatuor
760 2030 831 2088 istos
852 2027 1008 2108 discipulos
1029 2029 1066 2088 ab
1087 2027 1226 2108 opificio,
1254 2029 1341 2088 unde

198 2103 329 2166 vixerant
360 2102 517 2179 hactenus,
535 2117 537 2124 ’
555 2104 688 2178 abducit,
707 2115 755 2164 ‘ut
784 2125 886 2164 eorum
913 2125 1005 2186 opera
1029 2105 1065 2165 ad
1090 2102 1342 2184 praestantiorem

197 2179 382 2242 functionem
403 2192 507 2261 utatur.
538 2178 634 2242 Porro
652 2202 762 2242 crassos
782 2181 899 2254 idiotas,
919 2204 974 2244 nec
994 2182 1089 2240 minus
1102 2182 1188 2244 rudes
1200 2181 1343 2262 ingenio,

199 2277 287 2337 quam
306 2258 458 2318 doctrinae
479 2270 621 2338 expertes,
640 2257 696 2317 sibi
717 2256 850 2318 Christus
870 2258 981 2340 delegit
1001 2279 1074 2338 quos
1095 2256 1254 2348 expoliret,
1275 2258 1339 2318 imo

101 2339 105 2344 '
199 2354 274 2413 quos
298 2333 321 2393 S
343 2335 425 2396 iritus
449 2333 499 2417 sui,
517 2335 609 2417 gratia
636 2348 809 2408 renovaret,
838 2346 871 2394 ut
895 2335 1008 2396 eunctis
1032 2335 1134 2394 munds
1152 2333 1340 2412 sapientibus

198 2355 421 2506 praecellirent.
464 2412 509 2470 Ita
534 2411 645 2472 scilicet
669 2395 763 2471 voluit
788 2411 939 2472 humiliare
965 2411 1132 2492 superbiam
1157 2410 1271 2486 carnis,
1306 2422 1340 2470 et

196 2489 314 2573 insigne
339 2487 495 2569 spiritualis
521 2488 632 2571 gratiae
656 2488 806 2570 specimen
832 2490 901 2550 dare
925 2489 956 2548 in
988 2509 1090 2549 eorum
1112 2507 1264 2568 persona,
1304 2499 1341 2545 ut

198 2567 341 2628 discamus
367 2565 435 2624 fidei
460 2564 558 2625 lumen
585 2576 687 2646 petere
714 2585 730 2624 e
755 2565 857 2639 coelo,
896 2565 1021 2625 scientes
1046 2564 1167 2643 propria
1192 2563 1340 2624 industria

197 2665 260 2704 nou
284 2663 372 2724 posse
397 2642 517 2720 acquiri.
560 2642 656 2702 Porro
682 2642 750 2720 quia
769 2662 831 2700 non
854 2640 945 2723 elegit
963 2642 1100 2701 indoctos
1121 2652 1151 2698 et
1169 2640 1273 2715 rudes,
1304 2653 1339 2700 ut

197 2741 258 2782 aem
282 2739 315 2779 er
338 2717 410 2780 tales
435 2719 633 2798 relinqueret,
663 2718 694 2777 in
721 2718 882 2798 exemplum
904 2717 1022 2776 minime
1043 2717 1160 2776 trahere
1180 2718 1337 2793 convenit,

198 2741 281 2878 quob
300 2794 336 2855 ab
358 2815 395 2862 eo
415 2795 524 2854 factum
545 2807 601 2854 est:
623 2795 704 2874 quasi
724 2793 812 2855 hodie
833 2815 951 2874 quoqne
972 2792 1128 2854 ordinandi
1147 2791 1206 2852 sint
1225 2794 1335 2854 Pasto-

197 2895 262 2949 res‚
282 2871 332 2952 qui
352 2882 454 2950 postea
475 2870 623 2931 formandi
642 2871 701 2930 sint
719 2873 756 2930 ad
776 2871 992 2950 exsequendum
1012 2891 1115 2931 munus
1135 2891 1228 2930 suum.
1267 2871 1337 2930 Sci-

197 2948 376 3021 musenim,
407 2967 493 3026 quam
512 2947 642 3038 regulam
664 2947 749 3008 nobis
769 2969 824 3028 per
844 2968 876 3007 os
895 2947 980 3007 Pauli
1001 2945 1195 3028 praescribat,
1224 2949 1336 3026 nequi

97 3091 101 3108 ⁸
172 3025 311 3094 ‚scilicet
333 3035 477 3084 vocentur
502 3024 557 3083 nist
582 3024 619 3083 ad
647 3025 812 3088 docendum
838 3024 940 3084 idonei
961 3018 1230 3103 (1.Tim.3,·t.).
1269 3025 1335 3085 Nec

197 3123 270 3162 vero
289 3100 363 3160 tales
382 3101 450 3160 ideo
472 3099 572 3181 elegit,
592 3102 673 3179 quasi
694 3101 837 3161 inscitiam
857 3100 1017 3162 eruditioni
1030 3099 1208 3181 praeferret:
1229 3120 1334 3178 quem-

198 3178 356 3240 admodum
384 3175 549 3256 phrenetici
581 3178 697 3256 quidam
727 3178 782 3238 sibi
812 3177 842 3236 in
870 3199 922 3236 sua
947 3175 1113 3258 ignorantia
1139 3174 1335 3268 applaudunt,

199 3275 290 3335 seque
315 3258 339 3314 Α
365 3252 468 3314 ostolis
493 3265 599 3344 putant
617 3274 654 3314 eo
675 3253 848 3335 propiores,
881 3275 940 3388 spuo
960 3255 1052 3335 magis
1073 3273 1089 3312 a
1108 3253 1201 3312 literis
1222 3251 1334 3314 abhor-

175 3343 274 3394 ⁴rent
350 3329 424 3391 oluit
441 3329 528 3390 initio
553 3331 670 3409 quidem
691 3341 809 3390 contem
833 3329 886 3389 tibi
900 3350 930 3390 es
950 3331 1075 3410 eligere,
1104 3342 1137 3389 ut
1157 3350 1260 3389 eorum
1279 3351 1331 3390 su-

220 3407 351 3470 ercilium
376 3405 532 3482 deiiceret,
563 3408 618 3486 qul
638 3407 752 3468 coelum
778 3351 904 3466 inloctis
929 3419 1030 3487 patere
1050 3428 1111 3466 non
1132 3419 1253 3486 putant,
1280 3409 1332 3468 sed

197 3432 306 3548 heinde
333 3483 526 3564 piscatoribus
552 3484 681 3544 adiunxit
699 3483 822 3543 Paulum
842 3483 1002 3569 collegam,
1033 3485 1083 3561 qui
1104 3504 1120 3542 a
1140 3482 1266 3562 pueritia
1285 3503 1333 3543 se-

198 3563 269 3625 dulo
288 3561 436 3622 institutus
457 3561 561 3621 luerat.
593 3560 723 3620 Tametsi
744 3571 841 3619 autem
862 3561 898 3620 de
918 3561 1034 3619 ratione
1054 3561 1245 3638 metaphorae
1260 3559 1331 3621 sub-

197 3641 276 3704 tilius
296 3639 338 3699 dis
361 3651 443 3699 utare
464 3637 536 3696 nihil
557 3638 672 3710 attinet,
692 3636 758 3718 quia
780 3656 813 3696 ex
832 3657 864 3696 re
885 3637 1033 3717 praesenti
1049 3649 1162 3716 sumpta
1177 3636 1243 3712 luit,
1262 3649 1332 3716 apte

197 3733 297 3780 umen
317 3659 413 3776 allusit
433 3713 566 3775 Christus
586 3715 622 3774 ad
642 3714 852 3794 piscationem,
873 3735 960 3849 pirum
983 3713 1021 3772 de
1039 3712 1194 3850 Evanpelii
1214 3714 1332 3792 praedi-

198 3796 315 3858 catione
335 3803 449 3876 agercti
471 3790 538 3870 quia
559 3789 692 3852 homines
711 3789 777 3870 vagi
798 3801 827 3849 et
867 3801 977 3850 aantes
996 3791 1027 3849 in
1047 3811 1116 3849 mun
1140 3810 1170 3864 o,
1189 3801 1329 3868 tanquam

197 3876 227 3933 in
248 3883 329 3934 vasto
351 3885 381 3930 et
401 3867 524 3940 confuso
545 3867 632 3940 mari,
658 3889 712 3946 per
730 3811 923 3948 Evangelimn
944 3866 1131 3948 colliguntur.
1173 3866 1331 3928 Caeterum

197 3949 335 4023 historia,
368 3967 442 4027 quae
489 3944 562 4016 rimo
582 3944 703 4002 loannis
723 3939 818 4022 capite
838 3943 981 4015 refertur,
1012 3942 1049 4002 ab
1072 3943 1125 4004 bac
1145 3943 1257 4002 diversa
1277 3956 1331 4002 est.

196 4027 272 4085 Nam
299 4045 387 4103 quum
412 4024 458 4082 An
498 4041 545 4081 eas
570 4041 645 4078 unus
670 4020 772 4080 suisset
797 4039 830 4079 ex
857 4019 1002 4100 discipulis
1032 4020 1170 4094 Ioannis,
1208 4019 1329 4080 abw'llo

198 4100 319 4162 Christo
344 4099 466 4160 traditus
491 4097 610 4156 fratrem
637 4097 743 4156 deinde
767 4117 866 4156 secum
891 4097 1022 4156 adduxit:
1055 4117 1089 4154 ac
1114 4108 1187 4156 tuuc
1212 4095 1329 4175 quidem

196 4175 321 4264 amplexi
347 4188 414 4234 sunt
438 4187 471 4232 ut
494 4173 679 4255 magistrum,
707 4174 760 4233 sed
784 4172 889 4233 deinde
914 4172 945 4231 in
970 4172 1106 4233 altiorem
1132 4175 1256 4256 gradium
1279 4195 1330 4233 re-

197 4271 231 4311 ee
253 4263 274 4309 tr
295 4264 372 4309 sunt.
1195 4255 1202 4271 ‘
1262 4269 1266 4283 ·

233 4273 378 4410 PlMatth.
407 4333 454 4404 22.
504 4325 558 4384 ΠΒ
585 4339 679 4385 nutem
706 4329 840 4401 pretim
867 4341 918 4386 etc.
976 4326 1107 4386 Primum
1133 4325 1181 4386 hic
1205 4339 1328 4405 apparet

199 4403 319 4484 energia
338 4401 418 4462 vocis
440 4403 563 4464 Christi:
595 4423 657 4463 uon
677 4404 757 4482 quod
776 4405 838 4464 sola
857 4415 991 4466 vortam
1011 4403 1170 4463 efficaciter
1189 4415 1329 4481 penetret

1194 4669 1215 4702 ,.
