2766 4840
350 188 355 194 ¹
378 217 459 294 (m
498 214 580 276 lesus
593 167 631 276 in
652 213 879 294 Gethsemane.)
1148 227 1208 290 323

47 387 118 434 mea
145 363 397 445 voluntastis
425 381 492 436 tua»
507 369 572 437 liat
614 370 665 438 43.
692 373 849 460 Apparuit
866 383 982 440 sutem
1011 377 1042 442 ei
1071 377 1203 465 angelus

47 469 90 534 de
112 467 224 550 coelo,
243 463 461 540 corroborans
483 493 565 538 eum
608 474 658 540 lb
680 473 723 540 Et
745 481 904 542 anxietate
927 490 1109 564 correptus,
1128 503 1204 567 pro·

46 571 141 639 liuius
170 572 300 642 orabat:
342 586 374 642 et
401 587 469 642 erat
495 574 596 641 suclor
624 578 707 656 eius,
734 579 816 644 sieut
836 590 943 664 guttae
964 583 1127 666 sanguinis
1148 580 1205 648 de·

46 685 216 753 eumentes
241 681 275 744 in
295 691 428 745 terram.
476 679 529 744 45.
556 679 721 767 Et¹quum
747 684 934 748 surrexisset
960 705 980 748 a
1007 686 1204 768 precatione,

45 783 252 868 venissetque
279 782 320 847 ad
348 780 525 868 discipulos
550 803 641 860 suos,
666 787 788 872 reperit
816 805 873 851 eos
903 783 1099 852 dormientes
1124 807 1203 873 prae

45 902 206 952 moerore.
248 883 299 950 46.
326 885 367 950 Et
392 887 436 948 ait
463 883 542 962 illis,
568 884 646 973 quid
670 885 832 952 dormitis!
875 886 1018 972 surgite,
1046 900 1078 953 et
1102 902 1203 972 orate,

46 1007 89 1052 ue
110 988 235 1053 intretis
255 987 289 1054 in
310 991 529 1054 tentationem.
1078 994 1084 1006 '

124 1269 296 1338 staechas
337 1271 425 1332 Tuae
442 1275 516 1330 υοιιὶι
534 1272 627 1332 lesus
650 1271 758 1344 ¹Lucas
778 1284 890 1334 tautum
910 1286 1039 1338 montem
1049 1275 1205 1339 Olivarum

44 1345 195 1407 nominat:
220 1347 337 1408 Marcus
363 1360 393 1410 et
413 1347 576 1410 Matthaeus
601 1369 647 1410 ma
671 1349 693 1410 ’s
717 1347 873 1430 specialem
898 1349 957 1412 loci
981 1361 1082 1412 nomm
1108 1372 1202 1443 appo.-

42 1433 141 1496 nunb,
169 1423 313 1503 Exprimit
332 1436 428 1485 autem
448 1423 556 1501 Lucas,
600 1447 640 1486 uo
679 1445 725 1484 ma
750 1423 772 1485 is
791 1427 828 1486 ad
847 1447 908 1486 rem
928 1429 1070 1507 pertinet,
1088 1448 1204 1491 versasse

42 1500 116 1560 illuc
135 1499 284 1562 Christum
304 1520 360 1581 pro
380 1521 434 1560 suo
454 1521 546 1581 more.
617 1503 674 1562 ude
699 1446 879 1584 colligimus,
903 1523 965 1563 uon
990 1505 1145 1583 quaesiisse
1171 1506 1204 1565 in

42 1596 161 1638 secessu
181 1575 324 1651 latebras,
345 1576 450 1656 quibus
470 1598 500 1637 se
521 1577 659 1650 abderet,
678 1579 730 1639 sed
751 1578 832 1656 quasi
852 1599 885 1638 en
905 1579 1044 1641 condicto
1062 1599 1094 1642 se
1113 1581 1203 1642 obtu-

42 1653 113 1714 lisse
142 1653 178 1714 ad
203 1664 339 1713 mortem.
378 1653 451 1714 ltleo
477 1653 604 1714 loannes
630 1653 715 1728 dicit,
744 1665 847 1714 notum
873 1655 961 1716 luisse
984 1656 1131 1736 proditori
1156 1658 1204 1719 lo-

42 1752 128 1805 cnm,
154 1728 222 1809 quia
247 1727 317 1790 illuc
343 1727 515 1809 frequenter
536 1731 639 1790 venire
663 1729 765 1792 solitus
790 1742 854 1792 erat
878 1731 968 1792 Iesus.
1017 1732 1122 1814 Itaque
1147 1734 1205 1794 hoc

42 1808 114 1866 loco
136 1806 197 1866 eius
217 1804 385 1865 obedientia
405 1805 511 1866 iterum
533 1807 619 1868 uobis
639 1807 824 1880 describitur,
845 1809 912 1898 quia
928 1808 1046 1872 Patrem
1067 1831 1128 1870 non
1147 1809 1205 1871 nisi

41 1881 210 1942 voluntaria
236 1893 331 1942 morte
359 1881 509 1963 placasset.
552 1881 653 1944 Sedete
676 1881 731 1944 tte.
775 1883 946 1964 Discipulos
971 1886 1081 2022 procul
1112 1886 1204 1946 relin-

42 1978 139 2038 quens
164 1978 265 2018 eornm
291 1957 453 2020 infirmitati
481 1959 587 2040 parcit:
613 1961 670 2020 acsi
691 1958 772 2039 quis,
791 1973 950 2020 extremum
993 1962 1127 2024 lacrimen
1146 1963 1205 2023 sibi

42 2037 76 2095 in
92 2033 172 2094 hello
190 2033 297 2095 instare
313 2037 425 2112 videns,
445 2057 564 2096 uxorem
585 2049 615 2098 et
633 2035 744 2096 liberos
764 2037 883 2098 inlocn
904 2049 1009 2118 pacato
1030 2040 1065 2099 de
1089 2051 1205 2099 oneret.

43 2111 204 2174 Caeterum
232 2112 359 2202 quamvis
385 2132 487 2172 omnes
513 2125 591 2172 extra
617 2113 742 2172 teloruul
767 2113 874 2174 iactum
896 2113 1008 2173 locatos
1027 2061 1118 2188 seht,
1146 2115 1205 2174 sihi

41 2200 144 2248 tamen
164 2208 286 2270 proprus
304 2187 434 2246 adiunxit
452 2201 510 2246 tres
530 2187 665 2258 comites,
684 2209 718 2248 ac
737 2187 792 2247 fuit
813 2189 862 2248 ille
877 2189 934 2248 llos
952 2189 1073 2264 electus,
1092 2189 1123 2248 in
1138 2182 1204 2268 xqun

41 2265 111 2344 plus
142 2275 205 2324 erat
236 2261 354 2351 vigoris.
398 2263 502 2340 Neque
528 2273 625 2320 tamen
652 2263 731 2341 ipsos
755 2265 922 2342 assumpsit,
953 2255 1035 2344 quod
1058 2284 1143 2345 pares
1166 2265 1204 2326 ad

39 2340 246 2400 sustinendum
267 2350 405 2416 impetum
427 2337 494 2396 lore
511 2337 686 2412 consideret,
704 2338 755 2398 sed
771 2339 1204 2414 utalocumentoesseutcom-

38 2415 141 2474 munis
161 2413 290 2472 omnium
311 2413 450 2472 delectus.

122 2495 170 2555 37.
193 2487 310 2564 'Coepit
319 2487 418 2548 dolare
428 2489 525 2568 affici.
556 2489 617 2548 Iam
637 2500 705 2550 aute
725 2487 848 2550 vidimus
859 2489 1019 2570 Dominum
1040 2513 1105 2552 cum
1123 2505 1204 2554 metu

41 2566 149 2630 mortis
176 2563 316 2625 luctatum
343 2584 420 2624 esse:
446 2569 497 2626 sed
519 2566 585 2645 quia
605 2587 684 2625 nuuc
705 2587 770 2626 cum
790 2567 954 2628 tentatione
975 2587 1076 2626 manus
1096 2589 1203 2628 conse-

41 2647 100 2718 rit,
127 2653 249 2704 vocatur
274 2640 338 2702 talis
362 2661 536 2720 congressus
561 2641 674 2702 doloris
699 2654 729 2702 et
753 2641 918 2703 moestitiae
943 2641 1068 2703 initium.
1112 2643 1204 2704 Unde

40 2719 227 2798 colligimus,
251 2738 351 2778 verum
379 2719 608 2797 experimentum
633 2718 748 2778 virtutis
774 2739 834 2778 nou
855 2739 917 2779 esse
938 2717 994 2778 uisi
1013 2718 1043 2778 in
1062 2741 1095 2780 re
1115 2739 1203 2800 prae-

41 2797 135 2858 senti:
155 2815 223 2856 nam
244 2807 314 2854 tunc
334 2815 364 2854 se
407 2796 486 2855 rodit
506 2794 600 2856 causis
621 2793 765 2870 debilitas,
784 2816 858 2874 quae
873 2793 952 2875 prius
968 2793 1088 2871 latebat,
1108 2805 1139 2856 et
1158 2793 1204 2854 al-

44 2875 141 2934 lectus
160 2869 256 2932 intimi
274 2891 337 2932 sese
358 2815 525 2932 etlundum.
563 2871 646 2954 Ergo
662 2873 777 2932 tametsi
793 2870 966 2951 quibusdam
981 2871 1139 2951 praeludiis
1151 2871 1175 2931 1⁸*
1177 2871 1204 2932 i-

43 2949 116 3010 lium
136 2969 220 3008 suum
240 2947 296 3008 iam
317 2959 485 3008 exercuerat
497 2947 599 3025 Deus,
623 2969 701 3008 nunc
729 2959 827 3008 tamen
847 2949 988 3028 propiore
1007 2948 1110 3010 mortis
1130 2963 1204 3008 eon-

42 3035 148 3116 spectu
204 3023 283 3084 avius
302 3023 452 3098 vulnerat,
479 3037 509 3084 et
531 3022 681 3084 insolitum
702 3036 847 3086 terrorem
866 3023 979 3084 incutit
1018 3023 1115 3085 Porro
1135 3025 1204 3106 quia

42 3101 142 3162 divina
186 3099 278 3163 'bristi
302 3099 397 3182 gloria
423 3100 540 3162 videtur
567 3101 631 3160 hoo
650 3121 712 3161 esse
737 3101 905 3183 indignum,
931 3101 1012 3181 quod
1038 3119 1147 3181 pavore
1172 3113 1204 3161 et

43 3175 192 3238 moestitia
212 3189 365 3257 correptus
385 3176 492 3251 luerit,
511 3177 595 3238 multi
614 3177 791 3256 interpretes
810 3177 893 3238 auxie
914 3178 944 3236 in
984 3175 1138 3239 nascendis
1157 3177 1203 3238 el-

43 3253 133 3334 sugiis
157 3253 306 3314 sudarunt.
346 3253 407 3312 Sed
431 3251 662 3314 inconsideratus
689 3264 720 3312 et
744 3273 845 3332 parum
866 3252 943 3313 utilis
963 3198 1139 3314 hircorum
1160 3253 1204 3314 la-

44 3331 117 3391 bor:
137 3349 204 3389 nam
223 3330 248 3390 si
267 3348 322 3388 nos
340 3329 453 3390 timoris
473 3349 507 3390 ac
527 3328 691 3390 moestitiae
711 3329 771 3390 eius
792 3330 899 3408 pudet,
918 3329 1022 3390 effluet
1040 3351 1074 3388 ac
1095 3330 1204 3411 peribit

43 3406 221 3487 redemptio.
260 3405 339 3464 Vere
359 3405 437 3466 enim
453 3405 641 3480 Ambrosius,
660 3405 730 3465 Nou
748 3405 860 3478 solum,
879 3405 991 3485 inquit,
1009 3407 1204 3468 exornandum

43 3503 107 3544 non
126 3495 212 3572 puto,
230 3481 281 3542 sed
302 3481 387 3541 etiam
408 3503 549 3618 nusquam
567 3481 659 3572 plagis
675 3481 814 3572 pietatem
826 3483 888 3543 eius
899 3481 1138 3616 maiestatemsque
1149 3481 1203 3541 de-

43 3560 151 3620 miror:
170 3577 265 3618 mmus
285 3556 363 3616 enim
382 3570 473 3618 eoutu
487 3569 550 3619 erat
567 3559 654 3632 mihi,
674 3579 729 3617 urst
748 3578 845 3618 meum
864 3557 1036 3694 suscepisset
1053 3578 1069 3616 a
1097 3569 1203 3618 ectum.
1277 3585 1282 3592 ·

44 3637 128 3717 Ergo
145 3655 201 3716 pro
216 3653 263 3694 me
275 3631 379 3706 doluit,
399 3634 450 3724 qui
466 3653 525 3726 pro
545 3654 577 3694 se
597 3633 671 3693 nihil
691 3632 793 3695 habuit
812 3635 892 3715 quod
910 3635 948 3694 do
962 3643 1036 3708 eret,
1056 3645 1086 3694 et
1096 3651 1203 3712 seque-

44 3722 136 3772 strate
155 3708 352 3770 delectatione
372 3709 543 3774 Davinrtatis
562 3721 701 3770 aeternae
720 3710 820 3771 taedio
839 3729 922 3770 meae
941 3708 1117 3769 infirmitatis
1137 3707 1203 3768 alli-

42 3787 130 3848 citur.
161 3783 356 3848 Confidenter
366 3805 439 3868 ergo
450 3784 596 3848 tristitiam
610 3785 744 3860 nomino,
756 3787 824 3866 quia
835 3805 952 3846 erucem
962 3783 1112 3864 praedico.
1140 3783 1203 3844 Ne-

44 3884 103 3943 que
124 3863 203 3924 enim
222 3861 349 3942 speciem
367 3861 578 3922 incarnationis
593 3862 732 3945 suscepit,
750 3863 976 3923 sedveritatem.
1006 3860 1119 3920 Debuit
1128 3880 1202 3942 ergo

43 3952 75 4000 et
95 3939 230 4000 dolorem
249 3938 415 4027 suscipere,
435 3949 468 3997 ut
487 3938 617 3998 vinceret
636 3938 798 4012 tristitiam,
818 3958 880 3998 non
899 3936 1080 3998 excluderet:
1105 3957 1203 4072 neque

43 4018 125 4076 euim
145 4015 256 4098 babent
275 4013 455 4076 fortitudinis
476 4013 601 4090 laudem,
621 4014 672 4094 qui
689 4027 841 4094 stuporem
854 4013 946 4094 magis
959 4011 1112 4072 vulnerum
1126 4024 1156 4071 tu
1170 4033 1202 4073 e·

42 4093 105 4152 rint
131 4113 217 4172 quam
242 4090 387 4152 dolorem.
425 4091 574 4152 Hactenus
599 4090 779 4151 Ambrosius.
818 4088 909 4150 Certe
934 4088 984 4168 qui
1008 4085 1045 4147 ab
1072 4088 1203 4149 humanis

42 4167 229 4250 passionibus
255 4166 412 4228 immunem
439 4166 556 4248 lingunt
573 4165 631 4226 Dei
651 4167 774 4241 Filium,
799 4187 868 4226 vere
893 4175 923 4224 et
949 4162 1028 4222 serio
1053 4164 1203 4228 hominem

43 4267 108 4304 non
134 4255 307 4327 agnoscunt.
346 4244 411 4304 imo
437 4263 526 4322 quum
552 4242 659 4303 «licitur
678 4243 775 4302 divina
796 4241 905 4302 Christi
926 4236 1015 4300 virtus
1056 4240 1116 4302 uasi
1136 4243 1204 4302 ahs-

43 4321 166 4380 comlita
186 4320 223 4380 ad
243 4331 357 4402 tempus
378 4319 531 4398 quievisse,
551 4330 583 4377 ut
604 4330 699 4398 partes
710 4316 916 4397 lledcmptoris
936 4261 1077 4460 qqtqeudo
1098 4318 1204 4400 imple·

1363 4391 1368 4595 l
