2778 4838
224 309 226 316 ,
288 216 479 294 (tta-tac
513 211 735 296 Discipulorum
753 213 909 280 ambitiosa
925 218 985 293 tis.)
1158 218 1217 290 133

49 379 86 426 et
107 384 185 445 quae
204 363 306 446 plures
324 367 421 430 clades
442 367 557 443 inferat,
577 359 664 448 qnbm
683 369 763 449 quod
773 368 880 430 multos
891 367 1034 430 scandalis
1042 367 1154 434 turbari
1165 369 1214 431 sel

48 443 186 579 qeficere
208 443 370 524 continget.
410 449 508 524 Atque
535 446 582 504 bic
606 465 705 506 sensus
725 444 828 506 melius
849 446 983 525 quadrat:
1011 463 1108 523 neque
1134 445 1218 514 enim
1278 498 1281 507 .

73 519 175 593 ubito,
195 520 266 599 quin
277 520 424 582 Dominus
444 522 479 583 de
496 521 639 584 scandalis
659 522 714 584 alia
735 521 889 583 occasione
899 521 1036 600 loquutus
1047 537 1215 582 sermonem

47 596 105 654 lon
130 597 174 656 'us
194 598 381 676 protraxerit,
400 610 434 658 ut
452 620 518 661 suos
537 600 572 658 ad
591 599 752 660 cavendum
766 598 860 691 magis
875 593 1001 658 attentos
1012 597 1215 674 sollicitosque

49 674 105 730 red
129 684 203 732 eret.
234 673 279 733 Ne
300 673 390 753 igitur
409 695 464 735 nos
482 687 635 754 torpentes
656 676 862 736 circumveniat
875 675 976 748 Satan,
995 674 1214 810 esclsmafflo-

48 748 167 823 minus,
189 769 250 808 nou
271 729 389 810 aliunde
408 751 581 832 magisesse
601 752 687 813 nobis
707 753 895 812 metuendum
916 773 1002 830 quem
1022 773 1038 811 a
1057 773 1124 814 scan
1165 750 1214 809 list

51 826 123 903 quia
141 847 232 904 quum
243 825 334 886 Satan
351 827 502 888 innumera
523 829 629 888 habeat
648 831 683 888 ad
703 851 831 903 manum,
851 850 911 888 non
933 829 1039 896 desinit
1057 827 1093 888 ad
1112 827 1214 908 singu·
1243 869 1247 876 ,

50 901 186 992 los-sere
206 922 307 992 passus
325 923 402 970 nova
422 905 546 966 subinde
567 905 710 967 obiicere:
732 918 762 964 et
781 926 845 979 uos,
866 916 899 964 ut
917 904 1035 964 nimium
1052 925 1147 967 sumus
1168 914 1214 961 te-

49 999 118 1036 neri
139 977 189 1037 vel
209 999 318 1058 ignavi,
338 978 423 1044 tacite
443 981 664 1042 succumbimus.
702 982 747 1040 lta
768 982 809 1055 lit,
829 994 862 1041 ut
881 980 965 1060 pauci
985 982 1016 1040 in
1028 981 1138 1042 Christi
1156 978 1215 1040 lide

51 1054 224 1144 mediocres
244 1053 354 1144 saciant
368 1077 555 1192 progressus,
575 1079 608 1142 ex
619 1058 719 1137 paucis
729 1069 835 1132 autem,
855 1059 904 1148 qui
917 1058 1044 1121 stadium
1056 1056 1153 1118 salutis
1166 1057 1214 1118 in-

52 1149 149 1264 §resse
182 1141 268 1205 suut,
297 1153 343 1190 vax

388 1134 644 1213 ecimus-quisque
671 1137 707 1195 ad
727 1146 837 1194 metam
862 1133 1021 1200 mdesessus
1045 1137 1216 1198 contendat.

52 1211 143 1266 a'unc
166 1228 256 1285 quum
275 1207 333 1267 boc
353 1211 477 1270 consilio
497 1223 643 1270 terrorem
660 1231 676 1270 a
693 1210 834 1302 scandalis
851 1211 1010 1270 incusserat
1021 1210 1163 1284 Christus,
1182 1219 1215 1266 ut

51 1303 124 1342 suos
138 1284 389 1374 expergefaceret,
409 1308 462 1346 vae
482 1297 601 1348 nomiae
620 1287 761 1363 incuriae,
781 1285 838 1346 ursi
856 1289 893 1346 ad
913 1307 950 1346 ee
966 1286 1127 1368 superanda
1140 1299 1215 1348 stre-

51 1379 113 1418 nue
134 1380 167 1420 se
189 1381 312 1439 quisque
333 1375 492 1442 comparet
531 1363 653 1424 Necesse
671 1378 712 1422 est
729 1367 820 1439 mrim,
839 1378 870 1422 ut
887 1366 1000 1425 vestient
1018 1361 1215 1442 offendicula·

53 1437 128 1509 Qun
149 1436 244 1518 magis
263 1457 382 1504 suorum
403 1461 501 1500 euram
516 1451 546 1500 et
557 1440 783 1502 sollicitudiuem
796 1439 1047 1514 acuatDominus,
1066 1439 1218 1511 admonet,

51 1513 118 1570 fieri
144 1512 232 1572 aliter
256 1533 320 1574 nou
345 1535 431 1604 posse
458 1517 529 1595 quin
553 1538 608 1598 per
630 1517 737 1578 endum
757 1519 795 1577 sit
813 1537 868 1597 per
885 1517 965 1586 varia
983 1515 1135 1588 scaudala,
1157 1514 1238 1574 acsi·

50 1588 191 1660 dixisset,
210 1589 381 1650 inevitabile
402 1613 464 1652 esse
486 1593 543 1660 boc
562 1538 678 1654 malum.
717 1595 763 1654 lta
787 1593 973 1654 ¹confirmatio
996 1603 1043 1654 est
1066 1592 1216 1672 proximae

50 1666 233 1737 sententiae,
254 1665 320 1744 quia
340 1667 409 1728 inde
431 1671 519 1730 docet
538 1670 683 1746 Christus,
704 1681 812 1750 quanta
831 1670 1017 1729 incommoda
1038 1689 1053 1727 a
1072 1666 1215 1728 scandalis

49 1741 257 1820 impendeant,
277 1737 366 1821 lquum
387 1744 423 1804 ab
445 1745 502 1806 boc
523 1745 600 1806 malo
621 1767 771 1837 nunquam
791 1747 924 1805 immunis
943 1739 1041 1806 lutura
1060 1745 1098 1804 sit
1109 1743 1216 1804 Eccle-

49 1819 106 1888 sia,
127 1838 184 1877 nec
206 1838 267 1878 esse
311 1832 385 1896 neat,
419 1821 577 1899 Caeterum
596 1824 777 1883 necessitatis
797 1843 911 1883 causam
930 1843 999 1888 uon¹
1013 1820 1157 1902 exprimit,
1177 1820 1216 1880 si-

49 1893 225 1982 eutlffaulus
245 1839 615 1979 debueresitustoquens'
635 1901 704 1960 ideo
724 1899 796 1960 dicit
816 1899 897 1973 orirI,
918 1911 950 1958 ut
970 1898 1021 1979 qui
1062 1895 1217 1962 robisunt

49 1970 204 2060 mandesti
224 1971 295 2030 fiant
315 1975 354 2051 (1.
367 1972 439 2034 cos.
459 1981 597 2055 1-1,19.).
636 1977 698 2050 Sed
718 1977 775 2037 boc
795 1919 1217 2056 tenendumnestsslteumbo-

51 2067 151 2106 mines
170 2047 312 2108 scandalis
332 2049 408 2110 velle
429 2074 492 2112 esse
512 2053 669 2126 obnoxios,
690 2075 748 2132 quo
761 2051 848 2114 fidem
865 2073 985 2112 suorum
1000 2062 1143 2124 exerceat,
1163 2050 1217 2128 hy,

51 2123 187 2258 pucriles
207 2134 302 2183 autern
322 2137 459 2205 tanquam
481 2129 648 2207 quisquilias
669 2141 699 2188 et
717 2129 831 2208 paleam
852 2129 977 2188 excutiat
992 2148 1094 2205 apuro
1107 2125 1216 2184 tritico.

79 2201 90 2257 i
110 2199 176 2278 quis
196 2211 293 2260 autem
315 2200 478 2282 obstrepat,
499 2217 530 2263 et
571 2216 704 2278 ueratur,
724 2205 884 2266 absurdum
901 2223 963 2263 esse
984 2203 1071 2260 laxari
1090 2201 1218 2260 Satanae

51 2276 174 2336 frenum
196 2297 212 2336 a
231 2275 376 2352 Domino,
396 2292 430 2338 ut
442 2280 552 2340 miseris
587 2280 733 2340 ominibus
743 2279 859 2340 exitium
871 2277 1067 2350 machinetur,
1084 2287 1218 2336 nostrum

53 2363 111 2426 est,
131 2365 305 2413 reverenter
324 2354 432 2420 sentire
453 2354 489 2413 de
509 2355 621 2415 arcanis
640 2355 698 2414 Dei
719 2353 858 2430 consiliis,
878 2375 912 2413 ex
932 2351 1036 2433 quibus
1057 2353 1113 2412 boc
1127 2371 1217 2412 unum

54 2442 117 2502 est,
145 2429 226 2508 quod
252 2429 394 2489 scandalis
419 2448 538 2490 necesse
565 2442 610 2489 est
627 2431 767 2490 mundum
786 2430 909 2490 turbari.
952 2427 1149 2488 metomen
1166 2449 1219 2487 voe

50 2503 164 2564 tumtur
184 2525 243 2580 per
265 2525 349 2584 quem
372 2505 590 2588 offendiculum
612 2511 694 2566 uenit
733 2507 893 2585 Postquam
918 2505 954 2570 ad
980 2504 1108 2564 cavenda
1132 2523 1217 2564 scan-

54 2583 123 2644 dala
142 2603 212 2644 suos
232 2582 365 2642 hortatus
386 2595 439 2658 est,
459 2605 556 2664 rursus
575 2583 606 2641 in
627 2596 760 2664 auctores
780 2580 941 2642 invehitur:
962 2590 993 2639 et
1009 2600 1069 2660 quo
1081 2580 1217 2662 plusve-

51 2659 222 2719 bementiae
234 2657 342 2718 babeat
354 2659 554 2732 comminatio,
567 2658 657 2734 addit,
676 2681 732 2719 nec
742 2658 844 2719 dextro
860 2656 948 2717 oculo
959 2676 1015 2714 nec
1028 2656 1145 2715 dextrae
1156 2675 1218 2714 me·

51 2737 107 2794 nui
148 2737 307 2808 arcendum
329 2756 402 2810 esse,
421 2737 445 2796 si
457 2735 729 2798 nobisottendiculi
744 2733 1039 2813 causampraebeaut,
1068 2732 1142 2790 Nam
1161 2731 1218 2792 boc

53 2756 256 2892 amplificandi
277 2833 360 2892 cerusa
381 2813 510 2872 additum
531 2813 618 2873 luisse
638 2813 830 2893 interpretor,
852 2809 911 2870 acsi
932 2809 1060 2886 dixisset,
1075 2808 1154 2867 Tam
1169 2828 1217 2866 se-

52 2889 127 2948 dulo
149 2899 180 2947 et
199 2899 370 2953 constanter
388 2889 580 2953 resistendum
601 2901 645 2950 est
663 2888 817 2963 scandalis,
837 2898 871 2946 ut
889 2886 991 2946 oculos
1003 2883 1101 2966 potius
1114 2903 1218 2944 eruere

54 2976 87 3024 et
106 2985 208 3024 manus
229 2963 401 3025 abscindere
422 2967 595 3040 conveniat,
615 2987 701 3045 quam
722 2979 754 3024 ut
772 2962 908 3026 scandala
927 2961 1060 3023 foveatis.
1099 2959 1132 3020 Si
1154 2961 1227 3040 quis'

54 3041 135 3101 enim
156 3039 355 3100 membrorum
375 3063 494 3102 suorum
514 3043 652 3102 iacturam
670 3042 769 3102 lacere
783 3039 907 3113 dubitet,
926 3036 1174 3118 bacindulgentia
1186 3055 1219 3096 se

54 3116 179 3198 proiicit
198 3117 229 3174 in
249 3127 400 3178 aeternum
420 3119 579 3194 interitum.
619 3119 717 3192 Quam
730 3117 982 3196 bombrlrsrgrtur
993 3113 1066 3176 ultio
1088 3134 1138 3174 eos
1154 3135 1217 3172 ma·

55 3205 120 3266 net,
141 3191 315 3272 qui'sratres
336 3194 524 3256 offendiculis
543 3194 743 3275 perdiderint?
776 3192 856 3268 Quia
870 3203 966 3262 autem
983 3193 1042 3255 duo
1056 3189 1105 3250 isti
1119 3211 1219 3251 versus

56 3291 146 3350 supra
167 3270 262 3350 capite
282 3277 309 3335 b·
332 3273 455 3353 expositi
475 3273 610 3346 luerunt,
635 3271 704 3332 satis
724 3269 780 3328 fuit
797 3291 877 3331 nunc
896 3267 1058 3352 attingere,
1078 3287 1218 3347 quorsum

55 3349 114 3407 boc
134 3347 204 3405 loco
226 3349 349 3406 eandem
368 3348 544 3408 sententiam
564 3359 680 3426 repetat
700 3343 842 3407 Christus.

8 3439 9 3442 ’
134 3429 182 3488 10.
225 3421 262 3480 V
258 3423 330 3482 idere
353 3445 389 3482 rra
411 3427 595 3484 contemnatis
617 3445 707 3482 mmm
730 3425 865 3486 existis.
905 3419 1056 3495 Quoniam
1075 3417 1217 3498 ¹superbia

53 3511 153 3560 mater
172 3509 218 3558 est
236 3501 446 3574 contumeliae,
467 3513 498 3560 et
517 3511 703 3582 contemptus
721 3499 936 3560 scandalizandi
955 3494 1105 3557 audaciam
1123 3513 1217 3575 gene·

52 3588 112 3648 rat,
133 3577 241 3634 merito
254 3574 398 3652 Christus,
418 3589 451 3637 ut
471 3576 537 3636 buic
556 3577 664 3636 morbo
682 3576 813 3637 sanando
835 3583 1034 3654 opportunum
1055 3569 1217 3630 'remedium
1286 3569 1296 3583 “

52 3651 213 3723 adhibeat,
233 3653 369 3731 parvulos
387 3665 467 3712 vetat
487 3652 646 3712 contemni.
684 3653 725 3711 Et
742 3664 834 3726 certe,
859 3648 1101 3742 quemadmodum
1122 3663 1217 3723 nuper
1324 3711 1329 3721 ,

55 3728 220 3808 attigimus,
240 3727 369 3807 quisquis
388 3729 492 3788 iustam
512 3729 633 3790 fratrum
653 3749 751 3788 euram
771 3717 903 3798 babebit,
923 3742 1071 3802 nunquam
1082 3719 1167 3810 facile
1180 3719 1218 3808 qd

56 3805 244 3864 offendicula
264 3805 409 3884 prosiliet.
445 3805 561 3866 Eodem
580 3825 652 3865 vero
671 3805 769 3864 tendit
786 3805 858 3866 baec
870 3803 956 3862 etiam
971 3819 1115 3858 sermonis
1127 3793 1217 3855 Cbrr-

55 3882 95 3941 111
116 3879 255 3954 1111111111,
276 3902 335 3959 quo
355 3880 481 3952 initium,
501 3902 608 3960 nempe
628 3881 821 3952 submissione
842 3891 872 3938 et
890 3875 1033 3936 modestia
1046 3871 1217 3963 certandum
1236 3947 1238 3957 Ι

55 3959 203 4017 internos
217 3973 289 4030 esse,
311 3958 378 4036 qnia
392 3956 526 4036 parvulos
538 3959 620 4018 Deus
640 3957 781 4038 singulari
800 3975 900 4016 amore
920 3951 1133 4032 complectitur.
1161 3948 1217 4036 At-

58 4035 110 4113 qui
138 4033 174 4092 ab
199 4034 319 4092 bomine
345 4032 462 4093 mortali
489 4034 598 4113 despici
624 4034 673 4093 vel
692 4054 748 4112 pro
769 4032 862 4092 nibilo
883 4027 966 4102 duci,
990 4047 1064 4106 quos
1083 4025 1165 4084 Deus
1185 4043 1217 4083 m

55 4122 145 4170 tanto
165 4109 263 4189 pretio
284 4109 382 4185 babet,
402 4108 487 4170 nimis
506 4111 662 4170 absurdum
678 4110 766 4170 foret.
805 4109 946 4168 Amorem
979 4101 1216 4182 orroindepro-
1276 4164 1278 4170 ,

59 4185 129 4259 bat,
149 4185 232 4266 quod
251 4185 359 4274 angeli,
379 4187 429 4266 qui
449 4185 574 4246 ministri
593 4197 660 4246 sunt
678 4185 777 4246 salutis
795 4185 942 4264 ipsorum,
957 4126 1141 4240 lumiliariter
1159 4176 1218 4238 Dei

59 4273 225 4354 conspectu
244 4261 389 4322 fruuntur.
426 4263 603 4342 Quanquam
623 4283 685 4323 non
703 4259 875 4343 simpliciter
892 4277 959 4317 meo
979 4255 1090 4317 iudicio
1109 4255 1218 4315 docere

59 4340 170 4418 voluat,
189 4359 277 4420 quam
296 4337 460 4404 honorifice
478 4349 587 4402 tractet
601 4359 656 4418 ,eos
670 4333 904 4418 uemmguos
921 4333 980 4400 illis
996 4331 1148 4417 essiguans
1166 4350 1218 4391 cu-
