2790 4838
415 108 423 156 l

417 265 480 343 <aa
504 263 691 336 oscitano
715 265 855 347 amasa)
1134 279 1198 347 aaa

18 355 20 438 t

18 443 19 504 p
53 414 248 474 mucionatm
275 413 415 476 adversm
440 415 591 554 ludaeosp
611 439 651 480 ne
675 418 846 502 eaciperent
867 439 908 482 ae-
925 393 1049 504 dalongi
1067 435 1194 514 artem

52 489 105 550 Dei
125 489 222 566 cultu,
244 491 490 571 quemadmodum
509 493 571 555 sole
594 508 645 556 ant
662 515 727 556 snas
747 497 927 565 ceremonias
946 515 1050 560 secure
1070 497 1193 562 iactarc'

18 595 19 612 1
52 577 136 648 negat
155 568 260 625 Deum
280 566 422 628 sacrificia
442 571 565 644 morari,
597 571 648 632 uhi
674 584 705 632 et
716 573 813 654 'animi
833 575 944 656 pietate
962 574 1048 636 vac'ui
1066 589 1136 636 sunt
1154 547 1192 638 e'P

52 663 144 704 nores
166 643 260 702 alieni
281 643 318 703 ah
339 644 514 728 integritate¹
537 660 567 708 et
585 648 701 710 institia.
742 649 834 723 Quod
852 669 925 712 uero
942 651 1194 714 Deire-sacrificia

51 743 76 780 se
94 719 182 780 nolle
204 721 397 800 pronuntiat,
428 742 462 782 ex
485 725 615 785 secundo
639 726 774 787 membro
799 737 882 808 patet
899 731 1096 818 comparative
1116 730 1190 806 dici„

50 797 202 856 scientiam
223 795 282 856 Dei
302 796 480 861 holocaustis
499 801 647 880 potiorem
667 823 742 864 esse:
774 797 877 894 quihus
897 803 993 864 verbis
1012 825 1075 866 non
1095 827 1183 886 prae-

51 873 101 932 cise
122 873 303 933 holocausta
323 894 357 933 re
380 871 469 949 odiat,
487 877 539 936 sed
552 877 653 956 pietati
674 891 704 938 et
722 879 790 939 fider
809 883 972 961 postponit.
1011 881 1061 943 sic
1081 871 1190 942 tamen'

50 950 220 1008 habendum
240 961 302 1023 est,
328 893 416 1010 fidem
446 963 476 1012 et
498 973 510 1012 s
535 953 679 1016 iritnalem
704 955 815 1016 cultum
838 969 892 1036 per
909 977 946 1016 se
966 957 1033 1018 Dee
1051 957 1192 1049 placere?

50 1027 202 1086 caritatem
223 1037 254 1086 et
273 1027 459 1090 humanitatis
479 975 532 1096 old
1078 1035 1085 1049 ’

49 1103 156 1162 crificia
176 1123 241 1162 non
262 1102 319 1162 nisi
337 1105 499 1164 accessoria
518 1126 596 1178 esse,
625 1120 658 1166 nt
677 1108 852 1187 loquuntur,
904 1130 956 1170 uae
976 1131 1017 1170 nu
1030 1111 1059 1172 lo
1080 1111 1181 1192 pretio

49 1179 88 1239 rel
108 1179 184 1240 loeo
204 1190 290 1254 sumt,
320 1177 373 1240 nbi
398 1180 493 1241 solida
517 1183 624 1244 veritas
646 1203 709 1244 non
734 1183 841 1244 subeat.
881 1129 952 1261 δυο
971 1185 1013 1245 de
1036 1187 1181 1247 refusius

49 1256 168 1316 tractavi
190 1255 309 1316 decimo
330 1257 366 1316 ad
377 1255 531 1318 Hebraeos
550 1259 656 1338 capite.
675 1329 679 1338 ,
695 1260 732 1318 ln
750 1280 824 1320 vnce
843 1259 1057 1322 urisenmediae
1076 1283 1180 1344 synec-

49 1332 141 1423 doche
157 1333 302 1468 'nopauda
322 1344 386 1426 'estp
419 1333 568 1470 s⁰³⁰¹q³⁰b
595 1357 652 1394 una
676 1347 761 1415 parte
786 1335 993 1416 complectitur
1017 1337 1185 1418 Propheta,.

49 1410 196 1546 qucqpp'l·
213 1411 846 1568 sicliniimuehii'itsialiinhhdliirrilidiellendne
856 1486 1016 1558 scribartrm
1026 1488 1186 1568 superbiae

48 1575 74 1622 et
92 1563 132 1644 hy
156 1561 250 1622 occisi
268 1563 328 1623 hoc
348 1561 455 1622 dictum
475 1576 535 1638 est,
565 1565 701 1626 continet
718 1576 818 1638 tamen
836 1564 867 1624 io
888 1585 1000 1647 genere
1018 1564 1102 1628 valde
1123 1565 1181 1625 nti-

49 1638 100 1698 lem
143 1640 303 1699 octrinam.
341 1639 499 1701 llloue'mur
518 1639 607 1715 enim,
625 1663 688 1700 non
708 1638 793 1700 aliter
812 1639 900 1700 nobis
919 1643 1058 1722 prodesse
1071 1639 1188 1713 Christi¹

48 1717 187 1794 gratiam,
215 1735 305 1794 qnam
325 1713 394 1774 dnm
413 1727 603 1795 peccatorum
623 1727 792 1777 nostrorum
811 1717 898 1777 nobis
918 1719 1045 1794 conscii,
1077 1729 1107 1778 et
1126 1718 1216 1796 subf-

49 1813 149 1852 comm
177 1811 282 1850 onere·
298 1804 450 1874 gementes
475 1793 624 1854 humiliter
648 1795 771 1854 adeum
792 1793 965 1856 accedimns.
1002 1795 1131 1855 Rursum
1145 1783 1216 1854 'iillu-

48 1882 154 1930 certam
180 1866 320 1929 fiduciam
344 1868 386 1928 eri
429 1879 498 1928 ntur
519 1868 652 1930 infimae
676 1868 891 1946 conscientiae,
926 1871 1001 1950 quia
1017 1869 1186 1932 timendum-

48 1967 106 2006 non
125 1956 185 2020 est,
203 1965 244 2004 ne
262 1944 378 2006 reliciat
388 1888 522 2006 {hristus
534 1957 716 2026 peccatores,
736 1944 840 2026 quibus
859 1949 999 2010 vocandis
1019 1969 1035 2008 e
1056 1946 1179 2008 coelesti

47 2043 94 2081 sua
112 2022 213 2106 gloria
234 2019 395 2082 descendit
420 2021 480 2081 Sed
497 2023 624 2082 tenenda
645 2034 689 2082 est
707 2021 791 2081 simul
811 2022 860 2082 illa
878 2024 1031 2104 particula,
1050 2021 1094 2083 ad
1109 2029 1179 2100 poe-

47 2103 205 2175 aitentiam,
227 2111 260 2157 ut
274 2099 398 2158 sciamus
417 2098 533 2158 veniam
553 2099 641 2158 nohis
660 2099 736 2170 fieri,
754 2119 816 2158 non
836 2119 913 2178 quae
930 2111 1050 2180 peccata
1070 2097 1181 2175 foveat,

48 2178 94 2236 sed
113 2195 194 2255 quae
213 2177 251 2236 ad
272 2174 323 2254 pie
341 2185 499 2253 sancteque
518 2175 637 2238 vivendi
656 2175 783 2236 studium
803 2195 858 2235 nos
870 2188 1001 2236 revocet.
1025 2179 1091 2236 llae
1101 2176 1185 2236 enim

49 2253 124 2334 Lege
146 2273 203 2312 nos
223 2250 400 2310 reconciliat
418 2250 514 2324 Patri,
543 2263 578 2310 ut
601 2251 746 2342 redempti
774 2251 837 2310 eius
859 2273 909 2313 san
954 2253 962 2266 '
985 2253 1181 2332 cesseramus

50 2348 205 2390 nosteros
230 2327 359 2399 hostias,
389 2327 634 2407 quemadmodum
660 2327 732 2386 dicu
755 2323 861 2387 Paulus
892 2333 904 2400 <
938 2328 968 2386 it.
986 2334 1016 2402 2,
1035 2331 1113 2405 12),
1141 2329 1185 2387 Iu
1287 2383 1293 2404 ,

49 2405 101 2465 hoc
120 2403 262 2497 apparuit
284 2401 486 2464 misericordia
504 2403 565 2463 Dei
584 2415 615 2463 et
635 2403 811 2479 humanitas,
828 2415 863 2463 nt
881 2403 1035 2488 abnegatis
1053 2404 1180 2466 muenia

50 2481 198 2544 desideriis
217 2481 295 2542 inste
314 2490 474 2562 metaque
492 2479 689 2556 ambulemus,
709 2489 766 2540 etc.
838 2507 842 2518 ¹
1181 2501 1190 2554 ι

532 1030 577 1090 cia
597 1051 666 1112 erga
686 1032 833 1111 proximus
853 1054 955 1112 perse
975 1053 1007 1094 re
1048 1054 1102 1096 uu:
1133 1058 1190 1098 stt-r

83 2736 167 2821 (76.)
209 2735 382 2803 namt
402 2737 455 2802 IX.
497 2736 547 2801 14
569 2735 664 2800 Tune
684 2733 806 2800 adeunt
827 2755 898 2798 eum
918 2731 1069 2822 discipuli
1085 2733 1180 2796 loan-

48 2841 108 2918 nis,
137 2837 304 2913 drcentes,
335 2836 442 2921 Quam
465 2835 509 2904 ob
532 2857 658 2902 cansam
679 2856 740 2902 nos
762 2845 794 2900 et
815 2835 979 2901 Pharisaei
999 2836 1180 2902 ieiunemus

48 2940 253 3026 pleramque,
285 2936 437 3023 &scipuli
463 2959 543 3004 vero
569 2940 618 3002 tui
643 2957 709 3002 nou
735 2938 902 3002 ieiunant?
950 2935 1000 3001 15.
1031 2935 1075 3002 Et
1101 2933 1181 2999 dixit

49 3041 235 3120 illis'lesus,
266 3039 352 3102 Num
380 3031 517 3124 possunt
541 3035 604 3101 filii
624 3040 734 3123 sponsi
756 3037 880 3124 lugere,
911 3059 1005 3124 quam
1028 3035 1085 3102 diu
1106 3057 1179 3100 cum

49 3139 109 3208 illis
131 3151 180 3208 est
201 3141 360 3228 sponsus?
401 3139 546 3202 Venient
568 3147 673 3201 autem
689 3136 771 3215 dies,
792 3161 889 3224 quum
911 3137 1045 3206 tolletur
1066 3135 1107 3202 ab
1130 3139 1196 3202 cias

49 3264 192 3328 monens,
213 3251 247 3306 et
266 3249 345 3304 tuno
363 3238 564 3305 ieiunahunt.
607 3238 656 3302 16.
667 3235 785 3304 Nullos
806 3249 913 3304 autem
933 3239 1070 3304 immittit
1092 3247 1179 3303 assu·

49 3355 185 3408 mentum
206 3340 308 3428 panni
328 3337 417 3404 rudia
438 3340 472 3401 in
492 3349 613 3418 vestem
634 3347 794 3416 veterem,
816 3339 922 3403 aulert
943 3341 1027 3404 enim
1048 3337 1180 3426 supple·

50 3456 187 3508 mentum
207 3440 296 3506 illius
317 3462 336 3504 a
357 3443 558 3518 vestimento,
579 3447 618 3502 et·
632 3439 726 3523 peior
745 3449 878 3526 ruptura
899 3440 946 3504 fit.
989 3441 1039 3507 17.
1059 3439 1177 3524 Neque

51 3547 174 3610 mittunt
198 3545 310 3608 vinum
336 3561 456 3606 novum
486 3540 521 3604 in
548 3549 637 3604 utres
665 3548 808 3619 veteres,
838 3540 962 3628 alioqui
986 3551 1178 3627 rumpuntur
1241 3620 1244 3630 A

50 3655 146 3722 utres,
167 3654 201 3710 et
221 3645 332 3708 unum
353 3639 546 3719 effunditur,
567 3650 600 3704 et
620 3647 708 3703 utres
728 3651 879 3724 parenni:
904 3641 963 3706 sed
982 3645 1111 3707 mittunt
1130 3639 1177 3702 vi-
1234 3645 1260 3705 .·“·

50 3765 121 3810 num
141 3765 263 3810 novum
286 3745 320 3806 in
342 3752 429 3808 utres
449 3761 566 3820 novos,
594 3749 626 3805 et
645 3753 781 3830 unaque
802 3741 897 3808 simul
916 3755 1093 3808 servantur.
1218 3729 1226 3768 ³

126 3872 269 3944 Marte.
297 3877 333 3940 ll.
376 3877 427 3942 18.
455 3875 498 3940 Et
523 3869 674 3961 discipuli
700 3877 832 3942 loannis
865 3897 901 3941 ao
928 3877 1174 3940 Pharisaeorum

51 3979 247 4057 ieiunabant,
267 3980 481 4064 veniuntque,
502 3983 535 4041 et
556 3975 667 4043 dicunt
686 3975 751 4059 itti,
778 3979 890 4066 Quare
912 3973 1062 4060 discipuli
1083 3973 1176 4038 loan-
1293 4021 1295 4026 .

53 4081 97 4144 nis
116 4091 148 4148 et
168 4080 417 4146 Pharisaeorum
437 4079 599 4158 ieirmant,
628 4081 677 4144 tui
705 4090 809 4146 antem
833 4075 983 4163 discipuli
1007 4095 1075 4140 uon
1096 4075 1181 4139 ieiua

51 4187 142 4248 naut?
185 4183 238 4248 le.
258 4181 300 4244 Et
322 4185 366 4246 ait
385 4178 451 4246 illis
470 4181 574 4258 lesus,
594 4179 678 4243 Num
699 4191 835 4265 pnssrrnt
856 4177 916 4242 lilii
937 4175 1090 4262 nuptialis
1110 4175 1179 4240 tha-

50 4279 134 4363 lami,
160 4287 196 4348 in
221 4301 288 4368 quo
311 4303 380 4346 cum
403 4279 467 4346 illis
490 4293 537 4346 est
558 4301 710 4366 sponsus,
740 4264 905 4346 ieiunare?
936 4299 1030 4366 quam
1052 4277 1109 4346 diu
1129 4299 1179 4342 sc-

54 4404 119 4452 tum
141 4383 272 4454 habent
290 4404 452 4469 sponsum,
475 4405 542 4452 nou
564 4393 698 4469 possunt
716 4383 868 4450 ieiunare.
896 4379 948 4446 20.
969 4381 1112 4448 Venient
1126 4400 1181 4444 au·
1238 4389 1243 4408 “
