2756 4838
168 221 256 312 tltt
436 209 552 272 SECT.
565 205 659 272 ‘th
698 225 778 272 tran
803 225 839 274 m
861 223 1064 284 renuentum.

167 363 313 428 reiiciunt.
337 363 382 424 lta
400 364 587 448 regeneratio
601 363 676 424 nihil
693 355 772 425 aliud
790 375 868 425 esset
885 382 973 446 quam
984 362 1112 438 novitas,
1129 384 1208 444 quae
1225 363 1333 426 instau-

124 521 130 526 .
167 442 314 503 rationem
331 441 426 502 nostri
440 453 589 522 sequetur,
610 441 678 502 dum
694 439 903 502 absorbebitur
922 440 1003 534 quod
1023 439 1149 500 mortale
1168 452 1215 501 est
1235 443 1334 514 avita,

167 529 199 578 et
218 539 325 598 corpus
344 529 478 580 nostrum
498 517 606 578 humile
627 518 656 577 iu
676 517 835 580 coetestem
863 515 976 578 Chrrsti
992 515 1118 597 gloriam
1140 517 1333 598 transfigura-

167 594 256 656 bitur.
296 594 356 654 Sed
378 616 436 678 ego
455 598 698 672 regennarum
717 595 815 687 potius
834 595 871 655 ad
891 595 1021 675 priorem
1042 591 1157 654 Christi
1176 594 1333 654 adrentum

165 671 277 745 resero,
297 670 364 750 quia
383 684 454 733 tunc
474 672 576 754 coepit
593 692 732 734 renovari
751 671 886 747 mundus,
906 683 936 730 et
956 691 989 731 ex
1008 669 1113 730 mortis
1128 669 1268 730 tenebris
1280 673 1334 732 Er-

167 747 256 809 clesia
275 747 306 806 in
325 745 421 808 lucem
440 749 516 810 vitae
529 749 655 810 emersit.
684 749 783 828 Atque
798 749 870 810 hacc
890 747 1033 827 loquendi
1053 745 1130 807 ratio
1152 749 1264 826 passim
1284 770 1332 809 oc-

167 823 262 886 currit
280 823 312 884 in
326 823 496 906 Prophetis,
517 837 547 885 et
566 826 602 886 ad
622 825 705 886 huius
724 823 784 885 loci
804 824 1050 886 circumstantiam
1066 823 1183 903 optime
1228 827 1332 886 uadrat

165 903 242 962 Nam
261 900 351 961 toties
369 902 512 982 promissa
524 901 675 964 Ecclesiae
695 901 849 964 renovatio
864 921 945 982 spem
964 901 1076 962 lecerat
1094 901 1188 960 mirae
1205 845 1331 962 lelirita-

165 978 215 1052 tis,
234 976 408 1057 simulatque
427 979 610 1059 apparuisset
628 979 755 1040 Messias.
787 977 919 1044 Christus
940 998 1024 1060 ergo,
1043 988 1076 1038 ut
1097 995 1236 1038 errorem
1256 979 1332 1040 illurn

167 1053 318 1128 cohibeat,
337 1053 415 1115 inter
434 1055 520 1138 regni
538 1055 583 1116 sui
603 1055 779 1135 principium
800 1065 831 1115 et
849 1053 1099 1135 complementum
1120 1053 1287 1146 distinguit.

242 1129 314 1189 Luc.
331 1136 377 1198 28.
411 1131 448 1190 V
444 1146 582 1192 esaum
598 1137 751 1196 moesus.
782 1131 959 1211 Quanquam
979 1130 1126 1190 diversum
1147 1129 1333 1192 Chnstiscr-

166 1227 287 1267 monem
307 1206 415 1268 etalio
434 1221 494 1270 tem
517 1229 570 1270 ore
594 1208 726 1284 habitum
749 1209 868 1269 ridetur
891 1207 1003 1268 referre
1023 1207 1134 1280 Lucas,
1154 1227 1212 1289 ego
1232 1219 1332 1268 tamen

167 1302 229 1344 non
251 1283 364 1359 dubito,
405 1285 456 1344 uin
475 1229 514 1346 ad
531 1285 609 1346 idem
629 1297 744 1368 tempus
763 1283 919 1366 pertineat·
963 1285 1069 1364 Neque
1090 1283 1169 1344 eninr
1189 1297 1333 1364 perpetua

166 1358 228 1420 illic
248 1306 503 1422 narraturljhmsti
524 1361 642 1436 concio,
662 1365 713 1426 sed
728 1361 858 1422 diversae
874 1360 1048 1436 sententiae,
1068 1361 1210 1442 neglecto
1228 1363 1332 1422 ordine

166 1437 319 1532 temporis,
338 1437 425 1498 sicuti
442 1438 532 1519 paulo
553 1449 620 1519 port
639 1461 752 1502 rursum
772 1437 928 1498 dicendum
955 1436 1020 1499 erit.
1060 1436 1224 1498 Caeterum
1243 1439 1332 1518 pluri-

166 1511 222 1574 bus
241 1513 338 1574 verbis
357 1515 451 1590 utitur
469 1537 556 1596 quam
575 1514 756 1578 Matthaeus:
775 1535 842 1574 nam
864 1513 932 1594 quia
951 1513 1045 1594 ipsum
1061 1513 1198 1574 comitati
1219 1513 1333 1574 fuerant

165 1588 307 1725 Apostoli
326 1591 358 1650 in
370 1591 583 1652 tentationibus
597 1601 628 1650 et
645 1601 815 1655 constanter
826 1591 1026 1672 perstiterant,
1045 1602 1206 1662 consortes
1218 1613 1333 1672 quoque

166 1665 280 1750 goriae
300 1665 366 1727 lore
386 1671 567 1748 pronuntiet.
607 1671 781 1749 Quaeritur,
811 1688 870 1747 quo
890 1687 976 1728 sensu
994 1666 1179 1728 tentationes
1199 1690 1264 1728 suas
1281 1689 1331 1748 ap-

166 1742 282 1832 pellet..
305 1746 373 1882 Elqo
393 1765 465 1804 sero
486 1748 662 1820 certamina,
689 1746 794 1826 quibus
815 1765 882 1807 eum
903 1755 934 1804 ct
953 1735 1116 1822 Apostolus
1137 1745 1332 1804 communiter

166 1830 298 1880 exercurt

166 1907 222 2032 pqt,
242 1893 309 1972 quia
328 1917 397 1986 vere
417 1901 577 1962 secundum
598 1901 740 1962 humanae
761 1909 882 1958 naturae
907 1918 1023 1958 sensum
1049 1897 1179 1976 probata
1200 1897 1257 1958 luit
1274 1900 1331 1958 eius

208 1991 238 2031 es
259 1981 290 2030 et
329 1973 459 2033 attentia.
759 1993 764 2000 ·

90 2053 99 2068 '
174 2103 189 2130 Ἰ.
241 2051 290 2112 29.
308 1994 464 2126 pllisporro
481 2049 559 2122 rodis
575 2073 705 2128 segetum
749 2051 818 2111 Non
840 2050 989 2131 praesides
1013 2062 1128 2110 tantum
1149 2072 1204 2113 eos
1226 2051 1270 2112 hic
1290 2052 1331 2112 la-

167 2123 224 2198 cit,
243 2125 295 2188 sed
314 2147 416 2208 reges,
436 2129 504 2206 qnia
522 2149 648 2209 regnum
689 2129 750 2188 uod
769 2126 884 2208 accepit
904 2149 920 2188 a
940 2127 1028 2187 Patre
1048 2126 1106 2188 illis
1127 2128 1330 2189 communicat

165 2200 320 2282 Emphasis
339 2215 436 2265 autem
455 2205 555 2268 subest
573 2205 604 2264 in
624 2150 719 2268 verbo
738 2201 919 2282 dispmudt,
939 2225 977 2263 ue
997 2203 1101 2294 rapido
1122 2205 1263 2266 desiderii
1274 2205 1329 2266 ler-

166 2298 240 2338 vore
260 2279 344 2340 nimis
365 2280 532 2344 accelerent
552 2283 588 2344 ad
608 2303 733 2365 regnum
754 2283 970 2360 occupandum,
990 2301 1071 2340 curus
1091 2281 1253 2342 ordinandi
1272 2282 1329 2361 ipse

166 2373 242 2416 num
262 2367 306 2416 est
325 2356 471 2440 legitimus
491 2357 602 2421 arbiter
622 2371 652 2420 et
670 2379 724 2420 suo
746 2357 881 2438 exemplo
908 2378 959 2418 eos
980 2357 1016 2417 ad
1037 2357 1212 2437 patientiam
1234 2359 1328 2420 horta-

165 2443 223 2494 tur.
263 2431 441 2514 Quanquam
461 2435 541 2496 enim
560 2435 623 2496 Rex
642 2448 705 2496 erat
725 2457 742 2498 a
761 2433 849 2496 Patre
870 2433 1044 2509 destinatus,
1070 2455 1132 2494 uon
1154 2447 1256 2495 tamen
1275 2449 1327 2496 sta-

166 2509 220 2568 tim
239 2507 370 2572 insuam
390 2511 516 2605 gloriam
536 2523 653 2575 evectus
673 2523 734 2586 est,
766 2513 826 2574 imo
846 2531 877 2570 se
897 2511 991 2590 ipsum
1013 2509 1191 2584 exinanivit,
1232 2524 1262 2572 et
1302 2533 1329 2571 er

167 2585 262 2648 crucis
285 2586 478 2668 ignomrniam
504 2589 626 2670 adeptus
654 2600 698 2664 est
723 2588 837 2671 regium
862 2587 1019 2647 honorem.
1062 2585 1163 2648 latere
1187 2603 1215 2648 er
1262 2592 1331 2650 'err

165 2683 255 2743 super
273 2685 402 2726 mensam
421 2687 502 2728 suam
521 2665 723 2747 metaphorice
742 2663 853 2745 posuit,
873 2685 928 2744 pro
942 2684 979 2724 eo
993 2665 1071 2742 quod
1093 2677 1148 2738 est,
1171 2665 1329 2726 communis

166 2737 280 2822 gloriae
301 2761 363 2802 esse
384 2743 491 2804 socios.
1106 2799 1110 2811 ,

243 2817 348 2877 Mattb.
366 2823 413 2884 29.
456 2819 528 2901 (lctis
571 2822 592 2878 's
609 2817 765 2898 reliquerit.
814 2817 973 2898 Postquam
993 2837 1113 2879 suorum
1134 2832 1252 2878 mentes
1271 2841 1328 2880 sur-

164 2909 230 2954 sum
251 2893 353 2953 extulit
372 2895 408 2954 ad
427 2915 508 2973 spem
543 2908 644 2956 uturae
657 2895 745 2968 vitae,
763 2893 975 2954 solatiisetiam
988 2894 1194 2973 praesentibus
1208 2917 1261 2956 eos
1274 2919 1326 2957 sus-

166 2979 278 3044 tentat,
297 2971 511 3061 confirmatque
531 2971 568 3031 ad
588 2970 739 3031 serendam
760 2990 885 3031 crucem.
925 2973 1029 3062 Neque
1050 2971 1129 3030 euim
1150 2993 1223 3032 suos
1244 2973 1329 3040 Deus,

166 3043 239 3106 licet
257 3045 385 3124 graviter
404 3046 498 3128 aillrgi
516 3047 603 3121 sinat,
622 3067 749 3124 unquam
769 3059 868 3106 tamen
889 3047 1008 3122 desent,
1028 3048 1100 3127 quin
1117 3047 1177 3108 suis
1195 3048 1328 3109 subsidiis

166 3133 340 3199 compenset
360 3143 463 3184 eorum
483 3143 644 3184 aerumnas.
663 3124 769 3203 Neque
781 3123 828 3184 hic
848 3136 961 3184 tantum
974 3123 1138 3205 Apostolos
1159 3125 1221 3185 allo
1247 3128 1327 3196 uitur,

167 3196 219 3256 sed
238 3208 353 3278 sumpta
374 3199 545 3274 occasione,
569 3199 749 3282 generaliter
768 3200 804 3260 ad
824 3201 889 3280 pios
910 3222 1011 3262 omues
1032 3222 1202 3261 sermonem
1225 3149 1327 3286 dirigit

166 3271 250 3334 llaec
269 3295 379 3336 summa
400 3287 458 3336 est:
487 3275 538 3356 qui
557 3289 665 3356 sponte
686 3276 783 3337 omnia
805 3277 988 3358 perdiderint
1007 3277 1047 3338 oh
1070 3277 1184 3339 Christi
1206 3301 1327 3351 cauum,

165 3348 233 3410 fore
253 3362 353 3412 tamen
373 3353 459 3414 etiarn
484 3353 513 3414 in
539 3353 594 3414 hac
619 3355 676 3414 vita
701 3353 849 3432 feliciores
875 3375 961 3434 quam
986 3353 1010 3416 si
1035 3353 1145 3434 integri
1172 3357 1328 3421 stetissent

167 3427 355 3508 praecipuam
379 3450 450 3490 vero
470 3430 636 3493 mercedem
662 3431 719 3492 illis
745 3431 776 3492 in
802 3429 888 3504 cqelo
910 3451 972 3492 esse
992 3429 1165 3511 repositam.
1206 3433 1326 3492 Videtur

165 3516 282 3580 tamen,
301 3507 382 3584 quod
402 3507 438 3566 de
458 3507 597 3586 centupla
617 3507 858 3588 compensatione
878 3507 1042 3588 promittit,
1061 3529 1127 3566 cum
1149 3509 1325 3588 experientia

165 3581 285 3642 minime
305 3604 480 3666 congruere.
525 3586 599 3664 Nam
625 3584 832 3664 utplurimum
856 3585 908 3675 qui
928 3585 1025 3646 orbati
1050 3595 1119 3644 sunt
1148 3584 1325 3664 parentibus,

166 3659 212 3722 vel
232 3659 343 3736 liberis,
363 3661 484 3752 aliisque
506 3681 542 3722 co
566 3662 651 3736 natis,
670 3661 781 3723 viduati
798 3661 947 3735 uxoribus,
966 3673 997 3721 et
1016 3660 1144 3722 fortunis
1166 3661 1263 3722 nudati
1283 3659 1322 3720 oh

167 3735 278 3798 Christi
297 3737 508 3813 testimonium,
527 3681 602 3802 adeo
622 3759 672 3800 sua
693 3759 755 3798 non
774 3750 961 3816 recuperant,
980 3749 1013 3796 ut
1032 3737 1062 3796 iu
1084 3738 1188 3798 exsilio
1209 3737 1325 3800 solitarii

166 3826 198 3874 et
217 3813 326 3876 deserti
346 3837 411 3882 cum
432 3815 503 3876 dura
524 3827 653 3900 egestate
673 3835 762 3906 aegre
781 3814 940 3874 luctentur.
989 3813 1188 3894 llespoudeo‚
1222 3815 1245 3874 si
1265 3815 1325 3894 quis

166 3891 221 3951 rite
241 3905 427 3981 praesentem
438 3891 498 3952 Dei
517 3893 647 3973 gratiamu
660 3903 803 3966 resumet,
824 3913 880 3971 qua
900 3912 1019 3959 suorum
1039 3890 1172 3964 miserius
1186 3891 1325 3957 sublevat.

167 3966 308 4028 fatebitur
328 3969 464 4030 omuibus
484 3967 585 4028 mundi
606 3969 712 4060 opibus
733 3991 794 4030 nou
815 3979 926 4042 tcmcrc
946 3965 1098 4048 praeferri.
1131 3967 1325 4042 Quantum-is

166 4044 245 4104 enim
264 4045 392 4113 lloreout
410 4045 564 4119 increduli,
585 4067 650 4125 qula
673 4055 768 4118 tauron
786 4045 931 4119 nesciunt,
952 4045 1021 4124 quid
1041 4043 1095 4103 sibi
1118 4043 1148 4103 in
1171 4046 1324 4106 crastinum

167 4119 273 4194 instet,
292 4121 446 4202 perplexos
466 4142 582 4202 semper
602 4145 635 4182 ac
656 4121 786 4201 trepidos
808 4136 938 4199 acptuare
958 4141 1076 4180 neccsse
1097 4133 1157 4196 est,
1179 4144 1237 4182 uec
1257 4143 1323 4182 vero

166 4194 253 4256 aliter
272 4194 330 4257 frui
349 4209 472 4277 possunt
490 4199 566 4260 laeta
586 4199 716 4270 fortuna,
737 4200 790 4260 nisi
811 4221 842 4260 se
861 4200 868 4257 i
890 4221 938 4258 sos
951 4197 1174 4277 quodammodo
1186 4197 1322 4278 obstupe-

166 4271 285 4332 faciant.
324 4275 445 4338 lnterim
464 4297 533 4338 suos
545 4275 684 4336 exhilarat
695 4275 788 4350 Deus,
808 4276 859 4338 ut'
885 4276 906 4336 's
924 4273 1014 4355 pluris
1033 4275 1071 4334 sit
1089 4274 1244 4355 longeque
1263 4295 1321 4334 sm-

166 4347 235 4410 rins
249 4349 396 4422 tantillum
413 4351 503 4426 boni,
522 4372 582 4431 quo
602 4352 754 4428 fruuntur,
783 4347 869 4433 quam
889 4353 913 4412 si
933 4363 1012 4432 extra
1035 4349 1187 4414 Christum
1208 4353 1263 4414 illis
1282 4351 1324 4410 rl-

354 1842 420 1894 eus,
451 1824 549 1884 notari
573 1820 715 1884 existimo.
766 1822 811 1882 Ac
836 1819 944 1882 merito
968 1824 1154 1882 mutulorum
1173 1842 1250 1882 voce
1269 1844 1355 1882 usur·
