2768 4834
529 171 534 223 ι
707 193 718 218 s

400 283 463 362 (37.
487 277 567 342 Iesos
588 278 662 364 legit
680 277 864 363 discipulos.)
1137 291 1196 356 125

58 457 111 528 qua
132 447 220 518 parte
242 438 276 498 in
296 433 465 496 Galilaeam
483 433 642 518 vergebat,
664 451 745 494 mare
765 431 917 496 Galilaeae
936 435 1079 496 dixerunt
1117 438 1196 522 Ripa

59 515 148 574 noina
169 511 332 574 Tiberiadi
353 532 524 594 cognomen
544 531 578 572 ex
596 508 671 594 urbe
690 530 759 570 acce
783 510 815 571 it
855 512 903 572 De
923 511 985 573 eins
1004 511 1196 593 amplitudine

56 603 84 650 et
107 592 167 650 sitn
197 589 274 650 alibi
300 589 503 680 opportunior
532 589 590 648 erit
612 588 729 648 dicendi
755 532 850 649 deus:
878 604 958 650 nunc
982 591 1132 654 veniamus
1157 595 1195 656 ad

56 689 114 727 rem
134 667 246 746 ipsam.
285 667 371 726 Dicit
383 667 487 740 Lucas,
508 665 655 728 Christum
676 684 835 725 conscensa
855 667 922 725 navi
937 666 1019 726 Petri
1039 669 1194 734 recessisse

55 745 175 804 modico
203 742 304 824 spatio
324 764 341 803 a
361 755 456 818 terra,
481 753 514 800 ut
534 741 715 802 commodius
740 737 809 801 inde
835 741 934 802 turbas
954 744 1092 817 doceret,
1115 767 1194 825 quae

56 819 206 880 desiderio
227 821 293 882 eius
313 819 451 880 audiendi
471 839 505 878 ex
524 818 610 879 variis
630 817 702 878 locis
722 819 936 880 confluxerant:
957 821 1084 882 docendi
1095 835 1194 884 antem

55 917 178 956 munere
205 897 414 978 perfunctum,
437 896 586 977 specimen
613 893 774 955 exhibuisse
795 895 911 955 divinae
934 918 1004 957 suae
1024 896 1136 959 virtutis
1160 899 1193 960 in

55 973 212 1036 miraculo.
259 971 403 1048 Quamvis
428 973 505 1032 enim
530 972 667 1032 usitatum
691 971 728 1030 sit
747 971 940 1051 piscatoribus
966 972 1074 1034 multos
1094 975 1194 1036 lacere

55 1051 143 1110 iactam
164 1050 296 1124 steriles,
316 1071 379 1110 uno
399 1049 505 1110 deinde
525 1067 670 1130 prospero
691 1047 769 1108 iactu
788 1069 912 1127 pensare
932 1050 1071 1129 quicquid
1081 1050 1193 1114 laboris

54 1125 161 1188 lrnstra
183 1139 387 1207 sumpserant,
404 1127 576 1187 miraculum
595 1137 693 1184 umen
714 1145 747 1184 ea
766 1125 821 1184 hac
841 1125 1054 1186 circumstantia
1076 1127 1191 1206 enituit,
1219 1187 1224 1218 Ι

55 1204 152 1282 qnod,
182 1225 276 1283 quum
294 1215 359 1263 tota
379 1215 468 1263 nocte
487 1201 562 1263 nihil
582 1201 727 1281 cepissent
751 1202 842 1279 (quae
861 1212 960 1261 tamen
985 1205 1021 1264 ad
1041 1217 1192 1286 capturam

53 1279 152 1360 aptior
173 1281 248 1356 est),
265 1278 366 1340 subito
386 1281 418 1338 in
438 1300 541 1342 eornm
560 1277 759 1367 retia'ingens
779 1277 864 1356 copia
884 1279 1022 1356 piscium,
1041 1303 1116 1361 qnae
1136 1303 1192 1342 na-

54 1377 101 1414 res
120 1355 264 1436 impleat,
289 1369 489 1418 coacervatur.
534 1355 635 1416 Facile
653 1352 744 1436 igitur
763 1365 929 1432 agnoscunt
946 1353 1052 1414 Petrus
1078 1371 1109 1418 et
1128 1359 1191 1419 eins

53 1432 143 1506 socii,
169 1432 262 1492 talem
285 1435 426 1514 praedam
473 1453 526 1494 uae
542 1431 672 1492 'modum
694 1427 854 1504 excedebat
879 1449 942 1489 non
967 1430 1114 1514 obtigisse·
1133 1435 1192 1496 sihi

54 1508 266 1585 lortnito,sed
286 1509 423 1569 divinitus
443 1531 462 1569 o
485 1509 573 1570 latam
593 1528 666 1568 esse.

127 1585 204 1645 Luc.
225 1593 253 1651 (s
291 1587 483 1662 Praeceptor,
503 1608 560 1662 per
577 1601 665 1647 totum
682 1597 793 1644 nocam
811 1595 862 1647 etc.
905 1583 976 1644 Non
996 1583 1116 1644 dubium
1137 1597 1192 1664 est,

55 1662 122 1740 quin
143 1663 255 1722 Petrus
276 1663 409 1726 doctoris
429 1663 530 1724 officio
544 1662 694 1725 Christum
713 1659 798 1741 fungi
817 1659 935 1720 solitum
955 1660 1062 1736 sciens,
1082 1683 1115 1722 ac
1127 1663 1191 1724 eius

54 1739 224 1798 reverentia
242 1750 336 1800 tactam
356 1734 398 1800 sic
417 1741 559 1800 nominet.
597 1737 737 1798 Nondum
756 1751 854 1798 umen
874 1737 914 1797 ita
924 1737 1062 1817 proiecit,
1082 1749 1114 1799 ot
1126 1761 1190 1800 me-

54 1829 154 1876 reatur
173 1814 256 1876 inter
275 1815 337 1876 cius
358 1817 515 1897 discipulos
538 1814 664 1877 censeri:
693 1833 790 1905 neque
811 1813 888 1874 enim
908 1814 975 1874 satu
1000 1828 1045 1875 est
1064 1816 1189 1878 honori·

54 1891 106 1952 hee
131 1893 172 1952 de
194 1890 318 1952 Christo
344 1894 473 1968 sentire,
497 1892 553 1953 nisi
573 1893 633 1953 eius
654 1893 818 1952 doctrinam
839 1890 906 1950 lidei
934 1885 1104 1954 obedientia
1124 1915 1188 1954 am-

54 1968 130 2048 plexi
155 1981 325 2042 teneamus,
352 1971 423 2050 quid
447 1991 463 2029 a
488 1969 574 2028 nobis
598 1969 700 2030 velit.x
726 1967 790 2028 Etsi
815 1979 912 2026 autern
935 1969 982 2028 vel
1002 1969 1115 2029 nullum
1139 1969 1188 2030 vel
1252 2035 1256 2044 ,

54 2059 172 2104 ιειιιιεω
193 2045 352 2130 Evangelii
364 2059 486 2128 gustum
507 2045 630 2120 habeat,
653 2057 793 2126 qnantum
812 2054 911 2104 umen
933 2043 1053 2106 Christo
1074 2046 1189 2108 deferat

54 2119 194 2196 ostendit,
215 2143 305 2202 quum
325 2123 409 2182 inani
428 2122 530 2183 labore
551 2122 704 2204 fatigatus,
721 2121 805 2202 ‘quod
825 2120 930 2181 frustra
949 2132 1129 2198 tentaverat,
1150 2124 1188 2184 de

54 2199 112 2258 inte
192 2199 376 2280 aggreditur.
422 2199 504 2274 Quin
524 2199 614 2281 igitur
632 2199 710 2280 apud
730 2217 796 2258 eum
814 2196 914 2278 magni
935 2197 1024 2258 luerit
1043 2197 1188 2272 Christus,

55 2287 83 2334 et
106 2275 267 2354 purimum
291 2273 418 2334 valuerit
443 2275 533 2356 ipsius
558 2277 729 2350 auctoritas,
755 2274 858 2356 negari
882 2293 944 2333 non
970 2286 1077 2354 potest.
1126 2275 1188 2336 Sed

55 2352 236 2430 particularis
256 2351 330 2412 fides
349 2352 401 2411 uni
419 2362 533 2412 tantum
549 2351 659 2414 Christi
678 2352 818 2412 mandato
840 2349 947 2423 habita,
968 2362 999 2410 et
1018 2351 1135 2430 quidem
1154 2352 1188 2412 in

55 2429 166 2506 privato
186 2429 384 2506 terrestrique
403 2429 538 2521 negotio,
562 2427 760 2489 Christianum
779 2425 904 2486 minime
920 2425 1036 2486 lecisset
1056 2429 1188 2502 Petrum,

56 2506 99 2562 sel
117 2504 218 2564 locum
240 2505 285 2564 illi
305 2504 433 2564 dedisset
452 2517 531 2566 rnter
550 2503 626 2565 filios
646 2503 715 2576 Dei,
735 2501 791 2562 nisi
811 2499 847 2560 ab
870 2501 927 2560 hoc
947 2501 1080 2580 obsequii
1099 2503 1186 2563 initio

55 2581 168 2641 tandem
188 2581 226 2640 ad
247 2581 367 2660 plenam
386 2580 585 2642 obedientiam
606 2579 746 2640 deductus
767 2577 854 2637 foret.
894 2577 1067 2652 Caeterum,
1097 2600 1187 2658 quurn

56 2669 108 2716 tam
148 2670 287 2738 romptus
314 2657 405 2718 luerit
423 2659 460 2717 ad
479 2654 641 2738 parendum
663 2654 774 2716 Christi
793 2651 931 2712 mandato
952 2652 1073 2726 Petrus,
1099 2675 1187 2732 quem

56 2679 182 2794 nondiim
202 2734 252 2796 vel
272 2733 455 2814 Prophetam
475 2755 537 2795 esse
557 2732 604 2795 vel
623 2731 683 2792 llei
703 2730 809 2790 Filium
828 2729 948 2803 sciebat,
968 2727 1048 2789 nulla
1067 2740 1187 2791 nostrae

56 2809 230 2892 ignominiae
245 2810 404 2884 excusatio,
424 2812 504 2890 quod
519 2811 682 2874 Dominum
702 2821 732 2868 et
742 2807 855 2889 Regem
872 2818 901 2865 et
912 2805 1042 2866 Iudicem
1052 2818 1186 2868 nostrum

56 2889 266 2974 pfaedicantes,
287 2886 419 2946 officium
439 2899 571 2948 nostrum
591 2887 688 2948 lacere
710 2885 807 2946 decies
826 2881 864 2942 ab
884 2883 950 2964 ipsc
971 2882 1055 2960 iussi,
1080 2893 1119 2944 ne
1140 2885 1186 2944 di-

5 3039 6 3042 *
54 2975 140 3043 guum
161 2965 282 3045 quidem
302 2982 464 3023 movemus.

124 3041 197 3100 Luc.
222 3047 251 3114 θ
302 3041 509 3100 Coriolanorum
532 3041 657 3114 piscium
686 3035 902 3098 maeltitudinem.
953 2987 1035 3096 dinis
1066 3035 1185 3117 quidem

55 3117 182 3177 miraculi
209 3116 283 3190 luit,
308 3127 344 3175 ut
368 3117 487 3199 cognita
509 3115 620 3176 Christi
646 3115 798 3176 divinitate
822 3136 854 3173 se
880 3111 923 3172 illi
948 3113 1054 3200 Petpus
1080 3126 1111 3174 et
1135 3115 1184 3176 alii

56 3193 209 3284 discipulos
228 3193 410 3254 addicerent
455 3193 645 3253 Generaliter
667 3205 766 3252 tamen
793 3191 849 3251 hcc
874 3190 1007 3270 exemplo
1033 3193 1185 3268 docemur,

55 3291 168 3331 mmrme
193 3270 359 3330 timendum
384 3289 461 3344 esse,
491 3289 530 3329 ne
552 3271 733 3349 respondeat
756 3266 855 3328 labori
882 3278 985 3326 nostro
1011 3265 1183 3329 benedictio
1279 3293 1282 3299 s

55 3345 106 3406 llei
126 3360 159 3407 et
178 3345 319 3426 optabilis
339 3366 496 3420 successus,
517 3347 632 3426 quoties
652 3346 729 3405 iussu
751 3355 781 3404 et
799 3342 936 3423 auspiciis
950 3341 1061 3404 Christi
1080 3367 1183 3406 manus

56 3425 133 3502 operi
152 3420 387 3484 admovebimus.
428 3421 587 3483 Caeterum
607 3421 672 3482 talis
693 3421 749 3482 luit
768 3419 855 3500 copia
874 3419 1014 3503 piscium,
1034 3441 1109 3500 quae
1129 3444 1183 3482 na-

54 3521 97 3559 res
105 3499 271 3583 mergendo
285 3498 399 3558 animos
410 3499 605 3578 spectantium
615 3497 646 3556 in
657 3498 881 3558 admirationem
895 3495 1053 3558 attolleret.
1079 3498 1182 3579 Opor-

54 3578 105 3636 tait
123 3580 202 3638 enim
223 3575 355 3636 divinam
368 3573 480 3635 Christi
498 3575 624 3658 gloriam
644 3573 786 3635 miraculo
807 3575 865 3634 hoc
873 3572 1020 3654 patefieri,
1039 3585 1073 3636 ut
1088 3575 1183 3636 solida

54 3651 91 3713 dli
110 3653 272 3715 auctoritas
293 3663 450 3712 constaret.

121 3731 194 3792 Luc.
213 3742 243 3792 a.
286 3728 413 3789 Discede
435 3751 456 3789 o
473 3751 533 3803 use,
558 3727 693 3789 Domine.
735 3725 881 3812 ,Quamvis
900 3726 960 3787 Dei
985 3725 1182 3807 praesentiam

53 3807 165 3867 assiduis
185 3808 263 3869 votis
284 3817 424 3885 expetant
441 3805 586 3880 homines,
606 3825 726 3874 necesse
746 3815 842 3864 tamen
864 3816 916 3880 est,
936 3803 1109 3882 simulatque
1128 3822 1181 3882 ap-

54 3897 132 3962 paret
149 3886 250 3959 Dmrs,
277 3869 437 3943 iomnidine
465 3881 602 3962 percelli,
627 3883 687 3942 imo
716 3880 873 3940 exanimari
896 3891 977 3940 metu
1004 3891 1033 3940 et
1059 3871 1181 3958 padue,

54 3961 143 4021 donec
171 3959 313 4020 solatium
341 3959 488 4020 adhibeat.
548 3957 640 4033 Quod
669 3957 767 4018 Deum
798 3970 858 4017 tam
887 3956 994 4035 cupide
1026 3957 1181 4031 advocant,
1274 3965 1275 3973 ’

54 4038 158 4116 optima
179 4038 327 4111 estratio,
368 4037 415 4096 uia
435 4058 466 4095 se
485 4035 608 4095 miseros
621 4055 683 4114 esse
705 4057 741 4094 eo
757 4033 877 4093 ahsente
898 4033 1008 4092 sentire
1020 4041 1185 4114 cogunture

56 4114 213 4191 praesentia
234 4125 332 4174 autem
347 4057 428 4172 blius
448 4113 517 4176 ideo
540 4112 733 4175 formidabilis
753 4123 806 4186 est,
827 4111 899 4190 quia,
914 4121 984 4167 tunc
1003 4111 1112 4169 sentire
1132 4111 1180 4169 in-

55 4190 175 4268 cipiunt,
202 4211 291 4270 qnam
311 4189 385 4250 nihil
404 4189 479 4263 sint,
504 4189 563 4248 imo
590 4189 697 4266 quanta
717 4188 859 4248 malornm
885 4185 1112 4266 congerie‘sint
1130 4208 1179 4248 re-

54 4264 124 4326 lerti.
162 4268 336 4330 Secundum
358 4265 598 4326 honorationem
619 4265 722 4324 Petrus
743 4265 784 4324 sie
805 4274 960 4322 reveretur.
977 4262 1127 4324 Christum
1148 4266 1178 4324 in

55 4343 205 4421 mhacolo,
231 4356 265 4402 nt
288 4343 439 4404 maiestate
465 4343 527 4402 eins
553 4342 704 4402 exterritus
734 4350 874 4428 quantum
900 4339 930 4398 in
954 4359 986 4398 se
1007 4351 1050 4401 est
1076 4341 1178 4474 lugiet.

55 4418 151 4502 Neque
171 4423 230 4486 hcc
249 4420 307 4486 soli
325 4421 416 4484 Petro
437 4419 558 4497 accidit,
584 4417 829 4500 quemadmodum
849 4437 884 4478 ex
902 4428 1041 4480 contextu
1061 4417 1109 4478 col
1123 4417 1178 4494 'gi-
1283 4491 1286 4498 .
