2764 4854
118 219 176 282 258
347 209 463 272 SECT.
482 209 564 268 xlx.
604 220 735 266 nuaram
756 219 873 266 rassin
894 217 936 262 11
957 215 1057 262 uum.

120 382 179 450 tea,
208 369 278 434 Ave
299 368 369 432 Rex
391 365 594 431 ludaeorum.
635 364 686 428 3⁰.
719 361 762 426 Et
788 380 887 446 quum
915 359 1117 444 crepuissent
1143 358 1179 422 in
1205 375 1294 434 enm,

121 481 317 558 acceperunt
339 470 538 546 arundiuem,
560 478 591 533 et
602 463 828 553 percutiebant
842 472 938 549 caput
959 461 1116 527 111131.
1137 461 1183 526 Et
1202 469 1294 547 pust-

122 598 217 664 quam
249 573 421 640 illuaerunt
451 577 500 649 ei,
543 563 703 638 exueruut
732 591 804 634 eum
837 564 1024 652 chlamyde,
1058 577 1091 631 et
1111 562 1294 629 induerunt

121 676 266 744 vestibus
290 677 364 754 auis,
386 688 419 742 et
440 673 644 741 adduxerunt
666 687 748 749 eum,
767 670 1048 756 ntcrueifigerent
1089 669 1143 734 32.
1164 667 1295 732 Exeun-

123 793 173 848 tes
191 792 297 846 autem
323 781 518 854 invenerunt
543 776 706 843 hominem
728 777 932 862 Cyrenaeum
954 780 1087 841 nomine
1109 764 1295 838 Simonem:

124 887 210 952 huuc
232 883 423 968 adegerunt,
445 892 480 947 ut
500 879 632 947 tolleret
653 899 780 946 crucem
803 881 881 946 eius.

208 1115 347 1186 Mane.
367 1117 439 1182 XV.
491 1117 540 1182 15.
573 1114 693 1182 Pilatus
717 1137 798 1183 vern
824 1115 940 1197 vplene
960 1112 1077 1180 turbae
1097 1111 1299 1188 satisfacere,

128 1223 247 1290 dimisit
266 1220 331 1288 illis
351 1217 548 1285 Barabbam:
584 1229 618 1284 et
638 1218 770 1286 tradidit
791 1221 897 1288 lerum
918 1217 1132 1306 flagellatum,
1165 1223 1202 1280 ut
1224 1237 1297 1280 nru-

128 1328 322 1416 eiligeretur.
348 1324 399 1394 16.
421 1323 544 1389 Milites
558 1333 664 1390 autem
687 1321 892 1391 abduxerunt
913 1345 984 1389 eum
1006 1324 1093 1387 intro
1116 1319 1151 1384 in
1173 1319 1301 1402 atrium,

129 1432 219 1519 quud
248 1441 296 1498 eat
320 1395 535 1520 Praeturidm:
567 1438 600 1492 et
628 1434 810 1503 convocant
837 1437 936 1522 totam
960 1423 1139 1492 eohortem.
1183 1424 1238 1488 17.
1258 1422 1300 1486 Et

129 1532 268 1600 indrlunt
285 1531 375 1599 illum
391 1553 542 1618 purpura,
563 1542 595 1597 et
606 1531 852 1616 circumponunt
864 1551 896 1594 er
918 1538 1097 1595 contextam
1118 1527 1225 1613 spinis
1247 1546 1301 1591 eu·

129 1655 250 1702 ronam
293 1635 342 1700 18.
363 1635 405 1702 Et
426 1646 606 1722 coeperunt
625 1633 765 1701 salutare
786 1631 886 1709 illum,
907 1635 978 1698 Ave
994 1633 1069 1699 Rex
1089 1629 1300 1710 Iudaeorum.

133 1737 182 1802 19.
209 1737 251 1802 Et
273 1737 488 1805 verberabant
507 1737 595 1804 illius
616 1749 713 1825 caput
734 1735 909 1814 arundine,
931 1746 964 1801 et
982 1732 1217 1821 inspuebant'
1206 1753 1243 1798 m
1262 1732 1301 1796 il·

131 1837 213 1903 lum=
241 1851 273 1904 et
294 1845 406 1927 positis
427 1841 564 1928 genibus
585 1838 763 1906 adorabant
782 1839 883 1906 illum.
924 1841 973 1906 29.
995 1839 1038 1928 ξι
1058 1859 1161 1926 quum
1182 1835 1299 1903 illuria-

131 1952 203 2006 sent
225 1943 270 2022 ei,
313 1954 472 2032 exuerunt
487 1965 566 2012 ,eum
588 1965 746 2032 purpura,
789 1954 822 2010 et
842 1941 1016 2009 induerunt
1036 1939 1133 2006 illum
1155 1939 1298 2006 vestibus

133 2047 286 2136 propriis:
306 2055 338 2110 et
359 2045 501 2114 adnuunt
522 2059 659 2125 eumue
679 2045 904 2134 crucifigerent
925 2068 1007 2114 erun.
1039 2046 1106 2111 21.
1123 2046 1169 2112 Et
1186 2065 1296 2130 uuege-

122 2153 209 2216 ruut
250 2152 509 2235 praetereuntem
551 2149 713 2239 quendam
756 2151 930 2218 Simonem¹
961 2146 1202 2236 Cyrenensem,
1240 2149 1296 2236 qui

134 2250 287 2318 veniebat
308 2277 345 2320 ax
367 2277 461 2342 agro,
490 2266 612 2342 patrem
633 2253 810 2322 Alexandri
832 2263 865 2321 et
885 2253 991 2333 Rulli,
1017 2265 1053 2320 ut
1072 2252 1211 2322 tolleret
1230 2272 1298 2318 eru·

137 2377 206 2422 cem
228 2378 305 2423 erus.

221 2595 322 2666 nuc.
345 2599 456 2664 xxru.
497 2599 548 2662 24.
580 2597 621 2664 nt
641 2595 764 2662 nram
789 2595 1002 2672 adiudicare,
1036 2601 1072 2660 ut
1093 2593 1194 2666 nere
1214 2599 1301 2686 quor

137 2695 188 2764 illi
207 2698 423 2785 postulabant·
465 2701 514 2766 25.
536 2699 665 2766 Dimisit
687 2712 792 2767 autem
813 2699 879 2766 illie
898 2721 987 2775 eum,
1002 2765 1003 2776 ,
1016 2698 1073 2783 qui
1093 2710 1234 2789 propter
1254 2725 1302 2770 sa-
1368 2695 1369 2784 l

13 2851 14 2854 ,
70 2797 74 2808 ’
141 2802 296 2870 ditiduem
321 2816 353 2871 et
379 2803 586 2888 homicidium
607 2807 772 2870 conieetue
799 2803 905 2870 iuerat
930 2806 964 2869 iu
984 2823 1166 2884 carcerem,
1208 2827 1301 2892 quern
1368 2801 1369 2808 '

141 2917 386 3008 pupuscerant··¹
414 2907 517 2972 lesum
556 2928 636 2973 veru
678 2906 811 2973 tradidit
840 2905 974 2972 arbitrio
1009 2927 1133 2973 eorum.
1182 2909 1239 2974 26.
1263 2911 1301 2975 Et
1368 2895 1369 2914 ³

142 3028 240 3092 quum
273 3007 472 3090 abducerent
505 3032 592 3091 eum,
637 3009 922 3098 apprehenderunt
948 3011 1112 3077 Simonem
1140 3012 1300 3098 quendam

141 3105 382 3195 Cyrenenseui,
415 3115 596 3180 venientem
617 3136 707 3194 rure,
736 3125 769 3180 et
788 3119 1010 3200 imposuerunt
1027 3113 1076 3179 illi
1098 3135 1244 3198 crucem,
1270 3130 1301 3184 ut

68 3248 75 3254 -
142 3222 286 3298 portaret
305 3224 380 3298 post
400 3215 513 3282 lesunr.
555 3220 607 3285 27.
628 3217 834 3308 Sequebatur
849 3229 953 3283 autam
975 3215 1066 3282 illum
1087 3217 1189 3284 multa
1210 3169 1369 3287 tdrbal
1368 3263 1369 3306 ι

142 3315 258 3404 populi
278 3337 316 3383 ac
335 3315 514 3401 mulierum,
534 3345 617 3409 quae
631 3335 662 3390 ιιι
672 3317 870 3411 plangebant
891 3335 923 3386 et
941 3319 1204 3388 lamentabantur
1224 3347 1304 3392 eum.

66 3469 69 3474 -
142 3421 194 3488 28.
222 3417 410 3517 Conversus
432 3437 535 3492 autem
557 3429 646 3494 lenae
669 3427 711 3494 ad
732 3425 819 3504 illae,
859 3426 953 3504 dixit,
991 3425 1098 3492 Filiae
1118 3428 1304 3510 ierusalem,

142 3525 247 3594 nolite
267 3526 347 3593 llere
373 3549 472 3614 anper
492 3551 558 3608 me,
591 3532 650 3599 sed
671 3553 769 3620 super
789 3528 949 3596 vobismet
975 3527 1169 3622 ipsis'flete,
1199 3543 1232 3598 et
1249 3555 1303 3598 en·
1368 3513 1369 3534 ¹

134 3625 204 3716 'per
234 3629 313 3696 liliis
337 3635 461 3700 restria.
523 3635 574 3702 29.
602 3635 766 3720 Quoniam
795 3655 873 3700 1111
899 3639 1031 3700 venient
1058 3633 1144 3714 dies,
1174 3639 1208 3701 in
1232 3639 1303 3723 qui-
1368 3651 1369 3682 ³

145 3731 208 3798 bue
229 3732 351 3814 dicent,
392 3736 513 3804 Beatae
534 3736 675 3816 steriles,
716 3751 749 3806 et
767 3749 909 3815 ventres,
950 3740 1006 3824 qui
1026 3758 1095 3804 non
1116 3751 1306 3821 genuerunt,
1368 3735 1369 3824 l

147 3847 179 3901 et
201 3833 317 3916 ubera,
349 3862 434 3925 quae
454 3861 523 3908 non
540 3841 749 3908 lactaverunt
811 3843 862 3910 39.
895 3841 991 3906 Tune
1016 3842 1174 3926 incipient
1195 3839 1306 3908 dicere
1368 3835 1369 3876 1

145 3940 324 4020 montibus,
354 3941 472 4010 Cadite
497 3965 595 4031 anper
616 3965 690 4012 uua:
733 3955 765 4012 et
792 3943 945 4024 collibus,
974 3943 1112 4031 Operite
1137 3966 1217 4012 nus:
1256 3947 1305 4020 at

148 4045 236 4130 Quia
263 4051 291 4112 si
317 4047 352 4113 in
380 4040 513 4116 humido
540 4048 629 4134 liguo
657 4050 738 4116 haee
762 4051 898 4128 iaciunt,
939 4049 974 4114 in
1001 4045 1094 4112 arido
1121 4048 1202 4134 quid
1228 4050 1306 4117 fieti

146 4149 198 4212 32.
218 4146 430 4234 Ducebautur
450 4161 554 4228 autem
577 4162 609 4220 et
629 4153 684 4219 alii
706 4153 772 4222 duo
795 4153 970 4260 1111111111
989 4171 1061 4218 curn
1079 4172 1130 4232 eo,
1152 4163 1188 4220 ut
1209 4157 1306 4222 iuter·

148 4251 329 4336 licerentur.
1368 4253 1369 4268 ¹
