2764 4846
178 185 219 248 to
348 177 501 242 SECTIO
521 177 562 244 tt
601 176 741 240 marrus
762 175 952 254 Barrrsree
972 188 1135 262 narasse.

179 332 217 394 ad
235 339 348 394 certum
366 329 487 394 modum
506 317 651 406 distribui,
671 329 695 393 l.
714 328 850 406 Corinth.
869 334 918 406 12,
937 333 983 396 tt.
1001 327 1111 410 pres.
1129 335 1161 404 t,
1179 334 1207 396 7.
1247 329 1328 390 Ve-

105 471 107 476 ,
179 429 244 470 rum
298 407 329 474 ui
352 428 439 488 supra
464 427 649 486 communem
674 405 755 489 tulgi
781 417 899 468 catum
925 403 1063 467 uberiore
1124 405 1181 468 atia
1205 405 1328 468 donati

179 495 258 559 sunt,
277 429 413 544 dicuntur
432 482 544 572 Spiritu
565 481 645 562 pleni
665 481 762 544 luisse.
830 495 959 544 aeterum
980 493 1013 542 nt
1031 482 1073 544 vis
1086 426 1326 563 Spiritusnbe-

136 590 139 599 =
178 561 242 622 rior
262 558 520 632 extraordinarium
540 557 596 618 tuit
616 557 725 620 donum
741 559 799 620 Dei
818 560 849 619 in
869 557 993 632 Ioanne,
1012 556 1052 618 ita
1071 559 1235 620 notandum
1259 569 1327 634 est,

178 657 242 712 non
262 635 398 696 omnibus
417 635 513 712 statim
532 655 548 694 a
569 635 694 715 pueritia
713 633 844 697 conferri
864 635 1017 716 Spiritum,
1028 635 1088 716 sed
1107 633 1324 713 qnandoDco

177 712 268 774 visum
289 723 341 772 est.
380 711 508 771 loannes
533 710 569 771 ab
595 723 681 774 utero
707 712 873 794 symbolum
898 711 1022 793 gestavit
1045 710 1160 772 suturae
1180 711 1209 772 di
1233 712 1324 772 nita-

177 789 228 850 tis:
248 787 334 866 Saul,
354 809 443 866 quum
465 785 555 849 bomo
575 788 727 868 pecuarius
748 789 797 849 diu
817 787 891 848 nibil
909 787 1024 879 regium
1043 809 1113 868 prae
1133 799 1196 848 set
1229 787 1324 864 isset,

151 865 296 926 undem
334 883 385 925 rer
423 861 533 924 electus
569 877 693 945 repente
726 877 853 926 mutatus
882 877 926 926 cst
957 885 987 924 m
1016 884 1126 926 novum
1157 863 1322 926 hominem

176 941 216 1020 (1.
236 941 315 1002 sam.
335 947 388 1012 1⁰,
406 941 460 1018 n).
497 937 651 1002 Discamos
672 961 745 1022 ergo
774 961 807 1002 ex
832 939 889 1004 boe
914 951 1003 1031 typo,
1034 940 1164 1020 aprima
1183 939 1320 1004 infantia

123 1023 138 1082 t
174 1016 333 1107 usqneuad
362 1015 496 1078 ultimum
526 1017 639 1078 senium
670 1017 793 1079 liberam
827 1038 889 1078 esse
919 1039 951 1080 rn
983 1015 1150 1080 bominibus
1180 1016 1320 1097 Spiritus
1356 1045 1362 1070 ι

172 1113 193 1156 o
217 1105 387 1155 orationem.

195 1115 213 1176 p
250 1177 297 1236 16.
335 1169 504 1250 Materque
517 1167 656 1250 filiorum
678 1167 778 1230 Insui
800 1182 947 1232 convertet.
986 1167 1040 1230 llis
1058 1167 1155 1229 verbis
1175 1167 1315 1230 ostendi·
1372 1217 1373 1220 ,

174 1256 224 1306 tnr
244 1246 348 1320 foeda,
375 1266 450 1326 quac
469 1257 540 1306 tunc
560 1257 625 1305 erat
644 1245 674 1306 in
694 1245 841 1322 Ecclesia,
864 1245 1025 1327 dissipatio.
1063 1245 1139 1307 Nam
1159 1257 1314 1324 apostatas

169 1321 264 1384 luisse
284 1333 423 1402 oportet,
446 1321 476 1396 in
498 1319 603 1400 quibus
623 1320 778 1384 conversio
804 1322 840 1382 ed
858 1321 957 1382 Deum
977 1320 1074 1383 locum
1095 1321 1229 1382 baberet.
1268 1323 1313 1382 Et

176 1411 256 1460 certe
275 1408 357 1460 tanta
377 1410 441 1458 erat
459 1395 611 1480 corruptio
633 1398 800 1470 doctrinae,
828 1411 908 1460 tanta
933 1420 1048 1478 morum
1074 1397 1216 1480 pravitas,
1247 1409 1311 1458 tam

176 1475 329 1537 confusum
354 1475 504 1556 regimen,
534 1486 567 1534 ut
590 1474 722 1534 miraculi
745 1474 814 1536 loco
840 1473 1006 1537 babendum
1026 1472 1079 1552 sit,
1130 1473 1249 1534 auculos
1276 1473 1312 1532 in

93 1561 97 1580 '
174 1552 284 1633 pietate
303 1551 425 1612 stetisse.
466 1549 581 1625 Quodsi
600 1562 659 1610 tam
680 1549 829 1614 horribilis
849 1549 905 1622 luit
923 1551 1031 1614 veteris
1050 1495 1200 1612 Ecclesiae
1221 1549 1309 1610 dissi-

79 1675 82 1688 .
173 1627 271 1709 petio,
303 1649 365 1688 non
386 1638 430 1688 est
454 1627 535 1707 quod
559 1625 666 1688 frivolo
709 1639 839 1688 raetextn
862 1649 927 1689 snas
952 1627 1174 1708 superstitiones
1193 1625 1309 1686 ‘defen-

175 1703 247 1766 dant
270 1703 422 1783 Papium,
450 1703 518 1782 quia
537 1647 717 1784 impossibiie
738 1703 827 1764 suerit
844 1725 944 1766 errare
963 1702 1141 1778 Ecclesiam,
1161 1703 1309 1783 siquidem

174 1801 236 1840 non
261 1797 417 1862 germanos
441 1792 472 1840 et
496 1779 606 1840 electos
629 1779 688 1840 Dei
714 1779 805 1852 lilios,
836 1781 888 1842 scd
918 1780 1075 1860 impiorum
1105 1779 1221 1840 turbam
1247 1778 1309 1859 boc

172 1854 261 1916 titulo
278 1853 457 1935 intelligunt.
494 1855 605 1916 Verum
625 1855 689 1938 plns
710 1857 760 1918 bio
775 1857 890 1919 videtur
908 1857 1015 1917 loanni
1035 1855 1142 1932 tribui,
1166 1877 1253 1934 quam
1272 1855 1306 1914 in

172 1931 323 1996 bominem
342 1935 508 2012 competat?
537 1935 613 1994 Nam
634 1953 722 2012 quum
742 1933 876 1996 homines
896 1933 927 1993 in
946 1930 1127 2013 spiritualem
1145 1935 1234 1992 vitam
1254 1937 1305 1991 re'-

173 2020 265 2074 noret
283 2008 320 2069 ad
339 2005 437 2068 Deum
457 2009 624 2083 conversio,
642 2029 704 2068 non
723 2011 813 2082 modo
834 2009 987 2091 proprium
1008 2020 1052 2070 est
1070 2007 1130 2070 Dei
1149 2029 1233 2088 opus,
1252 2009 1307 2069 scd

173 2085 266 2165 ipsam
296 2083 448 2145 hominnm
478 2085 659 2148 creationem
689 2097 817 2166 superat.
867 2086 972 2166 Itaque
1001 2085 1059 2145 hoc
1089 2085 1179 2146 modo
1203 2083 1307 2162 'yideri

174 2173 297 2242 possent
320 2159 445 2222 ministri
469 2160 589 2240 aequari
612 2160 696 2235 Deo,
734 2174 822 2241 atquc
849 2161 936 2222 etiam
961 2160 1121 2242 praeferri,
1159 2173 1306 2240 quatenus

174 2250 292 2300 creator
312 2249 369 2300 est:
399 2239 517 2319 quando
537 2237 628 2298 maius
654 2248 698 2298 est
716 2237 830 2300 renasci
848 2237 878 2298 in
898 2238 1057 2301 coelestem
1073 2235 1186 2312 eitam,
1216 2258 1304 2318 quarn

173 2314 313 2381 mortales
337 2313 369 2376 in
393 2326 470 2376 terra
495 2314 584 2376 nasci.
622 2313 740 2374 Solutio
765 2313 859 2376 facilis
883 2325 942 2376 cst:
970 2313 1037 2395 qnia
1057 2313 1224 2388 Dominus,
1252 2312 1306 2374 ubi

173 2404 284 2456 uncam
305 2390 420 2454 laudern
439 2390 543 2452 tribuit
562 2402 698 2462 externae
718 2391 885 2464 doctrinae,
911 2410 975 2452 eam
995 2389 1031 2452 ab
1052 2410 1157 2450 arcana
1177 2389 1198 2448 S
1221 2388 1305 2450 iritus

174 2469 219 2532 sui
243 2469 351 2530 virtute
375 2488 438 2528 non
463 2467 612 2548 disiungit.
662 2467 737 2528 Nam
764 2467 832 2548 qnia
857 2467 939 2528 Deus
966 2467 1098 2528 homines
1123 2465 1179 2526 sibi
1199 2409 1306 2546 deligit

173 2545 338 2618 ministros,
368 2564 492 2623 qnorum
519 2564 611 2625 opera
630 2555 729 2606 ntaurr
752 2544 783 2604 in
802 2545 951 2606 Ecclesiae
970 2564 1039 2606 suae
1059 2541 1306 2618 aedificationem,

172 2621 258 2685 simul
277 2642 332 2702 per
349 2621 429 2701 ipsos
449 2633 590 2700 operatur
609 2641 714 2682 arcana
733 2619 860 2701 Spiritus
879 2621 923 2681 sui
941 2621 1065 2695 virtute,
1094 2629 1127 2678 ut
1145 2617 1248 2678 efficax
1264 2618 1305 2679 sit

173 2720 208 2762 sc
227 2697 392 2760 fructuosus
418 2717 520 2758 eorum
545 2695 640 2758 labor.
683 2695 810 2786 Quoties
833 2697 909 2759 banc
933 2696 1091 2758 efficaciam
1117 2695 1305 2756 commendat

174 2775 328 2867 Scriptura
347 2774 377 2833 in
398 2772 549 2856 bominum
568 2773 744 2848 ministerto,
763 2773 905 2836 discamus
923 2793 991 2833 acce
1015 2786 1072 2834 tam
1093 2771 1172 2834 ferre
1191 2771 1303 2852 gratiae

175 2851 317 2934 Spiritus,
335 2849 399 2909 sine
419 2870 477 2928 qua
496 2872 552 2912 vor
570 2848 697 2909 bominis
717 2851 798 2910 irrita
817 2850 849 2910 in
871 2855 938 2911 nire
959 2795 1120 2924 dillluerat,
1156 2847 1206 2908 Sic
1224 2847 1304 2908 Pau-

176 2927 220 2990 lus
251 2929 307 3006 (lb
330 2927 401 2987 Cor.
419 2932 455 3002 8,
473 2929 534 3006 ti),
572 2928 641 2987 dum
665 2947 697 2988 sc
721 2927 885 2997 ministrum
910 2925 1037 3007 Spiritus
1062 2945 1124 2986 esse
1149 2922 1304 3060 ξίοτίιωτ,

176 3003 250 3068 nihil
267 3003 325 3064 sibi
344 3023 475 3068 seorsum
494 3015 632 3083 usurpat,
684 3003 745 3064 nasi
769 3025 820 3065 sua
844 3023 919 3066 vnce
943 3014 1082 3084 penetret
1100 3001 1131 3060 in
1172 3000 1304 3064 ominum

113 3077 117 3086 ’
176 3081 282 3156 corda,
310 3080 362 3140 sed
388 3077 503 3139 vim'et
525 3077 647 3164 geatiam
663 3025 794 3160 Spiritus
823 3079 855 3140 in
880 3098 933 3139 sno
957 3075 1120 3139 ministerio
1145 3077 1303 3158 praedicat.

175 3155 379 3236 Loquntinnes
399 3155 470 3240 istae
489 3167 594 3216 notatu
613 3156 719 3238 dignae
737 3167 815 3230 sunt,
834 3155 902 3236 quia
922 3156 997 3216 miro
1017 3153 1140 3215 astiticio
1160 3152 1304 3214 incumbit

175 3234 267 3294 Satan
287 3233 324 3293 ad
344 3234 556 3294 extenuandum
576 3233 727 3293 doctrinae
748 3233 900 3307 ellectum,
919 3243 951 3292 ut
970 3232 1093 3316 gratiam
1114 3229 1241 3310 Spiritus
1259 3229 1302 3289 illi

176 3329 316 3372 annexam
337 3320 467 3372 enervet.
491 3307 571 3370 Nihil
583 3329 637 3392 per
655 3331 698 3384 se,
717 3309 825 3384 fateor,
845 3321 875 3370 et
893 3309 1048 3390 separatim
1066 3318 1167 3398 potest
1186 3317 1302 3366 externa

176 3385 372 3468 praedicatio,
409 3385 461 3447 sed
488 3385 556 3465 quia
587 3406 731 3466 organum
760 3396 805 3447 est
830 3385 943 3448 divinae
974 3384 1087 3445 virtutn
1119 3383 1151 3443 in
1180 3380 1301 3443 salutern

175 3475 319 3537 nostram,
338 3475 367 3522 et
386 3482 531 3542 organum
550 3481 603 3542 per
622 3462 746 3546 gratiam
756 3459 882 3543 Spiritus
903 3461 1014 3536 efficax,
1035 3481 1108 3540 qnae
1128 3457 1209 3520 Deus
1229 3479 1301 3518 eon-

174 3539 289 3624 iungit,
321 3559 359 3599 ne
382 3560 414 3601 se
437 3545 562 3602 aremus-¹
598 3537 756 3605 Caeterum
781 3551 813 3600 ut
830 3537 932 3622 ¹gloria
956 3535 1154 3600 conversionis
1181 3545 1210 3594 et
1235 3535 1302 3596 fidei

176 3638 268 3698 penes
288 3638 378 3678 unum
429 3636 495 3678 eum
514 3614 607 3677 solida
626 3627 758 3690 maneat,
787 3633 875 3695 saepe
894 3615 1034 3676 admonet
1053 3613 1219 3693 Scriptura,
1247 3611 1301 3672 mi-

176 3693 285 3754 nistros
303 3691 376 3754 nibil
397 3713 459 3754 esse
479 3711 533 3771 per
552 3713 595 3767 sc,
612 3691 665 3751 sed
684 3704 755 3752 tnnc
774 3713 840 3753 com
863 3703 926 3754 arat
936 3711 987 3752 eos
1004 3712 1070 3751 cnm
1082 3691 1161 3762 Deo,
1180 3708 1219 3748 ne
1240 3689 1301 3768 quis

176 3783 308 3850 ereptum
329 3769 396 3830 Deo
420 3767 566 3832 honorem
590 3787 746 3860 perperam
770 3769 807 3829 ad
833 3714 900 3828 illos
923 3766 1088 3828 transierat.
1126 3765 1303 3856 insumpta,

139 3856 151 3883 .·
177 3868 251 3928 quos
270 3847 351 3911 lieus
371 3846 407 3907 ad
427 3866 457 3905 se
477 3843 602 3906 rmnistrr
626 3864 717 3924 opera
742 3845 903 3920 convertit,
928 3863 980 3904 eos
1005 3853 1178 3904 convertere
1198 3842 1301 3902 drcrtnr

176 3923 323 3998 minister,
352 3919 418 4003 quia
443 3919 518 3985 nihil
546 3931 590 3981 est
615 3941 700 4011 poam
724 3919 783 3984 Dei
807 3943 925 3996 manns,
955 3941 987 3982 ac
1013 3931 1170 3998 utrumqne
1196 3916 1301 3978 diserte

178 4021 346 4080 expressum
364 4011 408 4060 est
426 3998 464 4076 in,
477 4009 625 4078 praesenti
644 3997 722 4058 loco.
759 3995 808 4058 lle
834 3995 962 4058 efficacia
988 3995 1139 4056 doctrinae
1160 3995 1217 4054 iam
1236 3994 1301 4053 satis

177 4077 287 4140 dictum
317 4088 369 4138 est.
449 4096 520 4135 uum
551 4085 649 4135 autem
673 4095 736 4135 non
759 4075 797 4134 ait
820 4074 851 4135 in
877 4071 1001 4140 ministri
1025 4070 1147 4132 arbitrio
1168 4083 1199 4132 et
1216 4089 1300 4129 manu

177 4164 350 4214 convertere
369 4151 407 4211 ad
457 4171 522 4212 eum
541 4151 692 4225 homines,
723 4151 791 4212 inde
812 4149 882 4212 colli
904 4149 992 4221 imus,
1047 4147 1091 4208 nia
1118 4167 1179 4208 non
1202 4167 1300 4207 omnes

199 4227 343 4290 romiscne
362 4227 491 4288 loannes
511 4227 657 4288 convertit
675 4231 689 4307 (
712 4227 772 4288 uod
813 4169 903 4288 rocol
916 4224 1007 4286 dubio
1025 4167 1155 4285 iacturas
1175 4235 1254 4298 erat,
1276 4222 1299 4283 si

177 4249 222 4366 illi
246 4325 301 4388 pro
327 4315 400 4365 uoto
419 4301 573 4369 cessissent
596 4249 728 4384 omnini,
757 4249 810 4366 sei
829 4323 883 4366 ens
905 4313 1019 4364 tantum
1039 4299 1201 4401 copvertit,
1229 4317 1301 4380 qum
