2766 4834
379 207 438 334 ν’
481 279 627 358 (to-ao
650 281 758 368 magt.)
1011 317 1013 320 ·
1145 301 1186 370 o
1265 271 1269 282 ’

64 430 95 488 rt
112 447 294 490 communem
324 405 394 492 fidei
419 442 537 496 nostrae
563 457 664 512 usum,
731 441 770 502 od
793 452 927 533 pastores
951 443 1080 511 divinum
1104 471 1180 534 opus

63 517 126 564 certo
143 507 341 586 agnoverint
378 507 481 570 Ardor
500 523 596 573 autem
615 514 693 595 glori
716 514 801 579 candi
820 515 896 598 Dei,
921 524 972 604 qui
991 525 1021 586 in
1041 528 1180 592 illis'lau-
1282 553 1291 572 ⁸
1329 509 1361 596 ¹,

63 583 136 654 dator,
150 582 243 652 tacita
266 583 415 662 quaedam
437 597 481 646 est
500 588 634 669 pigritiae
655 607 772 654 nostrae
791 595 945 676 velpotius
961 598 1180 684 ingratitudinis

61 679 83 715 u
102 659 238 718 robratio.
285 661 367 718 Nam
391 660 416 720 si
440 674 553 724 tantum
580 669 658 747 apud
677 691 728 731 eos
747 672 902 736 valuerunt
922 676 1033 738 Christi
1056 681 1180 744 incuna-
1285 669 1289 682 Ι

60 733 124 809 bra,
145 748 177 794 nt
202 758 238 795 ex
259 735 384 796 stabulo
414 749 447 796 et
465 743 652 824 praesepiyin
677 747 791 809 coelum
817 771 908 831 usque
935 758 1180 838 conscenderent,

61 825 149 888 quoto
167 813 332 873 eilicacior
350 815 429 892 apud
450 835 504 874 nos
525 838 587 880 esse
607 821 697 883 debet
715 845 794 886 mors
815 839 845 886 et
863 832 1039 893 resurrectio
1056 836 1178 914 Christi,

61 899 82 944 ιι
95 889 125 946 ad
143 891 244 950 Deum
266 889 452 952 evehamur?
480 893 586 974 Neque
606 898 684 959 enim
704 913 817 962 tantum
835 905 965 968 sublatus
986 911 1176 976 estChristus

61 977 160 1039 eterra,
178 979 214 1026 ut
234 971 343 1026 omnia
362 967 495 1028 haberet
514 984 584 1049 post
601 993 632 1033 se
652 975 761 1055 ipsum,
786 979 837 1040 sed
855 984 893 1042 ad
914 984 1060 1046 dexteram
1080 988 1176 1054 Patris

59 1041 129 1114 eder,
145 1055 178 1104 ut
197 1044 231 1102 iu
253 1043 371 1102 mundo
393 1045 615 1124 peregrinantes
635 1053 794 1114 coelestem
812 1059 901 1134 vitam
921 1066 1092 1126 totocorde
1111 1091 1176 1130 me-

60 1115 169 1178 ditemur.
210 1118 381 1180 Caeterum
399 1141 499 1180 vcram
518 1123 634 1202 pietatis
653 1141 786 1190 naturam
800 1131 939 1218 designat
958 1138 1061 1213 tuus,
1084 1165 1176 1223 quum

60 1193 231 1278 diritAngeli
251 1195 462 1256 resumentem
481 1201 648 1278 pastoribus
666 1205 757 1265 instar
775 1211 894 1290 regulae
914 1213 1011 1292 luisse,
1030 1221 1066 1278 ad
1088 1243 1175 1312 quam

59 1265 132 1358 chria
156 1273 328 1364 exigerent.
372 1271 461 1332 Tunc
486 1275 564 1334 enim
587 1277 644 1340 rite
668 1281 822 1345 adiuvatur
844 1286 916 1348 fides
938 1289 997 1352 Dei
1022 1300 1175 1376 operibus,

59 1367 76 1402 n
91 1349 236 1410 cuniam
256 1370 387 1428 scopum
406 1348 488 1430 illem
508 1351 624 1436 dirigit,
650 1368 683 1418 nt
700 1358 761 1420 Dei
779 1362 901 1438 veritas,
922 1385 997 1446 quae
1021 1369 1053 1431 in
1077 1375 1173 1440 verbo

59 1423 178 1500 prteiacta
197 1439 256 1502 est,
278 1425 388 1485 clarius
407 1424 533 1487 illuceat.
556 1483 558 1488 .

112 1508 155 1566 ιι.
200 1503 243 1562 Ut
262 1499 618 1580 &mammaem-
658 1509 751 1584 Quod
773 1513 810 1574 dc
829 1514 1050 1582 circuncisione
1068 1521 1099 1584 in
1119 1541 1177 1609 ge:

60 1597 111 1636 aere
127 1581 295 1640 tenendum
314 1589 371 1652 est,
390 1580 629 1658 petautlectores
650 1605 683 1646 ex
697 1585 849 1654 Geneseos
869 1614 932 1684 cap.
943 1604 991 1671 17,
1003 1605 1049 1664 10.
1086 1602 1174 1666 Nunc
1269 1607 1280 1634 ‘

60 1673 114 1728 rue
141 1654 256 1716 Christi
314 1675 441 1715 ersouae
470 1657 665 1734 conveniunt,
695 1658 826 1728 breviter
857 1682 1003 1759 attingere
1035 1677 1172 1742 sufficiet.

61 1728 139 1790 l'olrit
154 1731 238 1793 Deus
259 1677 374 1792 Filium
393 1751 477 1792 suum
496 1734 674 1812 circumcidi,
694 1752 728 1799 ut
738 1742 814 1826 Legi
833 1746 1005 1810 subiiceret:
1025 1755 1093 1816 nam
1113 1755 1173 1817 eir-

62 1809 172 1868 erncisio
191 1809 336 1883 sollenne
420 1807 521 1870 bolum
541 1823 613 1888 erat,
633 1835 692 1893 quo
711 1817 742 1878 in
752 1820 839 1902 Legis
859 1824 1095 1892 observationem
1114 1832 1172 1894 ini·
1220 1831 1229 1840 ⁴

60 1881 182 1945 ciebantur
201 1887 322 1946 ludaei.
394 1883 471 1944 inem
499 1887 628 1950 declarat
650 1893 757 1965 Paulus
782 1899 819 1958 ad
844 1899 964 1963 Galatas
988 1927 1052 1986 cap.
1072 1902 1107 1984 l,
1130 1920 1172 1987 4.,

92 1963 225 2036 indicit,
246 1964 363 2024 iactum
383 1981 445 2020 esse
464 1961 517 2022 sub
538 1964 682 2046 Lege,.ut
701 1991 751 2032 eos
772 1975 823 2054 qui
840 1977 894 2037 snb
914 1977 995 2062 Lege
1015 1997 1101 2044 erant
1119 2009 1169 2048 re·
1247 1995 1249 2000 ’

62 1978 167 2097 lueret
211 2039 354 2102 Christus
384 2057 458 2128 ergo
483 2053 617 2119 suscepta
642 2048 862 2113 circumcisione
883 2075 998 2118 servum
1021 2060 1110 2144 Legis
1136 2085 1170 2126 se

64 2113 182 2187 protessus
201 2129 263 2192 est,
291 2127 327 2175 ut
351 2113 438 2174 nobas
458 2114 623 2178 libertatem
648 2125 822 2202 acquireret.
869 2132 969 2212 Atque
996 2136 1053 2198 hoc
1077 2142 1169 2202 modo

63 2206 106 2246 non
126 2203 235 2254 tantum
261 2192 357 2273 Legis
379 2190 502 2252 servitus
526 2193 635 2255 abolita
662 2199 783 2280 abipso
809 2204 879 2281 init,
902 2210 953 2270 sed
979 2212 1015 2272 ad
1040 2214 1167 2276 solidum

63 2267 122 2324 mun
139 2287 246 2350 corpus
267 2266 413 2358 applicita
432 2266 488 2327 fuit
502 2270 603 2331 umbra
623 2280 823 2355 ceremoniae,
842 2295 876 2342 nt
886 2304 961 2344 mox
979 2288 1069 2348 finem
1090 2293 1168 2352 acci-

64 2355 134 2416 peret
166 2348 231 2407 Etsi
252 2367 336 2407 enon
357 2343 418 2403 eius
438 2343 593 2425 abrogatio
613 2369 648 2409 ex
662 2365 758 2413 morte
772 2353 881 2418 Christi
901 2372 932 2420 et
950 2367 1169 2432 resurrectione

64 2419 161 2496 pendet,
189 2425 249 2485 fuit
274 2435 378 2480 tamen
402 2421 549 2499 quoddam
575 2423 861 2563 eius'pep'a‘c'ludium,
890 2437 970 2514 quod
999 2461 1096 2518 passus
1123 2456 1169 2504 cst

65 2491 202 2560 enunciet
220 2496 406 2566 retenensi.
443 2495 557 2557 Nomen
575 2499 636 2559 citet
782 2507 921 2570 Testatur
940 2514 1026 2572 etiam
1053 2517 1100 2577 bic
1120 2518 1168 2578 lo·
1196 2547 1199 2552 ·

66 2587 111 2644 ns,
130 2589 281 2666 receptum
303 2575 392 2635 tuisse
417 2593 431 2632 a
454 2573 493 2634 ud
512 2574 638 2635 ludaeos
663 2599 791 2663 morem,
818 2595 852 2642 ut
871 2585 919 2645 die
938 2588 1176 2670 circumcisionis,
1229 2623 1234 2628 ·

65 2647 156 2709 neuim
184 2651 290 2715 leheris
315 2649 376 2710 suis
398 2594 551 2724 inderent,
580 2651 657 2712 sieut
681 2655 769 2718 hodie
797 2657 829 2718 in
853 2661 1004 2741 Baptismo
1029 2666 1167 2728 solemus.

65 2717 115 2782 lito
131 2741 222 2790 autem
242 2739 332 2791 notat
345 2727 426 2786 Esau
450 2726 547 2786 eliste:
571 2747 633 2788 uon
652 2742 779 2808 temere,
799 2756 896 2816 neque
916 2738 1067 2801 hominum
1087 2743 1168 2803 arbi·

65 2785 106 2857 hid
123 2823 223 2868 nomen
244 2809 316 2868 Iesu
330 2801 424 2862 luisse
467 2801 519 2862 ilio
539 2801 598 2863 Dei
618 2805 656 2866 im
680 2809 802 2888 ositum,
826 2815 978 2893 redequod
996 2817 1129 2899 Angelus
1149 2841 1168 2882 e

65 2875 130 2935 coelo
150 2884 304 2946 attulerat:
339 2878 445 2940 deinde
465 2878 574 2960 loseph
601 2893 632 2943 et
684 2885 773 2946 ariam
798 2889 927 2969 paruisse
947 2891 1005 2954 Dei
1030 2895 1167 2976 imperio.

65 2947 139 3028 Atque
155 2957 200 3019 hic
214 2975 267 3022 est
286 2957 358 3020 fidei
377 2966 494 3016 nostrae
514 2977 579 3016 cum
590 2955 648 3018 Dei
668 2962 760 3024 verbo
782 2986 950 3044 consensus,
969 2981 1002 3030 ut
1021 2991 1059 3032 eo
1078 2995 1165 3053 prae-

66 3039 132 3088 unte
154 3029 312 3113 loquamur
331 3031 402 3114 ipsi,
428 3043 458 3090 ct
485 3027 546 3090 eius
564 3037 806 3113 promissionibus
826 3041 897 3105 fides
922 3057 1021 3106 nostra
1040 3067 1167 3130 respon·

67 3097 122 3162 leat
167 3111 347 3175 Prresertim
375 3106 508 3168 ordinem
535 3109 619 3171 verbi
644 3117 832 3193 praedicandi
862 3125 1049 3184 commendat
1077 3127 1166 3188 nohis

66 3173 149 3264 lucas,
177 3210 269 3267 quum
301 3187 387 3262 dicit,
408 3203 490 3250 soce
521 3183 672 3250 bominum
701 3203 835 3254 testatam
865 3195 953 3257 fuisse
983 3199 1105 3262 salutem
1130 3223 1165 3264 ex

61 3251 152 3348 ‘hhrstr
167 3268 273 3346 gratia,
293 3287 369 3346 quae
390 3259 527 3354 divinitus
547 3281 600 3341 per
617 3267 766 3350 Angelum
785 3271 927 3353 promissa
945 3274 1050 3338 luerat.

97 3489 163 3572 (lb)
198 3497 373 3568 ΜΑΤΤΗ.
399 3501 437 3566 ll.
465 3501 495 3566 t.
530 3499 639 3586 Quum
664 3511 769 3568 autem
795 3515 890 3571 natus
914 3519 999 3574 esset
1021 3509 1108 3578 lesus
1128 3515 1164 3578 in

67 3581 222 3666 Bethlehem
245 3599 387 3666 Iudaeae
407 3603 606 3690 temporibus
628 3601 771 3668 Herodis
792 3609 889 3692 regis,
912 3629 988 3674 occe
1009 3611 1098 3698 Magi
1120 3611 1164 3684 ab

69 3684 175 3764 Oriente
193 3713 354 3768 venerunt
375 3703 651 3790 Hierosolymam,
674 3705 704 3769 2.
728 3705 899 3786 Discolor,
927 3709 994 3774 Ubi
1015 3721 1079 3792 est,
1107 3711 1164 3796 qui

68 3800 204 3868 natusest
228 3807 298 3868 tter
325 3805 535 3872 ludaeorum?
565 3806 703 3871 vidimus
736 3809 820 3872 enim
856 3806 942 3874 illins
970 3807 1095 3874 stellam
1127 3811 1164 3874 in

72 3885 189 3978 Oriente,
217 3909 432 3982 clnculum,
456 3916 491 3970 nt
518 3905 689 3971 adoremus
716 3927 797 3970 eum.
843 3907 873 3974 3.
900 3905 1028 3974 Auditis
1056 3915 1178 3976 autem-
1288 3980 1290 3986 ,

70 3983 104 4053 lit
118 3995 254 4070 llerotles
280 4027 336 4070 rex
357 4003 501 4072 turbatus
524 4017 585 4083 est,
603 4015 645 4088 ¹et
671 4017 737 4070 tota
760 4007 990 4092 Hierosolyma
1016 4029 1087 4074 cum
1109 4029 1163 4080 eo.

73 4086 94 4148 l·
107 4091 138 4160 lt
155 4111 336 4170 convocetis
354 4107 503 4172 omnibus
524 4106 737 4173 Pontificibus
759 4119 790 4172 et
804 4108 924 4173 Scribis
943 4109 1067 4194 populi,
1089 4124 1164 4196 per-

74 4207 204 4269 cunctatus
229 4217 277 4272 cst
298 4227 369 4285 eos,
396 4207 452 4272 ubi
475 4207 623 4274 Christus
643 4217 838 4274 nasceretur.
887 4205 917 4272 5.
938 4211 980 4276 At
1005 4205 1053 4273 illi
1076 4209 1164 4274 dixe-

75 4305 127 4358 unt
149 4305 187 4380 ei,
211 4305 248 4370 lu
268 4305 457 4372 Bethlehem
480 4306 637 4374 iudaeae:
663 4309 710 4374 sic
736 4309 821 4372 enim
847 4310 1000 4394 scriptum
1027 4320 1076 4373 est
1102 4330 1163 4397 per

75 4383 247 4478 l'ropbctam:
286 4407 315 4472 6.
347 4407 390 4472 Et
421 4419 456 4476 tu
483 4407 688 4490 bethlehem,
717 4419 805 4475 terra
829 4407 926 4488 luda,
956 4403 1163 4496 nhquaquem
1227 4488 1230 4497 ,

93 4491 546 4562 consumme-,uerene
708 4567 709 4574 χ
943 4495 964 4554 ⁵
1126 4521 1129 4524 “
