2778 4838
285 173 478 304 (dal-153.
511 223 562 284 De
582 215 723 284 facilitate
745 223 776 284 in
795 221 1009 304 poenitentes.)
1178 229 1235 296 145

72 379 155 438 Dens
176 397 240 436 non
258 377 350 436 modo
368 375 512 456 Spiritum
531 375 645 436 consilii
666 387 696 436 et
715 376 889 456 prudentiae
911 378 1029 438 daturus
1048 369 1087 438 sit
1105 382 1235 459 petenti*
1255 359 1258 366 ’

72 455 143 528 bus,
172 453 226 516 sed
251 451 338 514 etiarn
364 453 507 527 tacturus,
539 475 576 512 ne
601 452 708 513 virtute
734 465 764 513 et
788 454 898 514 ellectu
927 466 1024 516 careat
1043 454 1181 534 quicquid
1202 477 1237 517 ex

70 532 167 592 verbo
188 551 243 590 suo
263 529 389 612 egerint.
415 529 599 590 Consensum
613 551 684 589 vero
720 531 864 590 secationi
885 531 993 590 eonion
1018 553 1069 593 ens
1088 533 1238 610 admonet,

72 630 160 746 gnam
186 606 287 668 sobrie
314 617 344 666 et
369 618 541 666 reverenter
563 607 593 666 in
620 553 756 667 omnibus
779 607 867 667 sacris
894 552 1060 668 actionibus
1079 629 1110 668 se
1129 629 1237 690 gerere

93 685 204 746 abeant
223 683 332 744 fideles.
352 683 518 744 Monendus
531 694 575 742 est
595 698 744 763 peccator,
766 697 796 744 et
815 684 871 744 nisi
892 685 1110 745 correctionem
1131 685 1238 746 admit-

71 773 130 836 tat,
160 760 465 822 excommunicandus.
511 759 567 818 llic
594 782 655 820 nou
681 763 770 820 modo
796 783 910 822 sacrum
937 779 968 820 os
996 761 1054 820 Dei
1081 762 1237 822 consulere

73 849 207 916 oportet,
228 858 267 897 ne
288 837 358 915 quid
378 847 521 895 statuatur
540 836 597 896 nisi
617 857 650 896 ex
671 838 731 900 eius
752 837 854 910 verbo,
874 839 925 898 sed
945 838 1155 898 simuletiama
1169 859 1239 918 pre-

71 917 156 978 cibus
184 911 328 1004 auspicari
356 913 504 974 convenit.
548 913 636 974 Unde
662 914 766 975 clarius
792 928 916 994 apparet
940 917 1022 994 quod
1047 927 1114 974 ante
1141 915 1240 1008 docui,

71 1015 135 1055 non
155 989 289 1071 permitti
309 989 476 1050 bominibus
503 987 615 1070 quidvis
643 992 749 1072 agendi
770 992 936 1065 licentiam,
963 993 1013 1052 sed
1033 993 1131 1052 Deum
1150 1005 1240 1052 statur
1280 1013 1284 1028 ¹

72 1067 300 1152 gubernationis
311 1065 460 1126 Ecclesiae
474 1066 630 1141 vindicem,
649 1081 682 1126 ut
696 1069 812 1140 iudicia,
833 1089 957 1146 quorum
978 1069 1040 1150 ipse
1061 1081 1104 1128 est
1124 1082 1238 1145 auctor,

72 1147 179 1206 sciscat
198 1165 232 1204 ac
252 1145 371 1203 sanciat.
398 1142 519 1202 Interim
532 1145 599 1202 dum
621 1145 803 1204 conveniunt
822 1144 932 1220 fideles,
952 1157 1020 1206 vota
1041 1163 1091 1206 sua
1111 1147 1239 1206 coniun-

71 1245 144 1304 gere
166 1233 197 1281 et
217 1217 412 1281 communiter
432 1219 546 1298 precari
558 1221 715 1294 docentur,
736 1243 796 1280 non
817 1223 907 1280 modo
929 1222 965 1281 ad
984 1224 1149 1282 testandum
1169 1215 1240 1282 fidei

71 1300 237 1374 unitatem,
256 1298 307 1356 sed
327 1308 360 1354 nt
380 1296 510 1356 omnium
531 1317 704 1356 consensum
724 1298 806 1356 Deus
826 1299 967 1356 exaudiat
1006 1300 1100 1379 Ergo,
1120 1311 1151 1356 ut
1170 1291 1242 1359 alibi

71 1397 162 1456 saepe
186 1373 331 1453 promittit
350 1373 447 1446 Deus,
467 1394 497 1432 se
518 1373 638 1452 privatis
659 1375 798 1452 cuiusque
818 1375 893 1432 votis
915 1373 980 1434 iore
1001 1373 1178 1454 propitium,
1198 1374 1240 1436 ita

70 1454 120 1512 hic
142 1451 278 1514 Christus
300 1449 430 1529 publicas
452 1471 553 1530 preces
573 1449 714 1530 singulari
735 1451 929 1530 promissione
944 1451 1090 1532 dignatur,
1111 1473 1170 1529 quo
1183 1471 1240 1512 nos

71 1529 170 1592 acrius
191 1527 227 1588 ad
250 1548 348 1586 carum
369 1526 495 1586 studium
515 1525 630 1585 invitet

149 1611 198 1670 20.
242 1603 300 1663 Ubi
328 1601 386 1662 duo
417 1617 468 1662 aaut
497 1617 555 1662 tres
582 1605 751 1679 congregati
772 1603 805 1661 in
828 1608 941 1663 nomine
966 1626 1036 1664 ntro.
1076 1603 1237 1664 Promissio

70 1683 147 1744 haec
168 1680 286 1762 longius
306 1692 389 1759 patet
409 1701 494 1758 quarn
514 1681 660 1759 superior.
699 1675 845 1740 Dominus
858 1680 936 1740 enim
955 1699 986 1740 se
1006 1679 1165 1740 affuturum
1186 1682 1240 1741 de-

71 1760 184 1832 clarat,
210 1758 325 1837 quotics
347 1758 404 1817 duo
426 1768 476 1816 aut
494 1767 555 1816 tres
575 1755 605 1816 in
626 1757 747 1816 nomine
767 1777 820 1816 suo
841 1747 1051 1832 convenerim,
1080 1770 1114 1816 ut
1132 1757 1241 1838 dirigat

70 1859 126 1898 eos
147 1833 291 1908 consilio,
320 1845 352 1894 et
371 1833 512 1914 quicquid
532 1853 569 1914 ag
591 1833 662 1894 cessi
690 1833 800 1893 suerint
825 1835 860 1894 ad
883 1856 1057 1914 prosternm
1076 1853 1241 1894 successum

70 1914 209 1974 deducat.
247 1911 317 1970 Non
338 1924 383 1970 est
402 1931 475 1992 ergo
497 1931 556 1989 quo
599 1905 750 1984 dubitent,
771 1909 873 1988 quise
893 1857 1013 1972 tradunt
1033 1911 1061 1970 ei
1081 1912 1241 1994 regendos,

70 1993 145 2070 quin
167 1987 329 2068 optabilem
351 2009 385 2048 ex
403 1985 568 2067 praesentia
596 1986 657 2046 eins
680 1987 806 2046 fructum
831 1988 968 2048 sentiant.
1013 1988 1113 2062 Quum
1140 1999 1241 2050 autem

69 2064 288 2126 inaestimabile
309 2064 420 2136 bonurn
440 2065 488 2137 sit,
512 2061 660 2122 Christum
674 2062 783 2123 habere
796 2064 826 2122 in
847 2063 984 2132 omnibus
1004 2087 1041 2123 ne
1065 2065 1131 2124 otiis
1151 2085 1241 2143 prae-

70 2145 178 2217 sidem,
200 2141 250 2233 gui
271 2140 393 2202 consilia
414 2153 444 2201 et
463 2151 586 2200 eventus
606 2139 773 2212 benedicat,
791 2141 876 2199 sicuti
887 2162 1001 2200 rursum
1014 2086 1085 2200 nihil
1106 2140 1240 2201 miserius

70 2241 162 2303 quarn
184 2240 246 2279 erus
263 2217 359 2300 gratia
380 2215 514 2288 destitui,
545 2235 607 2274 non
633 2212 727 2274 levem
747 2214 894 2274 stimulum
916 2217 1023 2276 addere
1043 2213 1130 2274 nobis
1151 2214 1242 2276 debet

69 2299 146 2358 haec
168 2295 336 2376 promissio,
356 2303 389 2351 ut
408 2293 487 2351 inter
507 2311 560 2349 nos
603 2291 629 2349 ie
651 2303 681 2350 et
701 2303 800 2350 sancte
821 2290 1025 2352 coalescamus.
1063 2293 1144 2350 Nam.
1159 2292 1242 2372 qnis-

70 2375 137 2455 quis
159 2373 207 2432 vel
227 2391 325 2431 sacros
345 2380 508 2429 conventus
527 2311 669 2456 negligit,
699 2366 745 2426 vel
773 2385 803 2426 se
831 2365 970 2449 disiungit
988 2389 1005 2428 a
1025 2367 1181 2443 fratribns',
1206 2383 1242 2428 ae

69 2449 208 2532 segniter
229 2468 260 2506 se
281 2445 360 2528 gerit
380 2446 410 2509 in
432 2443 556 2504 colenda
577 2456 701 2518 unitate,
721 2443 778 2504 boc
798 2443 862 2522 ipso
886 2445 1068 2504 demonstrat
1085 2465 1116 2504 sc
1130 2437 1242 2504 Christi

70 2523 273 2610 praesentiam
293 2541 348 2601 pro
369 2519 463 2581 nihilo
478 2521 594 2580 ducere.
617 2519 677 2580 Sed
689 2517 846 2578 videndum
866 2518 1018 2599 imprimis,
1037 2532 1070 2578 ut
1090 2520 1139 2610 qui
1151 2519 1242 2579 Chri-

69 2617 150 2678 stpm
169 2599 297 2680 cupiunt
315 2597 371 2659 sibi
392 2597 491 2658 adesse
516 2597 546 2656 in
574 2595 635 2656 eius
660 2595 780 2664 nomine
801 2593 988 2656 conveniant.
1026 2599 1076 2674 Ae
1091 2597 1175 2656 simul
1194 2607 1243 2655 te-

70 2681 174 2741 nenda
197 2689 242 2737 est
262 2677 345 2736 huius
367 2672 527 2756 particulae
545 2672 694 2732 definitio:
714 2672 845 2732 videmus
865 2672 954 2747 enirn,
974 2683 1009 2731 ut
1026 2670 1109 2752 impii
1128 2691 1243 2733 sacrum

71 2759 137 2820 eins
158 2775 269 2815 nomen
280 2753 337 2816 suis
354 2749 624 2832 conspirationibus
636 2770 697 2808 non
717 2750 811 2808 nrinus
827 2749 900 2810 falso
915 2761 944 2809 et
958 2748 1145 2829 impudenter
1153 2769 1243 2839 quam

70 2834 198 2896 sceleste
220 2830 393 2890 obtendant
432 2831 515 2910 Ergo
536 2826 591 2886 nisi
611 2825 732 2887 velimus
753 2825 903 2886 Christum
929 2827 964 2886 ad
992 2847 1094 2886 eorum
1115 2824 1244 2885 ludibria
1306 2825 1313 2838 “

71 2907 267 2992 prostituere,
287 2919 317 2968 et
331 2906 415 2967 simul
428 2916 561 2966 evertere
584 2904 664 2982 quod
685 2904 733 2963 hic
749 2903 899 2996 promisit,
917 2903 1067 2962 sciendum
1087 2900 1242 2982 imprimis,

72 2987 148 3068 quid
168 2984 265 3045 valeat
284 2985 356 3044 haec
376 2981 523 3062 loquutio,
543 2998 651 3060 nempe
661 2992 695 3041 ut
707 3002 756 3059 qur
768 2979 853 3040 simul
872 2993 1103 3062 congregantur,
1123 2973 1252 3039 reiectis

74 3062 215 3124 omnibus
229 3061 467 3141 impedimentis,
489 3079 563 3138 quae
583 3079 638 3118 nos
658 3059 696 3118 ad
718 3057 867 3118 Christum
887 3055 1028 3117 accedere
1049 3077 1111 3116 non
1130 3056 1242 3131 sinunt,

74 3141 195 3200 sincere
216 3137 251 3196 ad
273 3160 337 3198 eum
359 3136 504 3218 aspirent,
536 3135 597 3196 eius
618 3134 709 3194 verbo
730 3156 762 3194 se
782 3133 813 3194 iu
834 3133 1008 3212 obsequium
1029 3133 1181 3206 addicant,
1207 3146 1243 3192 ac.

75 3215 193 3295 Spiritu
213 3213 374 3295 gubernari
393 3213 573 3294 permittant.
611 3210 789 3270 Timendum
810 3231 871 3270 non
893 3223 951 3284 est,
983 3209 1035 3270 nbi
1048 3211 1142 3292 'viget
1166 3209 1242 3269 haee

75 3290 269 3372 simplicitas,
302 3291 371 3370 quin
393 3289 487 3370 palam
509 3289 645 3349 ostendat
666 3287 801 3348 Christus
821 3287 879 3346 suis
899 3287 1034 3367 auspiciis
1053 3307 1117 3348 non
1136 3281 1245 3346 trustra

75 3382 214 3430 coactum
235 3364 323 3426 luisse
345 3380 471 3428 coetum.
496 3365 532 3424 In
546 3385 605 3444 quo
625 3385 655 3423 se
676 3365 777 3444 prodit
796 3384 889 3425 crassa
910 3363 1093 3444 Papistarum
1113 3361 1244 3422 inscitias

76 3447 208 3510 clamant
221 3465 281 3504 non
296 3444 426 3524 potuisse
441 3461 538 3502 errare
552 3441 687 3515 concilia,
703 3441 833 3522 ideoque
845 3441 980 3500 standum
992 3438 1128 3501 omnibus
1140 3457 1244 3497 eorum

77 3521 216 3594 decretis,
238 3521 315 3600 quia,
335 3519 451 3599 quoties
471 3520 531 3579 duo
551 3528 601 3576 aut
620 3530 679 3577 tres
700 3527 921 3598 congregantur
940 3515 969 3575 in
985 3516 1106 3577 nomine
1121 3511 1245 3586 Christi,
1319 3566 1323 3583 ,

76 3601 141 3680 ipse
163 3595 194 3656 in
215 3598 313 3658 medio
335 3617 437 3656 eorum
459 3606 510 3655 est.
545 3595 637 3673 Atqui
656 3593 797 3673 imprimis
819 3593 1018 3670 quaerendum
1039 3603 1112 3662 erat,
1132 3606 1244 3647 conve-

77 3676 180 3736 nerint
199 3695 294 3734 necue
317 3672 428 3734 Christi
447 3671 583 3744 nornine,
613 3671 650 3731 de
670 3689 797 3750 quorum
818 3669 898 3740 tide,'
922 3667 1055 3743 doctrina
1082 3677 1112 3724 et
1131 3663 1244 3723 aflectu

78 3751 249 3832 ambigitur.
289 3751 357 3811 Hoc
378 3751 445 3809 durn
468 3749 609 3808 omittunt
627 3747 673 3808 vel
694 3745 850 3806 involvunt
869 3745 1016 3825 Papistre,
1036 3741 1181 3821 quis.non
1201 3739 1246 3800 vis-

78 3831 140 3900 det,
161 3838 255 3891 astute
275 3827 432 3887 discrimen
453 3826 639 3885 intersacros
653 3836 683 3884 ct
696 3824 840 3902 profanos
855 3831 1016 3882 conventus
1036 3817 1073 3878 ab
1093 3815 1150 3876 illis
1172 3832 1247 3874 con-

77 3905 176 3978 fundi,
196 3914 228 3962 ut
247 3915 376 3983 potestas
397 3901 510 3982 quidvis
530 3901 638 3982 agendi
658 3901 694 3962 ab
707 3899 839 3960 Ecclesia
859 3898 895 3959 ad
917 3897 1015 3956 hostes
1034 3891 1146 3955 Christi
1164 3890 1246 3982 iura*¹

77 3995 127 4042 tos
153 3981 365 4042 transferatur?
405 3979 535 4040 Sciamus
562 3998 650 4058 ergo,
681 3996 741 4036 non
770 3975 825 4035 nisi
850 3975 915 4054 pios
934 3969 992 4031 Dei
1020 3969 1164 4044 cultores,
1195 3985 1269 4048 qut.

80 4059 232 4120 Christum
254 4055 334 4137 pure
348 4068 509 4134 quaerunt,
541 4053 663 4112 animari
684 4054 718 4114 ad
741 4052 891 4124 tacciam,
916 4069 954 4108 nc
975 4046 1032 4108 sibi
1052 4067 1119 4106 eum
1137 4046 1246 4108 abfore

79 4133 230 4194 dubitent.
270 4135 384 4213 Spuriis
404 4145 501 4192 autern
522 4139 552 4190 et
572 4129 711 4190 abortivis
732 4121 876 4200 consiliis,
909 4145 983 4204 quae
1009 4124 1097 4183 telam
1120 4143 1154 4183 ex
1173 4144 1246 4203 pro*

78 4211 149 4292 prio
170 4229 257 4270 seusu
279 4219 502 4282 contexuerunt,
520 4205 619 4266 valere
631 4207 722 4282 iussis,
742 4205 821 4286 apud
831 4223 887 4264 uos
897 4221 1013 4283 semper
1025 4199 1158 4265 Christus
1171 4219 1246 4260 unm

78 4309 148 4349 cum
171 4285 324 4368 Evangelii
344 4288 386 4348 sui
408 4285 542 4346 doctrina
562 4283 699 4345 emineat.

106 4387 204 4436 catum
216 4401 300 4435 osu.
314 4387 338 4432 iu
350 4385 432 4436 llam.
447 4387 492 4434 Ιι.
506 4386 560 4434 Vol.
573 4385 606 4431 ll.
1006 4359 1044 4422 10
