2766 4840
151 219 209 286 332
327 261 329 269 .
379 178 496 278 SECT.¹
514 207 592 277 XIX.
633 231 763 276 cnmsnr
785 231 900 278 sessio
921 232 962 278 nr
983 232 1081 279 mons.

150 381 279 448 utroque
296 371 387 430 modo
407 369 536 450 prebere
555 369 618 431 volt
633 369 778 430 Dominus
797 370 884 432 lidem
904 383 1048 448 nostram,
1065 373 1136 432 dim
1156 383 1237 434 cntra
1258 395 1316 454 per

18 453 24 466 ’
151 449 250 509 hostes
274 467 290 506 e
314 459 392 508 crtus
419 447 509 506 suan
536 467 591 508 nos
616 458 647 507 et
671 448 831 508 Ecclesiam
857 461 1027 539 oppugnat,
1052 449 1132 510 intus
1156 470 1231 510 vero
1258 471 1314 531 per

150 525 275 618 hypocri
306 522 546 587 selandestinnm
566 523 726 604 perniciem
746 525 873 584 molitur.
918 525 1013 584 Simul
1037 538 1138 586 umen
1167 526 1312 587 docemur

149 601 348 663 sinceritatem
372 621 437 661 cum
457 599 525 660 Deo
551 601 666 676 colere,
692 589 859 692 quicunque
882 621 980 662 sumus
1006 624 1040 662 ex
1065 603 1128 662 eius
1149 603 1310 684 discipulis.

149 680 225 738 Nem
245 691 276 738 et
294 677 488 751 defectiones,
506 697 577 755 quas
597 679 729 757 quotidie
749 680 903 752 cernimus,
921 681 959 739 ed
977 677 1115 739 timorem
1139 701 1198 740 nos
1213 694 1243 740 et
1258 701 1308 739 se-

148 775 199 816 rue
219 751 335 835 piets'tis
354 754 480 814 studium
499 753 676 829 sollicitant,
695 765 728 813 ut
747 754 819 815 dicit
837 755 959 830 Paulus,
979 755 1120 816 Discedat
1139 756 1178 815 ab
1200 758 1241 816 ini
1264 759 1309 816 ui-

148 843 209 892 tete
228 831 357 922 quisquis
376 829 496 890 invocat
514 851 624 892 nomen
644 831 776 891 Domini.
815 831 956 893 [ubemur
978 853 1079 894 omncs
1100 833 1231 892 osculari
1244 781 1309 894 lter

148 910 173 968 F
174 907 270 968 ilium:
289 909 445 969 videndum
465 907 566 989 igitur,
585 927 623 979 ne
643 909 700 968 hoc
720 908 869 1044 quispunm
888 908 1054 988 proditorie
1074 909 1175 984 saciet,
1194 910 1309 990 alioqui

149 1005 259 1068 magno
279 985 427 1047 constabit
444 984 476 1042 in
496 996 609 1045 tantum
630 985 775 1046 honorem
808 985 881 1046 uisse
901 997 1026 1048 evectos.
1092 1019 1095 1030 ·

230 1216 335 1298 (202.)
376 1213 546 1280 MATTH.
567 1215 681 1282 xxvl.
724 1213 775 1279 51.
800 1213 842 1280 Et
869 1236 959 1292 ecce,
988 1237 1071 1282 unus
1098 1238 1138 1281 ex
1163 1219 1216 1293 iis,
1247 1221 1308 1302 qui

149 1329 240 1385 erent
261 1341 331 1387 cum
354 1319 441 1398 lesu,
469 1317 648 1395 extendeus
668 1339 795 1398 menum
817 1323 955 1386 exseruit
976 1319 1116 1405 gladium
1139 1343 1248 1386 sumn:
1276 1333 1309 1384 et

147 1425 331 1510 pernitionis
351 1443 478 1488 sernum
496 1426 608 1488 summi
628 1421 814 1500 sucerdotis,
835 1429 1007 1508 amputavit
1030 1423 1206 1492 auriculum
1229 1427 1308 1488 eius.

146 1527 198 1593 52.
219 1527 314 1591 Tunc
335 1531 378 1591 nit
398 1525 447 1590 illi
464 1527 560 1603 lesus,
581 1506 746 1592 Converte
768 1523 910 1612 gladium
929 1527 967 1597 in
985 1525 1091 1592 locum
1108 1549 1220 1592 sunm:
1240 1549 1309 1593 om-

147 1633 329 1708 nonenim,
355 1633 410 1718 qui
438 1631 622 1716 acceperint
649 1627 803 1716 gladium,
829 1628 939 1716 gledio
966 1627 1127 1718 peribunt.
1176 1631 1228 1698 53.
1255 1637 1307 1698 An

146 1745 253 1820 putes,
272 1734 362 1819 quod
383 1755 450 1799 non
470 1755 601 1819 possum
622 1755 710 1798 nuno
727 1753 845 1820 rogere
866 1733 991 1802 Putrem
1012 1755 1134 1812 meum,
1161 1745 1196 1800 et
1216 1737 1306 1802 exhi-

146 1836 239 1902 bebit
268 1835 347 1900 milti
380 1836 454 1922 plus
486 1855 581 1921 quem
617 1833 790 1900 duodecim
819 1835 966 1922 legiones
993 1835 1207 1922 angelorum?
1255 1840 1306 1904 54.

147 1935 326 2025 Quomodo
365 1959 442 2022 ergo
475 1935 695 2023 implebuntur
725 1937 925 2025 Scripturas,
965 1940 1055 2026 quod
1091 1943 1140 2006 sic
1175 1954 1305 2028 oportet

91 2084 94 2103 .
145 2045 239 2110 lieri?
279 2043 329 2108 55.
353 2039 390 2104 tn
419 2039 477 2105 illa
502 2026 681 2107 hora'dixit
701 2041 790 2108 lesus
811 2041 928 2120 turbis,
954 2045 1122 2131 'l'enqunm
1144 2044 1188 2110 ed
1208 2043 1304 2110 latro-

93 2211 95 2220 ,
145 2169 221 2214 nem
258 2146 376 2218 exiistis
408 2165 479 2210 cum
512 2145 627 2234 gladiis
658 2156 690 2211 et
721 2143 858 2210 lustibus
890 2145 930 2211 ed
963 2147 1302 2234 comprehendendum

145 2274 213 2320 me:
240 2245 388 2339 ¹quotidie
414 2249 500 2335 opud
526 2271 587 2316 vos
613 2248 782 2326 sedebam,
809 2249 932 2316 docens
952 2251 987 2315 iu
1007 2252 1146 2335 templo,
1178 2265 1212 2318 ct
1235 2273 1304 2318 nou
1381 2267 1382 2324 l

144 2377 197 2420 me
216 2357 371 2440 cepistis„
398 2354 448 2418 su
476 2353 549 2418 Hoc
571 2363 676 2419 nutem
697 2363 798 2418 tntum
819 2353 936 2418 lectum
959 2365 1020 2432 est,
1047 2366 1083 2420 ut
1104 2357 1302 2444 compleren-

133 2471 196 2536 ,tur
214 2453 397 2544 Scripturne
419 2457 659 2544 Prophetarum.
700 2455 795 2520 Tunc
816 2453 965 2542 discipuli
986 2479 1100 2523 omncs
1124 2459 1242 2527 relicto
1266 2483 1306 2526 co

135 2563 304 2650 ,lugermtt

227 2719 367 2789 Mene.
388 2721 472 2784 XIV.
514 2720 565 2784 47.
593 2719 686 2786 Unus
713 2705 818 2787 eutem
839 2719 970 2808 quidem
992 2723 1165 2786 astantium
1186 2721 1306 2788 educto

143 2825 254 2930 gladio
281 2827 437 2912 percussit
462 2843 588 2888 servunt
617 2825 729 2887 summi
756 2825 938 2903 Pontifiois,
974 2835 1006 2889 et
1033 2830 1213 2909 amputavit
1238 2831 1305 2892 eius

144 2927 326 3000 auriculum.
368 2929 419 2996 48.
447 2925 488 2991 Et
515 2925 718 3012 respondens
739 2928 828 2994 lesus
854 2929 935 2995 dixit
961 2926 1040 3004 illis,
1067 2927 1241 3016 'l'nnquem
1263 2931 1303 2996 ud

77 3095 81 3112 ,
142 3036 303 3102 latronem
331 3031 452 3096 exiistis
480 3049 550 3096 cum
582 3029 698 3116 gladiis
726 3043 758 3098 et
786 3029 925 3098 luctibus
953 3029 995 3096 sd
1024 3032 1304 3116 comprehenden-

143 3137 219 3205 dum
247 3137 319 3202 mc?
365 3133 416 3198 49.
448 3131 606 3218 Quotidie
639 3154 725 3200 erem
760 3131 847 3222 opud
872 3155 931 3198 vos
959 3137 992 3199 in
1019 3133 1142 3220 templo
1171 3137 1302 3216 doeens,

142 3251 176 3310 ct
200 3261 268 3305 non
295 3233 582 3323 comprehendistis
610 3261 670 3304 ure.
710 3237 778 3304 Sed
805 3233 890 3318 (doc
905 3235 1044 3320 suctum
1069 3241 1158 3320 est),
1183 3253 1222 3306 ut
1248 3247 1300 3308 im-

130 3343 310 3434 ,plcrentur
328 3340 523 3424 Scripturas.
565 3343 616 3407 nu
642 3342 684 3407 Et
709 3362 751 3415 so
779 3338 894 3406 relicto
915 3340 1065 3428 lugerent
1086 3365 1212 3410 omnes
1253 3347 1302 3412 51.

138 3451 235 3516 Unus
270 3455 375 3511 eutem
411 3441 672 3510 adolescentulus
707 3441 905 3530 sequebatur
941 3465 1014 3508 eum
1047 3449 1303 3514 circumamictus

96 3587 99 3598 ·
141 3549 280 3622 sindono
320 3569 419 3635 super
454 3547 591 3614 nudum:
631 3558 665 3614 et
703 3545 1018 3636 comprehenderunt
1058 3571 1132 3616 eum
1172 3549 1300 3618 odoles-

140 3669 258 3725 centes
320 3651 371 3717 52.
410 3650 470 3716 llle
506 3672 585 3716 vero
624 3648 737 3716 relicte
771 3648 927 3729 sindone,
962 3650 1069 3718 nudus
1108 3653 1221 3740 ellugit
1254 3653 1299 3719 ab

139 3759 213 3830 illis.
232 3767 233 3772 ’

222 3921 324 3994 LUC.
349 3923 448 3990 xxc1t.
503 3923 554 3988 49.
589 3921 750 3990 Videntes
782 3932 887 3988 eutem
916 3924 954 4002 ii,
988 3924 1044 4010 qui
1076 3925 1163 3990 circe
1196 3925 1301 4013 ipsum
1381 3929 1382 4000 i

139 4045 244 4112 erent,
265 4027 354 4120 quod
376 4027 516 4094 loturum
538 4035 616 4106 erat,
636 4026 785 4094 dixerunt
806 4030 845 4106 ei,
867 4027 1018 4104 Domine,
1039 4031 1301 4113 percutiemusne

139 4119 267 4220 g'lndlo?
313 4132 369 4196 nu:
395 4131 437 4196 Et
465 4133 622 4216 percussit
649 4151 731 4194 unus
759 4151 797 4195 ex
824 4129 889 4196 illis
917 4143 1042 4196 servum
1073 4135 1188 4198 summi
1215 4131 1302 4199 Pun-

83 4319 88 4327 .
138 4235 250 4312 tiliois,
285 4245 316 4299 et
351 4237 525 4322 amputavit
558 4229 732 4300 auriculum
767 4237 835 4300 eius
867 4235 1017 4300 dextrnin.
1069 4235 1120 4302 51.
1151 4235 1301 4322 liespuu·
1381 4289 1382 4296 ,

126 4337 219 4420 'dens
246 4347 352 4402 nutem
368 4338 460 4402 lesus
488 4337 581 4414 dixit,
609 4337 711 4404 Sinite
733 4338 912 4423 nucusque.
956 4338 996 4421 Et
1024 4359 1122 4424 quum
1144 4342 1297 4423 tetigisset
1381 4401 1382 4420 ,
