2766 4840
115 223 117 230 ’
149 273 208 338 292
445 245 452 314 3
606 259 723 322 sucu.
744 259 856 320 xvnc

151 367 227 504 quae
245 417 347 480 fideles
367 425 493 498 occupat
510 425 579 476 ante
599 415 711 478 Christi
731 416 904 475 adventum:
929 427 1027 490 neque
1047 407 1126 468 enin
1144 425 1227 468 nuuc
1246 417 1314 467 tau-

150 511 213 558 tum
238 493 430 576 exspectanda
455 493 542 553 nobis
562 503 606 552 est
624 491 716 566 salus,
740 491 792 550 sed
817 488 868 549 ubi
892 486 952 549 vita
977 485 1112 547 defuncti
1136 484 1169 544 in
1190 483 1315 545 Christo

46 631 54 648 ‚
150 573 334 655 quiescimus.
372 573 396 630 E
421 567 734 649 otamen'simplicius
754 567 867 647 accipio
888 565 924 625 de
939 561 1068 646 negotiis
1088 561 1229 637 terrenis,

1271 584 1314 620 ΙΙΙ-

150 651 205 712 bus
224 646 370 730 implicari
409 647 489 707 deles
508 665 627 706 necesse
648 655 708 719 est,
728 665 814 724 quarn
835 641 883 702 diu
903 641 1042 700 incarne
1061 637 1210 697 habitant.
1250 583 1313 697 iet

151 738 247 788 autem
267 743 417 804 nunquam
438 722 584 804 obrepere
604 719 660 782 illis
680 719 770 781 debet
788 719 875 799 regni
893 717 953 778 Dei
974 715 1103 788 oblivio,
1130 735 1195 774 uon
1215 726 1312 774 tamen

149 824 256 866 somno
276 801 382 880 inepte
397 799 551 860 confertur
570 798 798 878 occupationum
819 796 901 855 huius
920 792 1024 854 mundi
1048 791 1213 851 distractio.
1251 791 1311 850 tte-

151 901 209 962 que
235 878 312 938 enim
338 877 379 936 sie
398 876 511 936 intenti
536 893 598 935 esse
622 884 746 954 possunt
770 872 802 933 in
829 870 939 932 Christi
965 889 1135 943 occursum,
1185 869 1239 928 uin
1263 887 1314 927 eos

150 957 198 1017 vel
219 955 393 1026 distrahant,
418 951 465 1012 vel
484 951 649 1026 retardent,
672 950 720 1011 rel
740 949 893 1029 implicent
911 947 1009 1008 variae
1028 965 1127 1005 curae.
1199 944 1259 1004 ude
1283 943 1314 1002 lit

150 1045 183 1092 ut
202 1030 352 1126 vigilando
374 1050 406 1088 eu
427 1037 509 1108 parte
529 1028 684 1087 dormiant.
724 1018 814 1104 Qdod
835 1026 869 1086 ad
891 1024 1049 1084 clamorem
1069 1043 1082 1080 s
1106 1031 1197 1094 ectat,
1219 1033 1314 1082 meta·

150 1111 275 1190 phorrce
295 1105 420 1186 positum
442 1125 504 1178 esse
524 1105 706 1195 interpretor
725 1124 782 1186 pro
799 1101 898 1162 subito
918 1101 1055 1160 adventu.
1084 1043 1200 1158 §cimus
1220 1098 1314 1170 euim,

150 1185 267 1265 quoties
287 1179 524 1260 norumlaliquid
546 1182 576 1239 et
596 1181 779 1260 mppinatum
801 1177 918 1252 accidit,
937 1177 1033 1237 solere
1052 1175 1184 1234 homines
1198 1173 1311 1232 tumul-

149 1260 235 1322 tuari.
275 1259 391 1320 Clamat
416 1257 531 1349 quidem
551 1257 697 1317 Dominus
723 1255 871 1348 quotidie,
894 1253 978 1314 brevi
1002 1273 1032 1313 se
1057 1263 1227 1311 venturum:
1256 1250 1310 1309 sed

150 1349 221 1397 tunc
243 1347 308 1396 tota
327 1336 428 1394 munds
448 1334 582 1394 machina
602 1333 767 1408 resonabit,
793 1345 824 1392 et
841 1331 969 1392 terrifica
988 1329 1124 1390 maiestas
1143 1327 1186 1386 sic
1205 1327 1312 1406 imple-

151 1415 197 1474 bit
215 1414 330 1474 coelum
351 1421 382 1472 ct
398 1422 518 1484 terram,
537 1421 651 1470 utnon
671 1411 761 1471 modo
781 1397 1144 1490 sopitos'expergcfaciet,
1163 1405 1216 1464 sed
1231 1425 1313 1463 mor-

149 1503 217 1550 tuos
237 1492 342 1550 educat
362 1509 378 1547 e
397 1487 549 1567 sepulcris.
1185 1523 1188 1530 ,

225 1569 253 1631 8.
291 1565 406 1624 Fatuos
426 1578 520 1624 amon
538 1561 728 1640 pntdrntidus
750 1560 897 1623 dixerunt.
945 1559 1003 1618 llic
1028 1569 1145 1618 taxatur
1170 1577 1235 1618 sera
1261 1578 1312 1617 eo-

150 1665 212 1702 rum
255 1641 432 1716 oenitcntia,
456 1639 507 1719 qui
531 1661 599 1700 suos
626 1640 756 1700 defectus
781 1660 843 1699 non
869 1650 938 1698 ante
957 1635 1105 1708 sentiunt,
1134 1657 1227 1715 quam
1246 1635 1310 1693 dum

150 1664 300 1800 praeclusa
321 1730 365 1777 est
384 1717 521 1776 remediis
547 1718 642 1776 ianua.
680 1717 754 1776 Nam
780 1716 850 1775 ideo
876 1712 1015 1775 stultitiae
1041 1710 1239 1785 damnantur,
1262 1711 1310 1790 qui

149 1795 207 1856 sibi
230 1795 260 1852 in
287 1794 408 1874 longum
435 1804 549 1872 tempus
568 1813 630 1851 nou
649 1793 830 1883 provident,
849 1791 916 1872 quia
935 1809 1037 1851 secure
1058 1793 1087 1847 in
1109 1810 1163 1850 sua
1183 1799 1311 1870 egestate
1375 1809 1376 1814 ¹

149 1871 205 1930 sibi
226 1871 360 1948 placent,
380 1890 413 1928 ac
432 1880 549 1928 mutuae
570 1869 845 1929 communicationis
866 1880 977 1947 tempus
996 1867 1037 1926 sic
1078 1877 1264 1939 raetereunt,
1282 1875 1312 1922 ut

149 1956 340 2005 contemnant
365 1945 464 2004 oblata
489 1945 602 2004 auxilia.
643 1943 722 2018 Quia
748 1967 821 2028 crgo
847 1944 1019 2025 tempestive
1065 1941 1309 2022 ecomparaudu

149 2023 219 2080 oleo
247 2041 308 2080 non
334 2021 483 2102 cogitant,
509 2021 643 2080 Christus
669 2022 754 2082 nimis
779 2041 873 2081 seram
898 2020 1032 2082 notitiam
1060 2017 1219 2090 deridens,
1244 2037 1308 2094 quas

147 2098 275 2176 stuporis
294 2097 340 2158 sni
359 2117 470 2178 poenas
490 2097 585 2157 daturi
604 2097 664 2156 sint
682 2099 828 2174 ostendit,
853 2099 934 2179 quod
959 2095 1071 2157 scilieet
1095 2115 1209 2155 vacuos
1231 2115 1259 2154 se
1277 2103 1304 2151 et

149 2176 246 2238 aridos
266 2174 328 2234 sine
349 2173 485 2253 profectu
506 2173 747 2234 animadvertent.

67 2315 70 2324 ,
225 2257 253 2315 9.
293 2251 341 2311 tn
358 2272 417 2310 non
435 2251 570 2328 effen
586 2250 676 2310 nass.
716 2251 831 2310 scmus
852 2249 931 2324 tneo,
950 2247 1030 2310 vane
1045 2230 1191 2306 ‘cessrunt
1212 2267 1230 2306 ι
1248 2246 1308 2304 uo.
1375 2295 1376 2300 a

91 2375 94 2382 ,
149 2328 229 2387 ιιιίιιο
249 2333 300 2388 sda
320 2328 398 2386 dona
418 2327 524 2406 cuique
544 2328 749 2407 adpropriam
769 2347 950 2400 mensuram,
974 2336 1008 2383 ut
1031 2335 1138 2383 mutuo
1165 2324 1217 2382 alii
1240 2323 1308 2381 alios
1375 2327 1376 2332 ’

148 2405 265 2477 iurent,
291 2415 322 2463 et
346 2403 502 2464 conferant
522 2403 552 2462 in
575 2422 747 2480 commune,
772 2401 853 2539 lwd
880 2403 957 2484 apud
981 2401 1117 2483 singulos
1144 2401 1308 2491 depositum

149 2491 209 2553 est,
238 2492 326 2560 atque
352 2481 408 2540 hoc
433 2481 523 2540 modo
543 2500 651 2540 sacram
673 2481 702 2540 in
723 2479 783 2542 Ere
796 2480 855 2539 esia
874 2478 1073 2540 membrorum
1096 2495 1309 2537 connexionem
1375 2543 1376 2548 η

148 2556 257 2616 foueri:
277 2557 327 2617 scd
347 2556 395 2618 hic
414 2568 529 2636 ternpus
549 2569 634 2616 notat
644 2557 788 2632 Christus,
809 2577 869 2636 quo
888 2555 1007 2616 sublatis
1027 2554 1152 2613 sarcinis
1172 2554 1211 2612 ad
1231 2573 1311 2612 suum
1375 2549 1376 2620 Ῑ

147 2631 278 2692 tribunal
303 2651 405 2693 omnes
430 2631 564 2708 vocabit,
592 2645 626 2693 ut
649 2645 785 2712 reportet
805 2634 926 2713 quisque
946 2642 1037 2712 prout
1056 2631 1086 2688 in
1107 2651 1243 2711 corpore
1261 2650 1310 2688 suo

145 2711 279 2801 gesserit.
317 2709 426 2802 lllerito
450 2709 548 2786 itaque
574 2727 660 2788 quam
684 2710 807 2845 quisqlue
828 2707 1099 2792 accepta0.gratlae
1119 2719 1239 2787 partem
1258 2706 1312 2764 sibi

147 2797 296 2865 reposuit,
318 2796 426 2846 rtatrco
447 2797 613 2863 comparat,
638 2786 720 2865 quod
745 2809 763 2866 p

777 2786 878 2846 nribus
897 2807 959 2845 non
979 2783 1139 2844 sufficeret.
1178 2783 1312 2843 Proinde
1375 2817 1376 2840 ι

145 2861 226 2940 quod
253 2883 320 2920 mox
344 2859 513 2937 subiicitur,
536 2864 589 2934 ite,
618 2866 749 2925 utensile
771 2861 864 2936 uoltis,
894 2882 955 2920 non
982 2859 1149 2919 admonitio
1176 2872 1239 2934 est,
1262 2859 1310 2918 sed
1375 2869 1376 2940 J

147 2937 353 3028 exprplsratio,
372 2936 431 2994 huc
450 2957 553 3028 seusu,
572 2937 642 2997 Fuit
660 2939 784 2999 arrteboc
804 2938 922 2998 emendi
941 2943 1066 3016 tempus,
1107 2932 1168 2996 uod
1190 2958 1208 2995 a
1229 2936 1310 2997 volsis

148 3011 262 3093 uegltgt
282 3031 343 3071 non
364 3025 512 3092 oportuit:
539 3015 693 3093 prostabat
712 3016 791 3075 enim
810 3026 880 3074 tuuc
901 3013 1000 3074 oleum
1018 2957 1141 3084 venile,
1160 3013 1246 3074 cuius
1265 3034 1309 3071 re-

147 3089 308 3178 cuperandi
333 3088 428 3149 ablata
453 3101 497 3149 est
520 3089 653 3152 facultas.
693 3089 871 3172 Quanquam
896 3091 963 3150 hinc
988 3091 1076 3148 stulte
1097 3089 1237 3150 inferunt
1255 3089 1310 3148 Pa·

169 3174 256 3255 rstae,
271 3163 427 3225 virtutibus
446 3166 553 3226 nostris
572 3166 620 3227 uel
641 3167 781 3228 industria
798 3166 912 3247 acquiri
932 3166 1169 3246 perseverantiae
1191 3167 1310 3227 donum.

176 3260 222 3298 am
246 3263 277 3299 m
303 3241 395 3301 verbo
421 3241 537 3302 emendi
555 3257 740 3326 nequaquam
760 3245 888 3325 pretium
906 3255 1040 3302 notatur:
1067 3243 1144 3303 sicut
1163 3261 1199 3302 ex
1220 3244 1310 3304 lesaia

147 3321 212 3393 (65,
224 3319 267 3393 1.)
287 3317 365 3377 clare
385 3330 477 3398 patet,
496 3317 546 3378 ubi
565 3319 721 3395 Dominus,
740 3341 796 3382 nos
815 3321 851 3380 ad
872 3320 1026 3381 emendum
1041 3319 1180 3394 invitans,
1202 3321 1310 3380 nullam

99 3476 101 3485 Ι
146 3395 418 3484 compensationem
439 3394 568 3474 flagitat,
592 3398 643 3456 sed
668 3395 699 3455 in
725 3409 865 3478 promptu
889 3415 921 3455 se
946 3396 1046 3457 vinum
1070 3406 1102 3456 et
1127 3393 1174 3454 lac
1200 3398 1310 3457 lrahere

147 3469 235 3546 drcrt,
259 3471 340 3550 quod
367 3471 496 3552 gratm'to
522 3470 623 3531 donet„
661 3475 745 3554 Ergo
769 3495 832 3532 non
858 3472 914 3532 alia
939 3484 984 3532 est
1009 3473 1204 3552 comparandi
1223 3474 1308 3546 ratio,

147 3567 235 3637 poam
254 3558 288 3606 ut
306 3549 364 3607 lide
385 3547 556 3627 recipiamus
577 3551 658 3628 quod
678 3549 764 3609 nobis
783 3549 916 3610 oblutrrm
937 3561 988 3608 est.
1020 3549 1158 3608 Tandem
1169 3551 1306 3629 sequitur,

145 3643 262 3688 renuam
287 3624 372 3705 regni
399 3623 535 3684 coelestis
555 3625 691 3686 omnihus
710 3625 787 3686 male
806 3625 936 3707 providis
956 3626 1084 3686 clausum
1104 3625 1159 3698 iri,
1185 3627 1246 3706 quia
1272 3625 1305 3682 in

145 3701 245 3760 medio
271 3722 357 3772 ,cursu
381 3699 553 3760 defecerint.
595 3701 702 3782 Neque
728 3704 805 3762 enim
835 3702 883 3762 hic
908 3701 1079 3782 scrupulose
1106 3702 1306 3779 quaerendum

146 3788 206 3852 est,
230 3778 381 3857 quomodo
406 3777 523 3836 emendi
569 3778 642 3837 ratia
688 3779 815 3839 rofectas
839 3779 928 3838 fuisse
952 3778 1055 3838 stultas
1080 3777 1213 3858 virgines
1227 3779 1308 3840 dicat

146 3853 299 3926 Christus,
317 3853 384 3990 puio
404 3873 466 3912 non
487 3797 744 3947 aliui‘sipniicat,
765 3875 851 3935 quam
872 3875 974 3914 omnes
994 3855 1030 3914 ab
1050 3855 1186 3934 ingressu
1208 3857 1310 3916 coelo-

145 3951 209 3990 rum
230 3949 316 3990 arcon
339 3949 372 3989 os
392 3949 465 4008 esse,
490 3929 589 4010 quiin
610 3951 673 4010 rpso
693 3931 818 3992 articulo
837 3931 934 4011 parati
953 3953 1014 3992 uon
1035 3930 1157 3991 fuerint.

181 4199 188 4251 p
228 4167 334 4250 (193.)
374 4169 544 4236 ΜΑΤΤΗ.
565 4171 665 4235 XXV.
713 4169 764 4236 31.
794 4169 903 4256 Quum
932 4181 1035 4236 autem
1055 4177 1186 4240 venerit
1208 4173 1310 4240 Pilius

146 4267 283 4334 hominis
310 4275 344 4336 iu
371 4275 473 4356 gloria
500 4295 574 4352 sua,
602 4283 634 4338 et
659 4293 771 4338 omues
798 4278 900 4342 sancti
923 4273 1124 4358 angelicum
1147 4297 1206 4352 eo,
1235 4286 1308 4340 tuuc

147 4369 274 4439 sedebit
304 4395 402 4457 super
433 4376 542 4444 sedem
576 4375 698 4461 gloriae
726 4398 811 4442 suae.
864 4379 914 4442 32.
950 4377 991 4442 Et
1023 4377 1306 4464 congregabuntur
