2768 4834
195 235 252 296 ιιι
286 279 292 303 ,
424 191 433 204 “
650 225 803 288 sturlo
825 225 878 286 ιι.

193 379 326 444 merent?
365 378 524 441 ilabebant
543 377 644 440 Iudaei
669 377 803 458 obliquas
827 377 877 439 vel
899 377 1072 452 indirectas,
1100 389 1134 440 ut
1152 358 1343 516 loquuntur,

193 458 308 520 iurandi
329 457 449 518 l'ormas:
476 468 507 515 et
525 476 613 533 quum
634 455 765 516 iurarent
783 477 838 535 per
857 454 990 528 coelum,
1008 466 1134 528 terram,
1155 477 1193 517 ve
1225 456 1343 532 altare,

193 537 251 598 boc
271 535 333 594 scre
354 554 410 613 pro
436 531 528 592 nihilo
553 533 714 592 ducebant:
745 543 776 592 et
795 531 1040 612 quemadmodum
1066 531 1168 592 vitium
1192 532 1280 592 aliud
1303 555 1341 594 ea

108 628 113 646 .
192 613 252 673 alio
276 611 419 682 nascitur,
459 609 514 668 boc
540 608 642 668 colore
668 608 808 670 sueabant
835 607 929 668 nrinus
956 620 1087 698 apertam
1113 609 1243 670 nominis
1272 607 1340 671 Dei

115 701 122 714 '
192 688 439 770 profanationem.
498 683 575 744 Huic
609 684 682 745 vitio
715 697 747 744 ut
785 696 920 746 occurrat
955 684 1104 758 bbristus,
1142 687 1339 766 pronuntiat,

192 766 314 827 omnino
346 783 407 820 non
438 781 500 821 esse
530 762 683 822 iurandum
709 762 756 821 rel
781 763 836 822 lroc
861 760 909 820 vel
937 761 989 822 illo
1009 763 1115 834 ntotlo,
1154 783 1255 842 neque
1278 785 1338 842 per

191 841 318 914 eoelum,
338 855 434 918 neque
446 858 501 916 per
511 850 629 912 terram,
650 850 705 898 etc.
731 839 820 898 Unde
837 837 1013 922 colligimus,
1028 839 1199 928 particulam
1210 844 1337 900 mero

190 939 253 980 uon
274 917 310 976 ad
327 914 533 987 substantiam,
561 915 612 975 sed
633 915 667 974 ad
689 915 811 975 l'ornram
833 913 952 976 referri:
973 916 1038 974 'acsr
1057 913 1190 990 dixisset,
1219 915 1335 996 Neque

190 995 314 1068 directe,
332 1013 430 1071 neque
450 989 600 1052 indirecte.
625 991 694 1052 Alio
719 992 746 1050 ui
766 1012 976 1071 supervacuum
990 1002 1053 1050 erat
1072 991 1185 1070 species
1197 991 1332 1053 istasre-

190 1089 325 1130 censere:
340 1088 493 1148 quareuua
506 1013 1103 1129 cuntrixandiirbrdrnecrassaminseitiam
1110 1067 1331 1148 Anabaptistae

188 1146 331 1228 produnt,
349 1145 417 1206 dum
428 1164 531 1205 vocem
543 1165 628 1204 unam
640 1163 758 1204 morose
770 1143 903 1226 urgendo
920 1155 1015 1202 totum
1025 1145 1169 1204 sermonis
1185 1156 1329 1206 tenorem

189 1223 293 1284 clausis
320 1221 411 1282 oculis
436 1233 634 1300 praetereunt.
677 1221 711 1281 si
734 1220 797 1300 quis
824 1220 971 1294 obiiciat,-
991 1220 1102 1279 nullum
1123 1219 1330 1284 iusiurandum

170 1303 206 1360 'a
233 1298 352 1358 Christo
379 1298 520 1377 permitti:
560 1298 745 1376 respondeo,
776 1317 810 1356 ex
835 1295 924 1378 Legis
951 1295 1119 1356 intentione
1145 1296 1258 1360 debere
1279 1297 1329 1358 in-

188 1375 251 1436 telli
275 1375 298 1448 i,
330 1375 410 1454 quod
438 1374 510 1434 dicit
535 1373 596 1433 eius
622 1375 778 1454 interpres.
808 1372 938 1440 ‚summa
959 1395 1032 1433 ero
1060 1375 1115 1432 buc
1135 1373 1228 1448 redit,
1262 1373 1328 1436 aliis

188 1474 239 1512 mo
271 1451 409 1510 sinistra
429 1451 491 1510 acci
516 1451 603 1510 iDei
628 1467 739 1510 nomen
785 1471 850 1508 uam
872 1393 1042 1530 peierando.
1087 1450 1162 1510 Ideo
1182 1450 1220 1512 ab
1242 1453 1328 1512 omni

187 1529 335 1610 superflua
355 1527 469 1586 iurandi
490 1471 608 1587 lieentia
629 1471 835 1588 abstinendum
855 1525 931 1588 esse:
972 1545 1040 1586 nam
1064 1526 1116 1586 ubi
1142 1525 1218 1586 iusta
1247 1529 1326 1590 ratio

187 1605 285 1690 cogit,
322 1604 382 1664 Lex
403 1621 464 1662 non
484 1603 575 1663 modo
596 1603 740 1682 permittit
767 1603 879 1678 iurare,
918 1601 970 1664 sed
991 1603 1098 1663 diserte
1119 1603 1207 1663 etiam
1227 1602 1324 1664 iubet.

187 1683 292 1762 Itaque
313 1680 385 1740 nihil
404 1678 461 1738 sibi
482 1679 557 1739 aliud
571 1679 820 1754 voluithristus,
841 1699 927 1760 quam
948 1679 1049 1741 illicita
1071 1700 1133 1739 esse
1154 1679 1322 1742 iuramenta

186 1759 303 1832 omnia,¹
318 1777 392 1836 quae
413 1776 524 1814 sacrum
539 1756 597 1815 Dei
619 1776 728 1816 nomen
748 1756 840 1818 abusu
860 1756 959 1836 aliquo
981 1757 1150 1837 profanant,
1170 1755 1253 1818 euius
1274 1780 1323 1818 re-

186 1833 337 1895 verentiae
355 1831 464 1893 servire
485 1832 656 1892 debuerant.
694 1833 797 1914 Neque
813 1855 868 1908 per
884 1833 994 1894 costum
1012 1845 1064 1894 cto.
1092 1832 1251 1894 Falluutur
1270 1835 1322 1914 qui

186 1921 353 1991 exponunt,
382 1907 433 1968 bas
452 1908 566 1968 iurandi
588 1909 696 1969 formas
715 1931 731 1970 a
754 1910 874 1974 Christo
894 1909 1005 1994 corrigi
1026 1908 1106 2001 quasi
1125 1908 1262 1986 vitiosas,
1283 1933 1321 1972 eo

119 2052 121 2064 ‚
186 1987 267 2068 quod
288 2006 341 2076 per
359 1984 453 2044 solum
467 1984 565 2044 Deum
585 1985 738 2046 iurandum
758 1987 803 2046 sit
831 1985 971 2048 Rationes
992 2005 1079 2060 euim,
1101 2007 1171 2065 quas
1189 1987 1321 2063 adducit,

185 2063 278 2146 magis
297 2083 328 2122 ιιι
348 2062 524 2121 contrariam
544 2074 657 2142 partem
679 2062 835 2138 inclinant,
876 2062 956 2143 quod
976 2062 1089 2124 scilicet
1108 2074 1177 2122 tunc
1198 2083 1320 2144 quoque

185 2141 299 2202 iuretur
318 2159 372 2220 per
392 2157 501 2200 nomen
522 2138 596 2213 Dei,
625 2161 714 2218 quum
735 2139 852 2200 coelunt
872 2151 904 2200 et
921 2151 1000 2200 terra
1021 2138 1223 2200 nominantur:
1252 2141 1320 2220 quia

183 2217 263 2277 nulla
285 2227 330 2276 est
349 2236 415 2295 pars
436 2215 553 2290 mundi,
584 2217 630 2276 eui
650 2215 732 2276 Deus
752 2237 814 2278 non
833 2215 1021 2297 insculpserit
1039 2215 1153 2298 gloriae
1171 2236 1241 2276 suae
1261 2240 1319 2278 no-

183 2305 253 2354 tarn.
292 2291 419 2352 Videtur
448 2303 547 2351 tamen
580 2292 652 2352 baec
681 2294 828 2352 sententia
858 2313 919 2352 ιιοιι
950 2311 1117 2384 congruere
1142 2313 1208 2353 eum
1227 2293 1318 2377 Legis

183 2381 359 2451 praecepto,
390 2367 441 2428 ubi
460 2369 542 2429 Deus
562 2390 616 2449 per
635 2389 745 2430 nomen
764 2391 848 2430 suum
867 2367 964 2430 iurare
985 2371 1094 2430 diserte
1117 2367 1216 2428 iubet:
1247 2370 1317 2431 item

109 2483 116 2490 ·
183 2469 249 2508 curn
267 2459 315 2507 tot
333 2445 504 2526 scripturae
523 2445 607 2520 locis,
626 2445 678 2504 ubi
697 2446 904 2524 conqueritur,
923 2446 1058 2506 iniuriam
1077 2443 1133 2508 sibi
1154 2444 1219 2506 beri
1240 2468 1317 2526 quo-

182 2526 237 2586 ties
264 2524 375 2584 iuratur
398 2543 454 2602 per
478 2533 635 2583 creaturas.
679 2523 875 2602 Respondeo,
905 2523 1102 2602 corruptelam
1129 2541 1191 2581 esse
1217 2521 1315 2584 idolo·

182 2601 285 2663 latriae
305 2599 440 2674 affinem,
460 2619 548 2679 quum
569 2599 616 2658 vel
636 2599 735 2659 iudicii
778 2610 902 2674 otestas,
921 2599 967 2660 vel
987 2597 1150 2659 testimonii
1168 2599 1315 2678 probandi

181 2678 339 2740 auctoritas
366 2675 422 2736 illis
448 2673 593 2736 defertur:
632 2698 644 2736 s
669 2619 808 2736 ectandus
834 2687 880 2735 est
903 2675 982 2736 enirn
1008 2675 1070 2754 ipse
1098 2675 1213 2736 iurandi
1239 2677 1315 2752 finis,

181 2757 263 2848 quod
281 2751 394 2816 scilicet
412 2751 545 2812 homines
565 2697 718 2832 appednnt
730 2751 827 2811 Deum
848 2752 990 2832 perfidiae
1010 2751 1137 2814 ultorem
1158 2763 1188 2811 et
1206 2753 1314 2814 uerita-

180 2846 218 2894 ιιι·
238 2829 411 2912 praesidem.
451 2829 507 2887 Hic
527 2827 626 2886 bonor
646 2827 704 2886 alio
725 2828 876 2889 transferri
896 2829 1010 2908 nequit,
1030 2829 1100 2910 quin
1114 2828 1313 2892 violetureius

179 2907 322 2968 maiestas.
362 2905 426 2963 Hac
450 2903 566 2963 ratione
598 2903 669 2964 dicit
693 2905 871 2985 Apostolus,
897 2925 958 2965 ιιοιι
983 2906 1040 2972 rite
1065 2905 1154 2966 iurari
1177 2905 1235 2966 uisi
1259 2927 1314 2986 per

180 2986 338 3056 maiorem,
368 2990 400 3040 et
419 2979 475 3039 boe
493 2978 550 3040 soli
570 2980 638 3041 Deo
660 3001 721 3042 esse
762 2983 909 3062 roprium,
935 2994 968 3041 ut
988 3003 1042 3060 per
1060 3002 1091 3042 se
1111 2982 1206 3062 ipsum
1227 2983 1311 3044 iuret.

180 3063 225 3120 Ita
246 3057 376 3139 quisquis
397 3055 467 3115 olim
488 3077 543 3136 per
560 3057 682 3118 lllolocb
710 2999 761 3124 sel
784 3079 838 3138 per
856 3058 935 3118 aliud
954 3057 1065 3118 idolum
1086 3058 1216 3134 iurabat,
1245 3072 1310 3120 tan-

179 3137 301 3196 tundem
321 3132 472 3192 minuebat
492 3154 525 3193 ex
545 3133 607 3194 iure
628 3135 701 3208 Dei,
733 3137 813 3225 quod
839 3136 926 3195 alium
951 3134 1014 3194 eius
1034 3134 1103 3196 loco
1123 3134 1312 3196 substitueret

179 3211 313 3274 cordium
333 3209 519 3292 cognitorem
541 3211 716 3272 etiudicem
736 3233 766 3271 ιιι
787 3212 905 3272 animas.
944 3213 984 3270 Et
1003 3211 1093 3272 bodie
1113 3211 1163 3302 qui
1183 3233 1239 3291 per
1258 3225 1309 3274 ab·

179 3289 263 3372 gelos
283 3287 331 3348 vel
350 3297 466 3346 sanctos
487 3299 619 3348 mortuos
639 3288 752 3364 iurant,
779 3289 907 3369 spoliato
928 3287 996 3347 Deo
1017 3287 1104 3348 inane
1124 3287 1181 3352 rllis
1202 3310 1309 3350 numen

178 3365 335 3446 affingunt.
372 3363 496 3424 Diversa
517 3375 613 3424 autem
633 3365 709 3426 ratio
736 3375 793 3438 est,
824 3386 912 3444 quum
938 3385 992 3444 per
1016 3364 1131 3426 eoelum
1153 3375 1184 3425 et
1204 3377 1308 3426 terram

179 3441 290 3500 iuratur
316 3437 404 3520 ipsius
431 3440 544 3520 opilicis
570 3441 686 3501 intuitu.
730 3441 835 3521 Neque
859 3440 940 3501 enim
965 3445 995 3499 in
1021 3441 1161 3502 creaturis
1180 3441 1309 3505 subsistit

110 3579 115 3586 ,
178 3517 363 3578 iurisiurandi
383 3516 501 3599 religio,
521 3519 573 3578 sed
592 3519 673 3580 Deus
693 3519 755 3598 ipse
776 3518 854 3578 solus
874 3517 1035 3577 advocatur
1053 3517 1083 3576 iu
1103 3529 1219 3593 testem,
1238 3541 1307 3602 pro-

179 3595 272 3655 ductis
293 3594 323 3654 in
343 3594 472 3653 medium
491 3595 605 3676 gloriae
630 3596 691 3656 eius
716 3593 866 3686 symbolis.
906 3594 1002 3654 Porro
1027 3595 1138 3655 coelum
1157 3595 1305 3676 Scriptura

162 3669 235 3732 'Dei
255 3671 358 3735 solidor
380 3681 481 3744 votat,
514 3692 575 3730 non
595 3671 757 3750 quod-illic
776 3671 814 3730 sit
832 3671 974 3744 inclusus,
998 3672 1050 3732 sed
1070 3683 1103 3732 ut
1121 3671 1235 3732 discant
1253 3673 1306 3734 bo-

176 3751 269 3809 mincs
294 3769 408 3810 sursum
432 3758 545 3807 ruentes
570 3748 721 3824 attollere,
760 3747 876 3829 quoties
903 3747 939 3808 de
970 3747 1034 3831 ipso
1065 3748 1215 3832 cogitant,
1253 3771 1305 3812 nec
1367 3805 1368 3810 ,

176 3826 330 3906 quicquam
356 3837 506 3885 terrenum
530 3823 577 3882 vel
602 3825 711 3886 humile
737 3825 773 3885 de
798 3824 863 3904 ipso
889 3825 1095 3908 imaginentur.
1139 3825 1205 3887 Imo
1229 3842 1306 3887 terro
1367 3841 1368 3846 ’

175 3903 333 3964 scabellum
354 3900 462 3992 pedum
482 3900 544 3959 eius
564 3901 632 3960 ideo
652 3913 791 3976 vocatur,
811 3912 844 3960 ut
862 3903 985 3964 sciamus
1004 3904 1098 3984 ipsum
1118 3902 1230 3982 ubique
1250 3904 1303 3964 dii-

176 3978 270 4040 iusrun
290 3978 383 4038 nullts'
399 3976 533 4036 lotorum
552 3977 652 4056 spatiis
668 3978 743 4056 capi.
782 3977 1005 4057 Hierosolymaa
1023 3979 1160 4040 sanctitas
1182 3999 1219 4070 ιιιΙ
1235 4001 1303 4060 pro·
1366 4013 1367 4062 3

174 4057 313 4114 missione
328 4053 492 4189 pendebat.
531 4053 641 4114 Sancta
661 4075 734 4145 ergo
756 4055 824 4128 suit,
854 4058 934 4147 quod
960 4077 1023 4116 earn
1042 4057 1190 4116 Dominus
1210 4079 1240 4116 ιιι
1259 4079 1302 4118 se-

176 4134 242 4192 dem
268 4151 301 4190 ac
349 4131 506 4190 omiciliunr
532 4130 663 4212 elegerat
688 4154 732 4190 sur
757 4132 880 4221 imperis.
921 4133 1021 4207 Quum
1048 4134 1146 4194 iurant
1173 4133 1301 4194 homines

175 4229 230 4288 per
247 4221 334 4280 cupra
353 4229 451 4279 suurn,
470 4207 558 4265 vitam
579 4229 668 4282 suant,
689 4229 762 4288 quae
782 4229 825 4268 sur
851 4211 931 4270 ulare
951 4223 996 4272 est
1014 4211 1071 4269 Dei
1092 4213 1220 4286 donum,
1239 4225 1301 4270 tau-

176 4304 261 4362 quant
283 4285 379 4342 bonae
400 4284 466 4343 fidei
489 4283 593 4364 pignus
613 4285 643 4344 in
666 4287 790 4345 medium
812 4229 967 4346 adducunt.

250 4365 296 4424 37.
337 4357 400 4422 Sed
415 4365 468 4420 erit
486 4383 579 4424 serum
597 4377 693 4422 vmters
733 4363 793 4423 lant
816 4361 949 4426 Christus
969 4365 1099 4427 secundo
1119 4363 1188 4426 loco
1208 4385 1298 4428 reme·
1365 4419 1366 4435 ,
