2778 4838
255 155 262 166 ·
368 218 450 296 (lab
490 214 578 292 Quae
596 215 749 278 huminem
767 210 950 297 inquinant)
1077 269 1085 284 ,
1195 221 1236 286 ω

728 323 734 358 t

64 368 103 505 alb
124 365 177 459 ille
194 365 306 452 gratim
325 385 384 450 quq
400 367 483 432 Deus
502 389 558 432 nos
576 368 634 432 sibi
653 382 812 452 antequam
832 368 925 432 creati
942 387 1082 444 esstmm,
1100 368 1133 427 in
1152 367 1231 430 filios
1284 357 1287 365 Δ

65 467 82 508 e
149 456 170 504 l.

96 465 191 587 egiss·
234 518 361 582 omittite
382 524 470 598 ipson
508 521 653 606 indignos
677 543 741 586 esse
758 522 948 604 pronuntiat,
982 541 1111 614 quorum
1128 517 1233 584 haberi

65 597 177 661 debeat
195 597 289 660 ratio:
313 597 414 679 itaque
434 619 497 660 nnn
517 619 594 674 esse,
623 621 676 663 cur
694 621 751 662 nos
771 619 874 664 eorum
893 597 1023 660 offensio
1043 597 1130 660 nimis
1150 619 1233 662 com-

64 687 194 736 moveat.
234 673 313 735 Hinc
333 687 448 757 sumpta
467 675 525 738 fuit
542 677 611 740 trita
632 677 680 738 illa
700 679 738 739 de
757 675 902 740 scandalis
927 673 1052 736 vitandis
1072 673 1235 752 distinctio,

65 752 148 832 quod
170 751 334 812 carendum
352 753 401 830 sit,
420 773 460 813 ue
470 752 591 815 infirmis
604 754 691 814 detur
702 753 884 816 scandalum:
903 752 929 814 si
948 753 1012 832 quis
1030 769 1103 812 vero
1125 765 1233 814 contu-

65 849 129 889 mar
148 839 183 890 et
201 827 348 912 malignus
367 831 535 892 scandalum
555 831 690 914 accipiat,
710 852 773 892 non
793 850 856 892 esse
876 829 1047 890 curandum.
1083 827 1233 894 Christum

66 904 163 981 enim,
204 903 256 984 qui
275 917 361 988 petra
380 918 426 967 est
443 908 588 982 scandali,
626 895 746 990 se'peliri
769 921 891 971 necesse
914 907 1010 981 foret,
1048 905 1073 966 si
1091 905 1234 968 vellemus

65 981 199 1043 omnium
219 981 403 1061 pervicaciae
421 985 599 1046 satisfacere.
635 987 719 1070 Ergo
735 986 813 1046 inter
829 984 973 1058 infirmos,
993 983 1044 1063 qni
1063 982 1235 1063 ignorantia

65 1058 179 1118 offensi
199 1079 268 1120 mox
286 1059 415 1120 reddunt
432 1081 464 1122 se
483 1060 639 1138 sanabiles,
659 1074 692 1124 et
708 1061 855 1144 superbos
867 1071 898 1122 et
908 1079 1057 1134 morosos,
1077 1060 1127 1139 qni
1146 1081 1234 1122 scan-

66 1134 131 1196 dala
151 1133 209 1195 sibi
229 1141 394 1214 arcessunt,
413 1137 581 1200 discernere
600 1156 712 1222 operae
731 1138 859 1220 pretium
878 1149 938 1212 est,
957 1155 996 1198 ne
1016 1136 1081 1216 quis
1100 1136 1234 1200 infirmus

65 1223 169 1272 nostra
188 1211 276 1292 culpa
294 1213 440 1275 turbetur.
480 1215 641 1277 Caeterum
657 1215 712 1276 ubi
730 1214 801 1276 mali
820 1213 1036 1274 contumaciter
1054 1213 1094 1272 im
1118 1213 1235 1296 ingene,

67 1309 123 1369 per
140 1289 254 1349 medias
273 1289 458 1352 offensiones
478 1311 581 1354 secure
600 1311 771 1376 pergamus:
790 1311 859 1350 nam
880 1291 931 1370 qui
950 1289 1073 1352 infirmis
1093 1236 1234 1352 fratribus

68 1387 132 1426 uon
154 1364 260 1446 parcit,
280 1367 363 1446 quasi
382 1368 507 1448 pedibus
528 1369 694 1446 eoscalcat,
714 1367 821 1449 quibus
840 1364 976 1427 iubemur
994 1385 1114 1426 manum
1133 1367 1234 1447 porri-

65 1461 150 1524 gere.
189 1441 273 1504 llllos
292 1464 365 1505 vero
392 1465 496 1505 curare
520 1445 641 1506 minime
667 1455 900 1508 consentaneum
926 1454 1017 1518 esset,
1049 1463 1176 1522 quorum
1201 1442 1234 1502 in

67 1517 205 1578 scandula
225 1518 357 1579 incidere
376 1541 497 1582 necesse
518 1533 578 1596 est,
595 1521 621 1584 si
639 1535 751 1583 rectam
769 1521 846 1582 viam
865 1531 969 1580 tenere
989 1540 1025 1579 cu
1048 1519 1131 1580 imus.
1168 1518 1235 1580 De-

64 1593 137 1654 inde
156 1593 209 1655 ubi
229 1595 404 1657 offendiculi
423 1609 575 1678 praetextu
595 1619 673 1659 cosa
687 1598 807 1660 Christo
818 1595 941 1656 alienari
961 1607 993 1656 et
1033 1597 1139 1657 eficere
1159 1615 1234 1657 con·

64 1671 188 1752 tigeritq
213 1671 330 1732 sinendi
355 1686 439 1750 sunt,
469 1695 508 1735 ne
532 1695 631 1737 secum
660 1696 716 1737 nos
744 1673 903 1754 abripiant.
921 1707 926 1714 ·
946 1671 1047 1734 Duces
1068 1686 1137 1732 suut
1158 1675 1238 1733 coxi

62 1767 224 1810 coecorum.
262 1747 419 1830 Significat
439 1749 584 1827 Christus,
602 1751 708 1816 misere
725 1750 877 1832 perituros
897 1749 1067 1840 quicunque
1087 1749 1144 1810 huc
1163 1747 1235 1812 illuc

63 1845 97 1884 se
114 1825 272 1884 inflecteut
290 1825 327 1886 ad
346 1825 464 1888 illorum
485 1825 654 1888 arbitrium:
692 1847 761 1888 uam
803 1847 872 1887 unm
898 1845 930 1885 m
950 1825 1038 1906 plana
1056 1825 1103 1890 ria
1123 1825 1234 1907 impin-

63 1911 147 2040 gauq
167 1902 238 1962 hinc
258 1913 384 1979 constat,
401 1913 510 1984 sponte
523 1924 583 1986 ,eos
601 1904 762 1968 coecutirc.
821 1923 880 1965 unc
920 1923 1040 1964 numum
1058 1921 1090 1964 se
1110 1901 1168 1966 illis
1184 1923 1235 1964 re·

88 1999 123 2038 eu
145 1999 196 2038 um
221 1979 373 2059 quisquam
397 1981 602 2072 permitteret,
638 1981 696 2043 nisi
721 1982 808 2042 utin
834 1923 959 2041 eandem
984 1981 1071 2042 cadat
1095 1978 1234 2042 foveam?

95 2055 201 2116 hristus
222 2067 334 2131 autem,
355 2078 406 2136 qut
424 2057 470 2118 sol
490 2057 619 2120 iustitiae
639 2057 727 2120 nobis
747 2057 862 2132 illuxit,
880 2079 937 2118 nec
956 2055 1053 2118 solum
1074 2055 1235 2140 Evangelii

63 2132 108 2192 sui
129 2130 196 2192 face
216 2132 304 2192 nobis
323 2132 400 2196 riam
423 2147 585 2210 monstrat,
623 2135 676 2196 secl
702 2136 827 2196 eandem
846 2155 865 2194 a
884 2133 973 2194 nobis
996 2133 1060 2196 vult
1078 2132 1234 2212 praeferri,

64 2209 173 2268 merito
194 2208 231 2271 ab
251 2209 302 2270 illa
322 2211 459 2272 socordia
479 2210 639 2302 discipulos
658 2223 795 2287 revocat,
817 2231 857 2271 ne
877 2211 908 2270 iu
928 2229 1088 2270 coecorum
1107 2210 1233 2346 gratiam

68 2286 148 2365 quasi
168 2285 200 2346 in
220 2284 354 2350 tenebris
374 2299 483 2348 errent.
522 2289 602 2348 Hinc
622 2289 710 2349 etiam
730 2287 912 2370 colligimus,
937 2285 1105 2346 inexcusabi
1119 2307 1150 2346 es
1169 2305 1235 2348 esse

67 2383 170 2444 omues
201 2363 252 2442 qui
282 2363 477 2444 simplicitatis
509 2376 561 2424 aut
589 2365 751 2426 modestiae
782 2374 936 2455 praetextu
967 2361 1113 2424 fallendos
1142 2383 1173 2423 se
1199 2383 1234 2424 ac
1267 2411 1277 2434 ,

66 2437 218 2500 erroribus
243 2440 448 2520 illaqueandos
470 2443 601 2501 tradunt.
663 2441 758 2502 Lucas
784 2461 816 2499 ιιι
841 2439 895 2500 hac
915 2438 1063 2500 sententia
1081 2437 1234 2500 recitanda

64 2517 177 2576 nubum
198 2516 446 2579 circumstantiam
465 2528 561 2593 notat,
579 2517 633 2578 scd
675 2516 835 2580 eneraliter
846 2515 928 2590 dicit,
949 2513 1099 2575 Christum
1119 2516 1173 2576 hac
1192 2515 1234 2575 si-

63 2593 233 2654 militudine
252 2615 336 2655 usum
362 2595 466 2670 luisse,
494 2593 579 2654 sicuti
604 2539 713 2656 multos
739 2591 850 2654 Christi
875 2610 1028 2652 sermones
1052 2611 1234 2652 commemo·

63 2691 143 2745 rans,
185 2691 305 2732 uorsum
325 2671 418 2731 babiti
438 2671 559 2747 fuerint,
579 2671 716 2755 subticet.
754 2669 861 2732 Potest
881 2668 1000 2749 quidem
1020 2666 1097 2742 fieri,
1115 2679 1150 2726 ut
1168 2687 1234 2728 sae-

62 2748 128 2828 pius
155 2691 233 2806 ilem
259 2747 316 2808 hoc
338 2748 472 2809 Christus
497 2747 616 2809 dixerit:
657 2767 715 2830 ego
741 2757 842 2808 tamen
872 2746 957 2826 (quia
976 2743 1059 2806 locus
1078 2741 1150 2804 alibi
1169 2764 1234 2805 non

62 2835 128 2960 erqt
147 2824 263 2958 apitius>
283 2823 340 2886 huc
358 2825 490 2888 inserere
510 2845 574 2886 non
589 2823 731 2901 dubitavi,
752 2823 833 2906 quod
852 2835 990 2904 tempore
1009 2841 1072 2883 non
1094 2835 1240 2903 expresso·

63 2922 96 2962 re
110 2912 159 2960 ert
204 2921 281 2960 ucas.

141 2983 189 3042 1⁵.
218 2975 410 3054 Respnndasn
428 2979 533 3040 Petrus
551 2975 639 3040 dixit.
680 2977 761 3053 Quia
782 2975 917 3058 discipuli
937 2976 1057 3037 nimiam
1076 2974 1235 3036 ruditatem

64 3053 209 3134 produnt,
229 3058 338 3116 merito
358 3077 410 3118 eos
431 3057 554 3138 castigat
574 3055 719 3132 Christus,
740 3066 771 3115 et
791 3053 951 3135 exprobrat
971 3051 1053 3134 quod
1072 3052 1168 3114 adhuc
1186 3053 1235 3112 in-

63 3129 234 3210 telligentia
254 3145 503 3270 careantbneque
522 3145 620 3194 umen
641 3131 698 3193 illis
718 3133 872 3194 doctorem
893 3141 1096 3212 repraestare
1117 3127 1234 3192 desinit.

64 3207 159 3282 Quod
180 3209 354 3270 nominatim
401 3222 466 3272 etro
486 3211 652 3270 Matthaeus
670 3209 798 3284 tribuit,
822 3209 939 3270 Marcus
960 3208 1067 3268 eodem
1086 3227 1174 3268 sensu
1193 3206 1232 3268 ab

64 3281 205 3344 omnibus
225 3287 389 3364 quaesitum
415 3287 504 3348 luisse
528 3287 639 3360 refert,
669 3285 758 3366 idque
783 3295 867 3365 patet
890 3305 925 3345 ex
943 3283 1058 3345 Christi
1077 3306 1125 3346 res
1148 3305 1235 3360 onso,

64 3359 118 3420 ubi
138 3380 201 3420 non
212 3361 274 3421 sola
286 3362 368 3424 Petri
386 3363 564 3444 ignorantia,
583 3363 635 3423 scd
647 3362 778 3424 omnium
791 3361 903 3442 pariter
913 3361 1092 3444 coarguitur.
1138 3381 1234 3420 omma

64 3449 164 3498 auten
187 3450 248 3512 cst,
268 3439 340 3500 cibis
361 3461 422 3500 non
465 3439 537 3500 ollui
556 3440 706 3514 homines,
728 3439 780 3500 sed
799 3440 902 3501 sordes
920 3439 1061 3499 vitiorum
1082 3439 1160 3497 intus
1179 3439 1233 3496 ha·

63 3515 140 3574 bere
160 3514 295 3589 inclusas,
316 3537 390 3596 quac
411 3461 507 3599 palam
527 3516 558 3575 in
580 3537 671 3597 opera
691 3526 855 3596 emergunt.
895 3515 1013 3651 Siquis
1034 3512 1166 3588 obiiciat,
1186 3513 1234 3571 in·

63 3591 240 3670 temperiem
260 3593 353 3653 victus
374 3595 629 3674 inquinamentum
650 3613 729 3668 esse,
759 3591 845 3652 facile
867 3603 911 3653 est
929 3613 962 3653 so
976 3591 1055 3668 ntio,
1082 3588 1233 3650 Christum

63 3688 128 3727 non
149 3689 238 3750 agere
258 3669 316 3729 nisi
334 3669 371 3731 de
392 3671 492 3732 nativo
513 3684 545 3730 et
563 3670 592 3730 le
615 3669 697 3729 itimo
718 3689 818 3729 earum
836 3689 936 3730 rerum
955 3689 1025 3743 usu,
1056 3685 1126 3758 quas
1145 3663 1234 3724 nobis

63 3744 211 3806 Dominus
229 3746 363 3808 subiecit
402 3748 500 3808 Edere
521 3759 552 3807 et
571 3689 674 3808 biberit
694 3744 788 3807 libera
808 3765 862 3826 per
888 3765 920 3806 se
940 3756 971 3806 et
989 3744 1086 3804 media
1105 3761 1153 3802 res
1173 3750 1232 3802 est:

64 3821 88 3880 si
109 3823 181 3902 quid
201 3823 316 3884 accedit
335 3824 539 3904 corruptelae,
569 3823 606 3884 ab
628 3824 694 3961 ipso
715 3822 836 3884 homine
857 3822 971 3898 oritur,
989 3820 1119 3900 ideoque
1140 3817 1234 3878 inten-

64 3919 135 3958 num
157 3899 281 3974 censeri,
298 3921 364 3960 non
385 3901 577 3961 extrinsecum
598 3901 634 3964 de
658 3909 697 3960 et.

141 3985 190 4042 19.
228 3977 285 4039 Es
303 3975 392 4038 eorde
408 3991 526 4040 meum.
564 3977 643 4038 llinc
663 3975 830 4060 colligimus
849 3973 931 4056 quod
951 3973 1103 4048 admonui,
1121 3991 1233 4035 nomen

59 4055 126 4112 oris
153 4074 211 4133 pro
239 4053 298 4116 loci
324 4055 486 4135 praesentis
513 4055 730 4116 circumstantia
753 4053 843 4114 fuisse
870 4052 950 4132 prius
971 4071 988 4114 a
1010 4049 1131 4110 Christo
1151 4051 1234 4131 posi-

64 4140 142 4190 tum:
165 4150 245 4192 nunc
266 4131 343 4192 cuim
363 4153 426 4194 non
447 4129 480 4192 bt
501 4132 561 4193 oris
581 4132 711 4207 mentio,
734 4131 787 4191 sed
805 4139 921 4190 tantum
940 4149 975 4188 er
995 4127 1087 4190 corde
1107 4128 1235 4188 hominis

65 4227 187 4266 manare
208 4206 316 4268 dicitur
334 4209 474 4289 quicquid
494 4207 633 4268 vitiosum
653 4219 713 4282 est,
733 4217 765 4268 et
782 4202 840 4266 suis
860 4205 996 4267 sordibus
1016 4203 1161 4286 inquinat
1197 4207 1234 4264 In

64 4283 124 4344 hoc
146 4283 285 4354 differta
304 4285 457 4346 lllatthaeo
477 4285 610 4358 Marcus,
629 4287 709 4364 quod
730 4284 815 4365 plura
833 4281 905 4344 vitia
925 4293 1095 4359 enumerat,
1114 4295 1147 4344 nt
1166 4291 1235 4342 sunt

59 4357 224 4436 libidines,
242 4359 290 4426 vel
310 4363 485 4446 cupiditates
504 4361 625 4426 nimiae:
647 4381 719 4442 quas
737 4359 786 4427 atii
805 4359 941 4430 avarities
959 4359 1156 4436 undenus,
1175 4377 1235 4444 ego
