2764 4854
202 238 210 254 ⁸
280 239 449 316 (221-Ἇῖ·
489 235 623 300 Christus
643 234 677 298 in
694 235 810 298 coelum
830 238 1009 317 assumitur.)
1170 245 1231 310 413

67 388 214 450 stolorum
234 408 387 452 successor
406 407 470 452 esse
489 401 598 471 potest,
617 387 674 449 nisi
695 389 746 468 qui
764 410 844 450 suam
861 391 892 450 in
906 389 1063 472 Evangelii
1081 393 1235 472 praedica-

66 463 151 526 tione
172 484 293 546 operam
306 465 426 527 Christo
440 465 595 548 impendit.
625 465 766 546 Denique
776 465 905 546 quisquis
916 467 1047 530 doctoris
1060 481 1156 548 partes
1171 487 1234 532 non

69 540 192 622 implet,
218 562 256 622 pe
295 561 374 602 eram
400 563 512 604 nomen
531 541 671 622 Apostoli
692 542 846 603 mentitur:
871 543 933 603 imo
953 543 1011 605 hoc
1030 542 1109 605 Novi
1128 543 1234 607 Testa-

67 618 163 678 menti
181 562 379 694 saceidotium
401 629 454 694 est,
474 617 617 712 spirituali
637 615 720 680 verbi
735 618 836 702 gladio
855 619 990 680 homines
1011 620 1041 680 in
1058 617 1232 682 sacrificium

67 693 137 755 Deo
148 707 285 756 mactare.
309 692 399 757 Unde
414 708 556 774 sequitur,
576 695 739 778 degeneres
759 711 822 756 esse
841 705 872 756 et
890 697 1114 758 commenticios
1130 719 1233 759 omnes

67 770 228 844 sacrificos,
247 771 296 850 qui
317 791 379 830 non
400 772 524 833 suntad
544 771 671 834 docendi
691 771 822 834 officium
848 771 965 834 intenti.
1001 771 1111 834 Docere
1134 796 1232 836 omnes

63 861 172 924 gentes.
212 847 269 908 llic
290 845 425 908 Christus
448 847 567 910 sublato
592 845 758 910 discrimine
779 847 893 910 Gentes
918 862 1024 930 aequet
1042 849 1176 926 Iudaeis,
1201 861 1233 912 et

67 936 210 1003 utrosque
231 920 397 1004 promiscue
408 923 439 983 in
451 921 580 987 foederis
598 924 771 986 societatem
791 923 927 986 admittit.
967 925 1039 1002 Quo
1060 925 1232 1010 etiamper-

67 1001 146 1062 tinet
168 999 297 1062 mundi
321 999 460 1062 verbum:
485 1021 553 1062 nam
578 1000 736 1081 Prophetis
761 1001 816 1063 sub
841 1001 924 1085 Lege
945 999 1123 1094 praescripti
1146 1011 1234 1084 erant

67 1077 197 1138 Iudaeae
217 1075 338 1152 limites,
355 1097 436 1138 nunc
455 1097 526 1152 sero
537 1077 633 1138 diruta
643 1075 779 1154 maceria,
798 1077 954 1161 Evangelia
969 1077 1117 1140 ministros
1127 1079 1234 1160 procul

9 1192 14 1204 ·
68 1154 149 1214 exire
175 1153 259 1214 iubet
277 1153 425 1215 Dominus
445 1152 482 1228 ed
501 1155 697 1236 spargendam
716 1175 771 1236 per
791 1175 894 1216 omnes
913 1155 1016 1218 mrrndi
1034 1155 1135 1240 plagas
1154 1155 1232 1218 salu-

65 1230 105 1291 tis
125 1229 299 1290 doctrinam.
339 1229 479 1322 Quamvis
509 1231 587 1290 enim
607 1233 657 1310 (ut
676 1251 773 1311 nuper
791 1231 844 1292 atti
868 1231 956 1310 mus)
980 1231 1234 1314 primogeniturae

67 1305 196 1388 dignitas
222 1305 302 1368 inter
346 1328 419 1367 rima
445 1307 564 1370 exordia
583 1307 724 1368 manserit
742 1307 820 1388 apud
857 1308 981 1382 udaeos,
1001 1307 1165 1370 communis
1185 1321 1232 1370 ta-

66 1403 136 1443 men
152 1381 301 1444 Gentibus
321 1327 473 1445 lutericus
492 1382 666 1444 haereditas.
705 1382 756 1446 Sic
775 1381 930 1466 impletum
952 1384 1010 1444 luit
1028 1383 1102 1446 illud
1120 1385 1234 1446 Iesaiae

65 1459 236 1520 vaticinium
256 1466 320 1551 (49,
339 1461 383 1541 6.)
403 1481 469 1520 cum
487 1457 641 1534 similibus,
660 1461 760 1522 datum
781 1481 843 1524 esse
860 1459 1010 1522 Christum
1031 1461 1181 1523 Gentibus
1201 1463 1232 1522 in

66 1535 182 1612 lucem,
199 1547 233 1596 ut
251 1547 289 1596 sit
307 1536 382 1598 salus
396 1535 462 1596 'Dei
481 1556 573 1617 nsque
600 1537 637 1598 ad
662 1547 821 1598 extremum
848 1549 955 1599 terrae.
994 1537 1029 1600 Id
1048 1539 1164 1600 Marcus
1184 1537 1232 1598 iu-

66 1611 176 1694 telligit
195 1631 249 1692 per
269 1631 387 1673 omnem
408 1623 586 1674 creaturam:
607 1613 675 1693 quia
694 1627 850 1694 postquam
872 1613 1040 1676 domesticis
1059 1613 1233 1676 annuntiata

64 1689 125 1750 luit
143 1709 214 1769 pax,
234 1689 271 1749 ad
298 1689 477 1772 longinquus
503 1690 590 1751 etiam
610 1701 641 1749 et
660 1703 814 1752 extraneos
839 1691 918 1752 idem
943 1691 1062 1751 nuntius
1086 1693 1232 1774 pervenit.

66 1765 165 1826 Porro
185 1786 273 1846 quam
293 1785 413 1827 necesse
434 1765 533 1844 luerit,
551 1767 629 1828 clare
650 1767 767 1828 moneri
779 1766 943 1847 Apostolos
964 1767 1000 1827 de
1022 1767 1163 1828 Gentium
1178 1789 1232 1829 vo·

67 1841 203 1919 catione,
228 1841 299 1901 inde
318 1853 415 1925 patet,
461 1844 522 1905 uod
541 1844 627 1904 etiam
648 1855 716 1924 post
741 1855 894 1926 acceptum
917 1843 1103 1918 mandatum,
1127 1843 1163 1904 ad
1184 1865 1233 1906 cas

67 1917 211 1980 accedere
229 1917 286 1980 illis
312 1941 427 1982 summo
474 1919 570 1980 orrori
590 1917 665 1996 luit,
690 1919 748 1981 acsi
768 1941 799 1981 se
821 1933 851 1982 et
871 1920 1035 1982 doctrinam
1061 1919 1233 2000 polluerent

66 1996 150 2074 (Act.
169 2001 219 2070 10,
237 1997 311 2087 28).
349 1995 543 2072 Baptiaontes
561 2017 618 2057 eos.
656 1995 806 2078 Baptizari
825 1995 911 2058 urbes
929 1993 1080 2074 Christus,
1104 1997 1154 2078 qui
1172 2017 1233 2062 no-

66 2071 313 2154 menEvangeho
335 2073 481 2148 dederint,
499 2091 590 2153 seque
609 2074 737 2164 professi
757 2074 868 2134 luerint
888 2071 1063 2154 discipulos:
1084 2074 1233 2165 partimut

66 2147 124 2208 illis
143 2147 310 2230 Baptismus
329 2149 406 2212 vitae
433 2161 573 2210 aeternae
593 2161 631 2210 nt
650 2161 760 2210 tessera
786 2170 885 2211 coram
905 2149 992 2223 Deo,
1019 2161 1126 2230 parum
1153 2151 1233 2232 apud
1312 2213 1316 2222 ,

67 2223 201 2284 homines
221 2236 373 2286 externum
394 2227 463 2286 fidei
483 2225 608 2310 signum.
647 2225 765 2287 Scimus
785 2227 883 2300 cuim,
907 2225 1006 2286 Deum
1025 2223 1113 2288 nohis
1130 2225 1234 2287 testari
1284 2249 1290 2264 ·

67 2300 239 2380 adoptionis
264 2324 333 2376 suae
354 2302 477 2386 gratiam
498 2303 554 2363 hoc
574 2300 677 2384 signo,
702 2301 769 2382 quia
788 2321 845 2362 nos
864 2301 967 2362 inserlt
985 2299 1016 2360 in
1037 2321 1144 2382 corpus
1163 2299 1232 2363 Filii

66 2375 132 2452 sui,
150 2386 184 2435 ut
203 2395 258 2437 nos
275 2380 307 2438 in
326 2401 379 2462 gre
403 2399 419 2439 e
438 2379 647 2440 suo'censeat:
673 2377 741 2439 ideo
763 2390 794 2440 et
813 2377 966 2458 spirituale
992 2379 1133 2438 nostrum'
1150 2377 1230 2440 lara·

66 2471 166 2530 crum,
191 2473 251 2531 quo
277 2475 331 2517 nos
357 2400 412 2518 sibi
432 2453 621 2530 reconciliat,
645 2466 677 2515 et
695 2477 772 2516 nova
792 2455 900 2516 iustitia
921 2451 981 2516 illic
1005 2465 1231 2534 repraesentan-

65 2541 125 2591 tur.
165 2527 226 2590 Sed
247 2533 492 2610 quemadmodum
511 2531 634 2613 gratiam
653 2553 735 2592 suam
754 2531 836 2592 Deus
857 2532 914 2592 hoc
934 2529 1032 2622 sigillo
1053 2531 1141 2592 nohis
1158 2553 1232 2592 con·

63 2607 183 2680 firmat,
202 2606 242 2665 ita
283 2607 431 2688 uicunque
450 2629 481 2670 se
501 2610 537 2668 ad
559 2607 594 2668 ha
619 2608 734 2668 tismum
756 2609 898 2682 offerunt,
918 2607 1040 2670 vicissim
1061 2604 1143 2699 quasi
1164 2607 1232 2670 data

65 2682 235 2764 syngrapha
255 2629 447 2779 obstringunt
465 2707 545 2746 suam
571 2629 668 2744 fidem.
707 2683 805 2746 Porro
832 2705 922 2764 quum
941 2683 1095 2764 Apostolus
1121 2683 1233 2746 diserte

62 2778 124 2820 una
145 2779 211 2820 cum
230 2761 450 2840 praedicatione
461 2759 617 2844 Evangelii
629 2761 784 2822 mandatae
797 2761 856 2821 sint
876 2762 948 2822 istae
968 2771 1077 2854 partes,
1097 2761 1232 2842 sequitur

63 2855 130 2894 non
149 2835 222 2898 alios
242 2835 378 2928 baptismi
399 2838 547 2922 legitimos
568 2857 630 2900 esse
649 2837 810 2913 ministros,
830 2837 885 2898 nisi
906 2840 955 2918 qui
968 2837 1056 2897 sidem
1069 2835 1155 2898 simul
1176 2839 1231 2898 do·

64 2911 192 2973 ctrinam
220 2914 395 2974 ministrant.
436 2913 528 2990 Quod
556 2936 589 2974 er
610 2935 629 2976 ο
650 2914 768 2994 privatis
788 2911 974 2991 hominihus,
994 2913 1054 2974 imo
1075 2914 1164 2974 etiam
1186 2913 1230 2972 le-

64 2987 155 3049 minis
175 2989 314 3070 permissa
333 2991 390 3052 luit
409 2935 609 3073 baptizandii

63 3065 146 3132 rime
166 3078 397 3129 consentaneum
418 3089 448 3130 es
491 3067 562 3128 nihil
584 3067 662 3128 aliud
678 3068 733 3126 tuit
745 3087 830 3148 quam
840 3087 920 3129 mera
932 3067 1115 3148 profanatio.
1134 3066 1233 3142 Adde,

63 3162 157 3222 quum
176 3141 328 3204 doctrinae
349 3145 433 3226 prior
450 3079 537 3206 datur
556 3144 654 3220 locus,
673 3145 752 3204 inter
772 3146 829 3205 hoc
847 3144 1018 3226 mysterium
1039 3155 1070 3206 et
1089 3141 1232 3204 adulteri-

62 3239 122 3278 nos
135 3218 281 3294 Gentium
297 3219 381 3297 ritus,
401 3221 506 3302 quibus
525 3241 556 3282 se
577 3221 607 3280 in
627 3241 678 3282 sua
697 3242 777 3282 sacra
797 3221 924 3297 initiant,
943 3240 1044 3284 veruna
1063 3218 1151 3280 statui
1171 3221 1232 3280 dis-

64 3295 196 3358 crimen:
222 3297 307 3378 quia,
332 3298 429 3360 donec
447 3297 542 3359 verbo
561 3319 615 3360 suo
636 3308 774 3360 terrestre
794 3297 972 3359 elementum
990 3293 1073 3358 Deus
1093 3295 1233 3371 vivificet,

63 3371 156 3432 nohis
179 3385 395 3436 sacramentum
421 3395 484 3437 non
509 3373 646 3437 eflicitur.
684 3377 728 3450 Ut
747 3373 915 3455 superstitio
942 3375 1041 3434 omnia
1060 3373 1119 3434 Dei
1139 3392 1233 3453 opera

62 3460 258 3530 praepostere
279 3451 452 3529 aemulatur,
470 3451 552 3514 stulti
568 3452 700 3514 homines
720 3449 798 3512 varia
818 3462 998 3513 sacramenta
1009 3449 1157 3510 fabricant
1173 3467 1230 3528 pro
1272 3457 1278 3476 ‘

63 3546 122 3586 suo
142 3524 284 3602 arbitrio,
307 3527 359 3588 sed
380 3529 448 3609 qnia
468 3550 531 3591 non
551 3527 650 3590 subest
668 3528 808 3604 verbum,
827 3539 967 3608 tanquam
987 3526 1097 3600 anima,
1128 3524 1231 3614 inanes

63 3613 137 3664 sunt
156 3623 190 3663 ac
212 3601 338 3664 lusoriae
357 3605 489 3666 umbrae.
521 3605 624 3681 Quare
643 3616 808 3680 teneamus,
828 3604 979 3664 doctrinae
999 3603 1107 3664 virtute
1122 3599 1186 3660 ben
1198 3611 1233 3661 ut

63 3678 151 3760 signa
171 3693 278 3740 noram
298 3694 431 3744 naturam
451 3681 590 3744 induant:
615 3681 700 3744 sicuti
726 3693 844 3742 externa
865 3679 959 3740 carnis
984 3675 1059 3739 lotio
1079 3677 1234 3758 spirituale

63 3755 303 3838 regenerationis
324 3758 429 3850 pignus
450 3779 513 3820 esse
532 3759 646 3840 incipit,
666 3768 827 3843 praeeunte
841 3755 995 3837 Evangelii
1016 3753 1165 3814 doctrina:
1186 3764 1233 3814 at·
1263 3816 1265 3820 ,

65 3851 126 3911 que
146 3831 219 3894 haec
241 3851 371 3916 genuina
392 3847 435 3896 est
455 3835 656 3911 consecratio,
677 3837 706 3894 in
727 3834 809 3896 cuius
834 3833 933 3892 locum
958 3830 1090 3914 magicos
1117 3829 1233 3891 exorci-

63 3927 144 3970 smos
164 3907 292 3989 Papatus
311 3911 399 3973 nohis
418 3911 537 3974 invexit.
576 3913 649 3974 ldeo
674 3933 711 3974 ue
731 3910 809 3992 apud
821 3910 953 3970 Marcum
971 3908 1089 3982 dicitur,
1107 3909 1232 3988 quus-

63 3982 188 4060 udae,
212 4001 240 4046 et
264 3984 426 4066 baptismus
441 3993 551 4070 suerit.
593 3933 710 4066 Quibus
736 3987 839 4066 ,verbis
872 4006 934 4044 non
960 3984 1050 4044 mado
1071 4001 1160 4064 aspa
1185 4001 1233 4043 sa·

64 4061 136 4120 lutis
161 4063 288 4124 excludit
315 4065 449 4127 Christus
473 4067 658 4146 hypocritas,
684 4065 735 4202 spui
763 4065 820 4124 lide
850 4059 934 4121 vacui
964 4073 1087 4121 externo
1117 4071 1233 4120 tantum

64 4139 153 4220 signo
170 4137 268 4230 inflati
288 4153 370 4202 sunt:
391 4142 443 4204 sed
462 4163 546 4202 sacro
558 4141 677 4203 viuculo
968 4213 975 4228 ι

66 4215 125 4276 hoc
147 4215 221 4276 nihil
247 4217 326 4279 aliud
345 4220 382 4280 sit
402 4237 489 4300 quam
510 4217 588 4278 illius
608 4217 747 4279 accessio.
787 4215 897 4276 Verum
926 4235 994 4294 quta
1020 4215 1128 4274 docere
1153 4233 1234 4293 prius

65 4290 151 4353 iubet
172 4290 307 4354 Christus
334 4317 420 4375 quam
446 4292 616 4378 baptizare,
642 4307 673 4355 et
691 4304 805 4356 tantum
826 4293 980 4383 credentes
1001 4291 1036 4382 ad
1058 4288 1234 4370 baptismum

65 4366 132 4430 vult
151 4369 260 4449 recipi,
278 4371 394 4434 videtur
414 4391 475 4432 non
496 4371 551 4432 rite
573 4369 767 4433 administrari
787 4367 958 4448 baptismus,
977 4385 1034 4427 mss
1054 4365 1126 4427 fides
1147 4385 1234 4446 prae·

48 4463 51 4466 ’
92 4469 187 4516 &trini
200 4483 285 4519 mun.
300 4471 324 4516 la
337 4471 595 4522 terraemotu.
920 4510 924 4521 .
1002 4445 1042 4510 Ἠ

711 4141 843 4201 octrinae
852 4135 1035 4218 baptismum
1056 4131 1234 4230 copulatut

612 2991 732 3066 icontie,
753 2989 820 3072 quia
841 2991 953 3054 Christi
972 2987 1154 3050 institutioni
1175 2991 1232 3049 mi·
1332 3056 1337 3064 ,
