2778 4838
659 51 674 92 Ι

146 248 206 314 m
432 235 549 302 SEGT.
568 235 634 298 xv.
672 251 764 299 rasos
784 249 827 296 er
846 245 1027 300 omoraonc

149 385 233 485 Quis
252 396 406 464 mammus
431 405 481 462 eat
498 398 542 462 riu
559 391 670 482 ‘regno
693 393 884 460 'coeioromi
924 393 1243 460 amnemamnem
1264 395 1315 460 ad

146 523 183 568 se
204 498 350 589 puellum
364 499 456 564 ¹Iesus
477 499 586 563 statuit
606 502 640 564 in
661 498 769 565 medio
788 495 935 578 filorum,
966 499 996 563 3.
1021 495 1064 562 Et
1085 496 1183 575 dixit,
1205 503 1314 564 Amen

148 605 224 672 dico
250 597 361 682 vobis,
392 604 456 670 nisi
477 605 625 668 conversi
647 600 784 680 fueritis,
817 587 850 668 et
872 603 1057 668 efficiamini
1084 603 1169 666 sicut
1200 601 1315 688 puelli,

146 729 216 776 nou
243 705 468 791 ingrediemini
494 709 528 771 in
557 715 690 796 regnum
724 704 899 806 coelorum.
962 703 993 768 4.
1026 704 1186 790 Quisquis
1216 707 1315 789 igitur

20 810 25 828 ’
148 811 313 876 demiserit
331 811 553 896 semetipsum,
586 811 669 872 sicut
694 807 822 894 puellus
851 811 926 888 istc,
955 807 1009 876 hic
1032 818 1079 872 est
1100 808 1259 871 maximus
1280 810 1312 872 in

148 935 249 1000 regno
279 911 455 978 coelorum.
502 913 533 976 5.
562 911 604 976 Et
631 913 688 998 qui
713 913 874 998 receperit
906 905 1186 998 unum'puellum
1215 909 1313 978 talem

18 1088 24 1105 ,
147 1021 182 1084 in
203 1020 335 1084 nomine
355 1037 446 1096 meo,
466 1037 517 1081 me
538 1017 662 1101 recipit.
733 1051 736 1062 ·

229 1197 372 1269 Mane.
393 1201 447 1266 tx.
490 1201 541 1266 3⁰.
567 1199 610 1266 Et
634 1195 726 1264 illinc
754 1201 873 1286 egressi
902 1201 964 1264 iter
989 1195 1139 1265 iecerunt
1164 1221 1224 1286 per
1243 1199 1310 1266 Ga·

147 1303 291 1384 liliam,
322 1327 384 1372 nec
405 1301 551 1382 volebat,
580 1314 626 1378 ut,
643 1307 809 1391 quisquam
830 1307 936 1370 sciret.
977 1285 1027 1369 3'1.
1049 1302 1311 1376 Docebateoim

149 1409 328 1497 discipulos
349 1427 440 1486 suos,
484 1417 515 1471 et
544 1402 673 1471 dicebat
704 1405 785 1485 illis,
826 1407 927 1474 Filios
953 1407 1090 1484 bominis
1117 1407 1256 1472 traditur
1277 1409 1313 1472 iu

147 1537 261 1582 manus
284 1513 464 1588 bominum,
497 1519 529 1575 et
556 1510 706 1576 occident
734 1523 819 1576 euin:
854 1522 887 1577 et
913 1513 1037 1578 occisos
1064 1513 1162 1577 tertio
1186 1511 1242 1578 die
1264 1531 1314 1576 re-

147 1629 265 1705 surget.
280 1605 291 1612 '¹
304 1619 356 1684 32.
376 1615 419 1680 At
439 1613 489 1680 illi
510 1611 716 1698 ignorabant,
736 1614 826 1701 quod
848 1615 984 1694 dixerat,
1006 1626 1039 1679 et
1058 1613 1218 1692 timebant
1239 1635 1312 1680 eum

147 1728 356 1805 interrogare.
409 1719 461 1783 33.
492 1717 535 1781 Et
559 1719 648 1782 venit
670 1716 890 1803 Capernaum,
924 1727 958 1782 et
983 1737 1078 1805 quum
1105 1722 1251 1784 venisset
1279 1721 1314 1782 in

148 1823 294 1900 domum,
327 1823 537 1906 interrogavit
557 1817 646 1897 illos,
678 1819 767 1911 Quid
788 1823 823 1886 in
842 1823 959 1887 itinere
981 1825 1145 1890 intervos
1168 1823 1315 1909 disputa-

146 1925 251 1994 batis?
292 1923 343 1988 34
371 1923 414 1988 At
440 1921 488 1986 illi
514 1919 687 2006 silueruntq
727 1945 801 1992 nam
829 1925 914 1990 inter
940 1945 975 1990 ss
1004 1925 1252 2012 disputaverant
1279 1928 1314 1992 iu

146 2031 219 2106 via,
250 2029 322 2114 quis
344 2034 428 2090 esset
448 2027 559 2091 maior.
601 2027 653 2092 35.
687 2027 730 2091 Et
754 2036 921 2120 postquam
945 2031 1107 2110 consedit,
1144 2033 1314 2096 arcessivit

147 2131 330 2210 duodecim,
352 2139 384 2195 et
403 2128 484 2206 ¹dicit
504 2133 562 2207 eis,
583 2129 618 2196 Si
640 2130 923 2219 quisvultprimus
936 2154 1016 2212 esse,
1036 2135 1063 2200 is
1085 2137 1147 2200 erit
1169 2135 1315 2211 omnium

146 2247 329 2328 postremus
352 2244 384 2298 et
405 2234 547 2300 omnium
567 2230 719 2300 minister.
766 2235 817 2300 36.
850 2238 957 2324 Atque
987 2247 1153 2323 acceptum
1174 2259 1314 2324 puerum

147 2344 256 2408 statuit
283 2343 316 2405 in
344 2337 453 2403 medio
480 2335 623 2402 illorum:
666 2347 700 2402 et
731 2359 828 2425 quom
861 2344 1000 2426 cepisset
1029 2339 1120 2406 ilium
1141 2343 1199 2429 vin¹
1219 2339 1312 2406 ulnas

147 2467 235 2522 suas,
277 2441 358 2508 dixit
378 2439 457 2518 illis,
498 2441 549 2506 37.
578 2441 735 2528 Quisquis
763 2463 860 2508 unum
890 2421 1067 2512 extalibus
1089 2447 1314 2533 puerisrece·

104 2565 108 2572 ·
146 2549 232 2636 perit
250 2548 384 2612 nomine
404 2565 493 2622 meo,
523 2564 575 2608 me
596 2546 726 2631 recipie
754 2547 990 2636 etquicunque
1011 2571 1063 2616 rue
1083 2553 1217 2636 recipit,
1243 2571 1313 2618 oon

146 2671 199 2718 mo
219 2651 349 2737 recipit,
369 2649 429 2715 sed
451 2669 539 2728 eum,
559 2649 616 2734 qui
635 2652 720 2714 misit
743 2669 804 2715 me.
888 2653 910 2701 N

169 2911 172 2918 ¹
231 2829 333 2901 LUC.
359 2834 412 2900 tx.
453 2831 506 2898 43.
532 2830 599 2898 Sed
627 2830 777 2899 omnibus
809 2836 999 2904 mirantibus
1026 2859 1125 2925 super
1150 2838 1315 2920 omnibus,

148 2961 232 3029 qoae
253 2937 389 3016 iecerat,
410 2935 491 3001 dixit
512 2935 553 3000 ad
575 2935 753 3022 discipulos
775 2959 864 3020 suos,
906 2943 957 3008 44.
978 2943 1095 3008 Ponite
1116 2963 1177 3008 vos
1199 2945 1235 3008 in
1258 2963 1315 3007 au·
1375 3001 1376 3028 ,

148 3041 372 3136 ribus'vestris
394 3061 567 3106 sermones.
580 3043 674 3106 istos:
703 3041 842 3108 futurum
871 3056 918 3112 eet
939 3049 1039 3124 enim,
1071 3057 1105 3111 nt
1126 3043 1232 3110 Filius
1254 3043 1313 3110 bo·

148 3147 243 3214 minis
270 3143 414 3211 tradatur
440 3145 473 3210 in
499 3165 611 3210 manus
642 3143 819 3216 bominum.
880 3149 932 3216 tn.
959 3152 1002 3216 At
1035 3147 1084 3214 illi
1115 3148 1314 3234 ignorabant
1375 3231 1376 3234 Ἴ

147 3247 283 3314 verbum
303 3245 406 3324 istud,
438 3253 469 3310 et
491 3253 560 3309 eret
581 3245 803 3314 absconditum
831 3247 872 3315 ab
893 3250 973 3332 illis,
1007 3262 1131 3318 utnon
1152 3253 1315 3338 intellige-

119 3377 123 3389 *
148 3361 223 3418 rent
241 3349 333 3428 illud,
355 3361 387 3416 et
407 3349 562 3416 timebant
584 3370 656 3417 eom
678 3355 878 3440 interrogare
900 3355 942 3422 de
958 3356 1021 3422 boo
1034 3355 1147 3423 verbo.
1189 3357 1243 3422 46.
1263 3357 1314 3424 br-

148 3458 245 3522 travit
270 3464 375 3520 autem
402 3454 576 3544 disputatio
604 3459 688 3521 inter
716 3477 787 3535 eos,
830 3456 914 3543 Quis
942 3481 1055 3525 eorum
1085 3461 1191 3527 maior
1219 3471 1309 3526 esset.

147 3561 200 3627 47.
227 3558 271 3625 At
298 3559 387 3625 lesus
406 3557 523 3626 ridens
550 3563 777 3644 cogitationem
803 3561 911 3628 cordis
939 3561 1068 3629 illorum
1094 3561 1311 3649 apprehendit

147 3662 307 3751 puellum,
340 3674 372 3730 et
392 3671 500 3732 statuit
520 3686 592 3729 eom
613 3665 699 3729 iuxta
720 3686 770 3744 se,
804 3665 856 3731 48.
876 3665 984 3732 Etvait
1004 3665 1083 3744 illis,
1111 3667 1310 3754 Quicunque

146 3769 310 3854 receperit
329 3789 464 3853 puerum
486 3764 574 3831 bunc
593 3771 725 3833 nomine
742 3788 825 3847 meo,
845 3791 896 3833 me
917 3771 1047 3855 recipit:
1069 3779 1101 3834 et
1123 3775 1312 3860 quicunque

147 3891 199 3937 me
220 3873 396 3956 receperit,
426 3872 541 3957 recipit
562 3891 649 3950 eom,
680 3873 736 3959 qui
756 3893 808 3939 me
828 3875 927 3940 misit:
964 3895 1038 3941 nam
1060 3873 1117 3962 qui
1136 3877 1246 3942 minor
1264 3883 1313 3942 est

147 3971 327 4054 intervos,
349 3974 402 4038 bic
423 3976 485 4040 erit
504 3993 647 4059 magnos.

115 4204 127 4220 '
224 4201 330 4264 Mattb.
352 4211 399 4272 22.
447 4207 543 4292 Quum
566 4222 661 4269 mrtem
682 4226 864 4274 versemur·
885 4215 918 4272 irs
946 4211 1092 4272 (dalilam.
1138 4211 1212 4288 Quo
1238 4233 1306 4296 pro-

19 4280 24 4289 '
149 4273 214 4354 pins
233 4277 360 4341 instabat
378 4295 493 4365 tempos
513 4286 632 4361 mortis,
658 4307 694 4348 eo
715 4289 830 4369 saepius
849 4289 967 4350 monuit
987 4288 1120 4349 Christus
1140 4289 1309 4382 dbcipqlos,

148 4369 189 4412 oe
207 4351 297 4416 otrus
315 4356 364 4422 tus
382 4361 496 4440 species
515 4361 709 4432 labefactaret
726 4366 859 4448 ipsorum
878 4365 976 4432 fidem.
994 4365 1090 4430 Pario
1109 4377 1181 4448 post
1200 4369 1308 4431 edrtrm
