2766 4840
431 229 502 307 (aot
510 232 582 292 -2
621 149 860 307 impetamur.)
991 297 995 305 ,
1167 235 1229 298 sot·

70 401 142 440 nuru
162 379 285 441 terroris
302 379 500 472 spectaculum
520 377 668 460 discipulis
686 378 837 440 obiectum
857 377 929 455 luit,
947 377 1033 440 situul
1052 391 1149 442 tamen
1169 383 1226 444 ob-

70 459 161 518 latum
181 469 225 518 est
244 457 367 518 fiduciae
385 468 600 538 argumentum,
640 477 679 516 uo
698 476 729 514 se
750 455 910 536 erigerent,
929 475 1019 535 quum
1033 456 1106 518 nibil
1121 458 1226 520 iortui-
1352 479 1357 490 ·

70 546 133 594 tum
153 534 201 616 agi
219 555 265 593 res
284 534 293 592 i
309 533 345 594 'su
366 534 553 606 ostenderet,
576 553 609 593 ac
658 532 740 592 bristi
763 533 926 612 praedictio
952 553 1003 595 eos
1028 533 1172 616 dirigeret
1190 536 1226 596 ad

71 555 758 764 utsuuluiuuttstui‘tutu
771 609 1128 766 sttunu‘tstu
1142 611 1228 752 tt?

70 777 195 843 pserunt
214 785 231 822 a
251 763 358 836 Pilato,
368 731 446 822 ’binc
465 784 480 821 a
504 774 603 842 paret,
622 755 696 822 rriala
716 761 897 822 conscicntia
916 763 1066 842 perculsos
1086 764 1174 825 luisse
1193 786 1227 826 ac

71 853 202 914 vexatos,
221 851 253 899 ut
272 840 371 900 omnia
391 841 467 919 trepi
488 861 505 900 e
524 861 539 898 a
563 851 655 899 erent.
696 837 844 914 Quorsum
865 839 943 900 enim
960 841 998 900 ad
1011 839 1159 902 Christum
1178 862 1228 902 ca-

70 917 211 996 piendum
231 916 320 976 tantis
340 915 433 996 copiis
453 937 471 975 o
495 937 527 978 us
542 857 611 989 init,
631 935 717 995 quem
736 914 868 977 sciebant
883 915 966 977 nullo
982 937 1128 978 armornm
1162 939 1228 981 ras-

33 1007 43 1018 ‘
70 993 147 1054 sidio
167 991 412 1083 munitumessei
451 937 581 1054 llinccr
603 1004 700 1053 utam
719 990 860 1082 sollicitus
880 1003 1051 1074 apparetur,
1075 941 1161 1074 quoi
1182 995 1226 1056 di·
1295 1051 1299 1058 .

71 1069 139 1130 vinu
162 1069 273 1131 birristr
297 1080 404 1143 vrrtus,
435 1089 521 1149 quum
540 1011 637 1131 nnius
658 1070 840 1129 documentis
860 1069 955 1130 coacti
975 1068 1092 1130 fuerant
1109 1070 1229 1148 sentire,

70 1146 151 1206 intus
171 1145 250 1224 ipsos
261 1144 440 1224 torquebat:
466 1145 517 1207 sed
543 1167 577 1206 cx
601 1145 692 1205 altera
716 1155 799 1224 parte
824 1144 1010 1228 prodigiosus
1030 1147 1156 1228 emergit
1175 1168 1229 1208 eo-

70 1243 137 1282 rnm
156 1223 256 1358 gups-pr,
281 1223 361 1302 quod
380 1243 527 1283 armorum
547 1221 683 1303 potentia
702 1220 771 1282 steti
789 1221 941 1292 adversum
960 1223 1057 1284 Deum
1076 1221 1229 1306 insurgere

70 1319 136 1360 non
218 1309 300 1358 stant.

148 1375 196 1441 48.
237 1375 296 1456 (lui
312 1396 379 1435 uero
392 1373 534 1452 prodebat
551 1397 623 1434 eum.
661 1375 731 1435 Non
752 1371 871 1448 dubito,
895 1373 967 1454 quin
992 1375 1040 1436 vel
1065 1374 1229 1436 reverentia

70 1451 197 1512 Domini
214 1451 261 1512 vel
280 1451 398 1512 sceleris
417 1453 462 1512 sui
481 1453 595 1532 pudore
614 1449 762 1512 cohibitus
781 1449 871 1510 luerit
885 1450 1034 1524 tedanus
1042 1451 1147 1588 palam
1167 1471 1229 1512 uon

68 1529 196 1590 auderet
213 1549 244 1589 se
264 1549 353 1588 unum
374 1549 408 1590 ex
427 1528 560 1590 hostibus
578 1529 727 1608 profiteria
746 1527 806 1594 imo
827 1528 908 1605 quod
927 1527 1043 1608 apud-b
1057 1547 1156 1590 arcum
1175 1527 1230 1588 mi·

69 1605 139 1667 lites
163 1605 318 1680 admonet,
341 1621 372 1664 ut
396 1627 460 1665 cum
483 1620 565 1666 ermes
587 1601 744 1681 deductum,
773 1603 842 1663 ideo
868 1602 977 1665 lactum
1003 1625 1065 1666 esse
1090 1605 1231 1678 coniicio,
1308 1605 1320 1634 ‘

71 1681 142 1760 quia
162 1681 303 1742 memoria
323 1681 454 1756 tenebat,
474 1703 560 1762 quarn
579 1679 677 1742 multis
694 1679 876 1742 documentis
892 1680 1047 1760 probasset
1063 1681 1132 1742 olias
1143 1679 1232 1743 Cbri.

71 1771 134 1819 stus
154 1759 281 1818 divinam
300 1779 380 1819 suam
400 1758 546 1818 virtutem.
584 1757 646 1818 Sed
665 1757 738 1818 tuiru
758 1755 875 1817 interim
896 1757 1042 1819 dementia
1058 1757 1124 1834 init,
1141 1761 1231 1823 vetse

71 1834 224 1896 occultare
245 1833 348 1896 frivola
368 1835 569 1910 simulatione,
593 1855 682 1914 quum
701 1834 732 1894 in
752 1831 820 1894 Filii
839 1831 898 1894 Dei
917 1846 1107 1925 conspectum
1127 1837 1231 1917 prodi-

70 1921 131 1987 ret,
150 1911 205 1972 vel¹
216 1911 374 1973 immensae
393 1913 455 1973 eius
496 1912 632 1972 otentiue'
647 1930 802 1993 opponere
822 1909 974 1971 bominum
993 1909 1176 1974 industriam:

150 1995 198 2054 d9.
234 1989 301 2048 Ans
318 1987 426 2049 Rubbs'.
494 2008 533 2047 on
561 1987 680 2062 dubito,
705 1987 775 2067 quin
796 1987 882 2049 ludas
908 1985 990 2067 quusi
1014 1987 1146 2070 trepidus
1166 1991 1232 2052 bla-

71 2064 159 2146 gistri
206 2063 319 2127 ericirlo
342 2065 561 2127 misericordiae
586 2064 726 2128 allectum
751 2063 795 2125 bis
819 2063 916 2125 verbis
940 2064 1133 2126 simulaverit:
1162 2067 1232 2129 idco

70 2141 153 2220 apud
172 2085 304 2202 biareurn
324 2141 495 2222 exprimitur
535 2141 660 2202 atbetica
679 2142 835 2230 repetitio,
847 2139 960 2214 Reddi,
978 2139 1086 2200 Reddi.
1157 2164 1231 2204 uau-
1275 2204 1290 2216 ,,

70 2239 161 2296 quam
182 2219 260 2276 enim
280 2239 346 2278 cum
366 2218 492 2300 urgebat
512 2163 623 2278 insisti
643 2216 792 2292 maiestas,
811 2235 852 2276 stc
872 2227 971 2275 tamen
990 2215 1124 2276 nabotus
1156 2219 1231 2278 asci-

69 2303 196 2353 nacerat
207 2293 269 2353 eius
281 2306 420 2367 mentem,
440 2302 473 2350 ut
513 2290 643 2352 crfidiam
663 2311 744 2352 suam
764 2290 866 2352 osculo
887 2303 919 2351 et
935 2291 1095 2352 verborum
1115 2291 1233 2354 blandi-

69 2369 121 2428 tiis
141 2366 237 2446 probe
256 2368 377 2430 celatam
398 2311 574 2504 conffiret,
608 2367 691 2442 llaec
715 2366 806 2449 igitur
829 2364 966 2428 salutstIo
992 2366 1040 2430 vel
1059 2367 1232 2434 acclamatio

71 2444 285 2522 compassionis
305 2443 360 2504 luit
399 2465 448 2504 rac
479 2455 551 2505 ntus.
590 2443 672 2505 Idem
693 2453 725 2502 et
744 2443 781 2505 dc
806 2441 907 2504 osculo
931 2443 1042 2506 sentio:
1075 2444 1130 2506 etsi
1153 2447 1232 2508 enirn

70 2540 140 2580 uros
150 2520 218 2580 satis
229 2519 315 2580 tritus
324 2465 439 2582 Iudicis
459 2520 515 2580 luit
534 2519 642 2580 amicos
662 2518 764 2581 osculo
780 2519 930 2598 exciperes
951 2519 1020 2599 quis
1034 2531 1132 2582 umen
1143 2525 1232 2602 paulo

71 2605 144 2656 ante
170 2615 186 2655 a
207 2595 326 2658 Christo
353 2597 525 2658 discesserat
541 2595 646 2671 ludas,
673 2595 788 2657 videtur
811 2616 891 2656 nunc
916 2596 999 2678 quasi
1023 2597 1158 2677 periculo
1183 2619 1232 2661 rc-

72 2683 167 2764 ppnte
186 2673 390 2753 expavefactus
409 2685 568 2734 extremum
587 2671 718 2733 osculum
735 2671 878 2754 Magistro
897 2672 1061 2764 porrigere.
1099 2673 1145 2736 Ita
1164 2695 1233 2757 spe-

72 2769 177 2886 iventii:
202 2826 320 2888 interam
341 2847 426 2908 quam
446 2825 520 2888 nrbil
538 2827 597 2890 suis
617 2825 739 2890 fallaciis
758 2825 905 2908 proficiat,
924 2839 1049 2909 apparet
1067 2847 1102 2888 ex
1122 2826 1234 2892 Christi

164 2749 258 2810 ietatis
277 2749 406 2840 seliquos
425 2763 555 2841 superat,
574 2750 641 2810 durtr
662 2749 777 2810 ridetur
797 2769 961 2832 aegerrume
980 2771 996 2809 a
1016 2748 1162 2833 Magistro
1178 2771 1232 2814 suo

70 2921 361 3077 resppspppumpcet
377 2977 421 3039 nd
435 2977 509 3076 quid
523 2975 630 3073 adesi:
650 2979 821 3063 Expressius
840 2977 918 3118 ephud
935 2978 1062 3072 Lucam,
1080 2976 1169 3058 ludu,
1187 3001 1235 3042 us·

71 3054 542 3226 utentes
561 3055 1235 3197 ,sumtu

73 3209 138 3270 lato
158 3211 194 3270 ad
215 3223 372 3302 eptremsm
383 3214 542 3349 perfidiam
562 3232 652 3290 smpte
672 3211 810 3272 abutitur.
848 3211 953 3292 Neque
968 3231 1047 3272 curm
1064 3231 1178 3274 rronrca
1191 3225 1236 3274 est

74 3286 427 3455 iiiiifiplbbtdiisdibiimo
438 3375 469 3426 et
479 3364 686 3426 contubernali
697 3365 793 3456 amico
807 3365 900 3426 lactus
914 3363 953 3426 sit
966 3362 1235 3456 proditonpujsm-

74 3439 247 3593 illidit,
259 3440 819 3580 'illitu‘lintlltttlltlt
831 3439 1236 3594 filistinilttlitttt}

77 3614 144 3653 eum
163 3614 229 3688 quo·
238 3595 365 3654 suaviter
380 3596 530 3670 vescebar,
550 3595 600 3674 qui
619 3615 667 3656 me
686 3593 880 3655 comitabatur
899 3593 930 3653 iu
949 3592 1092 3673 templum
1102 3593 1236 3671 Domini,
1315 3627 1327 3650 2

412 3288 515 3349 hristus
536 3287 660 3348 amicum
679 3299 775 3363 vocat,
793 3287 845 3348 sed
864 3285 1104 3371 ingratitudinem
1119 3288 1162 3348 illi
1178 3287 1242 3350 ob..
1308 3306 1312 3315 “
1371 3309 1372 3320 r

74 3669 194 3730 sustulit
217 3681 321 3730 contra
345 3691 393 3732 me
416 3669 543 3732 insidias.
589 3673 646 3732 Hic
670 3690 743 3732 vero
768 3671 845 3732 clare
868 3671 1017 3743 videmus,
1040 3669 1121 3749 quod
1144 3669 1235 3750 paulo
1328 3725 1336 3756 s

76 3757 148 3807 ante
159 3747 307 3818 admonui,
328 3766 504 3827 quocunque
524 3748 700 3809 artificiose
720 3759 823 3830 tegant
841 3746 1025 3840 hypocritae,
1043 3757 1235 3825 etquuscun-

77 3843 137 3900 que
162 3823 245 3885 lucos
271 3823 452 3895 obtendant,
475 3824 528 3883 ubi
547 3825 577 3884 in
598 3835 787 3906 conspectum
808 3823 931 3884 Domini
957 3833 1077 3883 ventum
1097 3833 1157 3897 est,
1181 3841 1235 3883 eo-

77 3919 144 3962 rum
164 3901 276 3964 scelera
317 3899 424 3959 rolerri
442 3901 472 3958 in
492 3902 635 3962 medinm:
654 3903 715 3964 ituo
734 3902 792 3962 boc
811 3899 868 3960 illis
887 3899 993 3964 cedere
1008 3898 1040 3958 in
1055 3897 1173 3980 gravius
1189 3898 1235 3960 iu-

77 3975 203 4050 dicium,
228 3921 315 4058 qnod
332 3976 364 4035 in
391 3972 501 4037 Christi
562 3979 668 4038 omium
691 3977 805 4057 recepti
828 3974 941 4056 perfide
965 3975 996 4034 in
1020 3975 1114 4055 ipsum
1139 3974 1235 4036 insur-

122 4065 162 4112 nt.
193 4055 268 4114 Nam
286 4054 373 4113 omisi
390 4074 499 4114 nomen
520 3997 716 4191 gitdiximusp
732 4063 828 4115 acrem
848 4052 880 4112 in
899 4071 930 4112 se
943 4052 1075 4112 aculeum
1092 4052 1236 4114 continet.

77 4071 238 4194 {buterum
260 4131 326 4191 huic
345 4129 441 4205 malo,
461 4133 539 4209 quod
556 4132 648 4192 semul
670 4131 695 4192 C
718 4131 803 4191 ristus
822 4129 853 4188 in
873 4148 925 4189 sua
939 4147 1070 4220 persona
1089 4128 1237 4206 sustinuit,

78 4205 202 4269 sciamus
216 4207 379 4269 Ecclesiam
399 4225 516 4286 semper
535 4207 602 4268 lore
621 4207 789 4282 obnoxiam,
808 4217 841 4266 ut
881 4203 1029 4266 codrtores
1042 4205 1080 4272 ¹in
1098 4204 1163 4267 sinn
1181 4227 1235 4268 sno

79 4285 190 4344 foveat.
229 4266 302 4344 ideo
323 4295 354 4345 et
372 4282 461 4364 paulo
482 4294 550 4343 ante
571 4281 678 4344 dictum
699 4283 765 4359 luit,
784 4225 926 4345 Proditor
944 4283 1076 4358 accessit,
1095 4283 1145 4364 qui
1161 4305 1235 4344 unus

80 4371 145 4421 erat
164 4381 181 4420 e
201 4360 365 4424 duodecim.
405 4361 451 4422 Ne
470 4357 577 4426 talibus
596 4360 734 4440 exemplis
753 4360 827 4420 ultra
847 4358 966 4420 modum
986 4359 1150 4437 turbemur,
1168 4359 1240 4440 quis
