2764 4854
154 257 213 320 414
294 249 410 314 sect.
430 251 496 312 xx.
535 263 669 314 cunum
688 253 918 314 uasunnecrr‘o
940 265 983 312 ur
1003 229 1183 314 secessio.

158 403 302 470 cesserit,
325 405 367 466 llt
388 427 425 464 nc
445 405 503 465 hoc
522 414 675 486 praetextu
693 403 818 466 multum
836 401 1005 466 tumultuati
1024 414 1093 466 sunt
1112 405 1321 486 Anchaptistae

157 494 262 543 contra
274 423 563 562 Paedolapcismum.
589 481 708 544 Solotio
723 493 821 544 temen
835 503 898 542 non
910 481 1038 542 difficilis
1052 495 1107 558 est,
1128 485 1153 543 si
1165 484 1231 562 quis
1242 505 1323 564 prae-

160 559 239 639 cepti
258 558 405 619 cationem
426 559 581 639 expendat.
619 559 708 619 lubet
727 558 862 621 Christus
884 559 1010 639 perferri
1029 561 1067 620 ad
1088 579 1197 622 omnes
1215 561 1323 620 Gentes

161 633 345 718 legationem
365 647 502 697 aeternae
521 635 635 697 salutis:
662 655 727 698 eam
751 635 908 696 confirmat
931 635 1033 696 addito
1055 635 1198 716 baptismi
1222 637 1325 718 sigillo.

160 711 270 772 hlerito
290 723 387 774 autem
407 723 475 772 ente
495 711 533 772 ha
557 711 672 774 tismum
692 712 905 774 loceturverhi
922 711 1005 787 fides,
1024 734 1115 792 quum
1130 713 1249 773 Gentes
1261 714 1326 774 alie-

159 807 216 850 nae
236 809 357 869 prorsus
377 801 475 852 essent
493 810 509 848 a
561 809 616 864 eo,
635 810 692 851 nec
718 789 874 871 quicquam
894 789 1040 849 haberent
1066 810 1135 850 cum
1152 789 1257 864 electo
1276 811 1326 870 po-

161 865 234 946 pulo
255 867 421 927 commun'e.
459 865 535 926 Nam
554 865 667 948 alioqui
685 866 810 926 mendax
829 875 906 928 esset
924 865 941 924 fi
984 887 1028 942 ra,
1048 878 1326 946 quaepectatomm

162 941 366 1004 remissionem
388 955 418 1004 et
437 941 564 1022 Spiritus
585 943 696 1004 donum
716 941 843 1012 ollerret
860 943 942 1004 incre
965 943 1037 1018 ulis,
1057 941 1108 1022 qui
1128 945 1268 1004 nondum
1287 965 1327 1002 es-

161 1030 229 1080 sent
240 1018 352 1081 Christi
372 1019 513 1080 membra.
550 1019 625 1081 Fide
644 1031 743 1082 autem
763 1019 920 1112 aggregari
938 1019 1044 1080 scimus
1056 1017 1095 1080 ad
1106 1019 1257 1100 populum
1266 1021 1329 1095 Dei,

186 1095 216 1154 ui
236 1095 315 1176 prius
335 1095 458 1187 dispersi
479 1107 574 1158 erant.
610 1095 698 1158 Nunc
717 1109 884 1177 quaeritur,
910 1117 966 1176 qua
991 1095 1060 1179 lege
1078 1094 1167 1156 Deus
1194 1097 1248 1177 qui
1267 1109 1329 1156 ante

161 1116 284 1235 inerunt
303 1172 392 1234 aliem
411 1173 443 1234 in
462 1171 538 1234 lilios
558 1184 692 1254 cooptet.
732 1170 824 1236 Certe
844 1171 948 1254 negari
972 1192 1034 1232 non
1054 1183 1180 1252 potest,
1205 1173 1260 1234 uhi
1283 1193 1329 1232 eos

162 1250 254 1310 semel
275 1247 423 1342 amplexus
443 1251 537 1312 estin
556 1268 640 1312 sunm
660 1250 803 1327 savorem,
823 1250 893 1332 quin
906 1247 1031 1309 eundem
1063 1261 1249 1329 rosequntur
1264 1271 1329 1332 erga

161 1343 265 1386 eorum
290 1326 367 1388 lilros
387 1348 421 1388 ac
441 1339 577 1408 nepotes.
617 1324 824 1388 communiter
842 1347 874 1388 se
895 1323 1007 1386 Christi
1025 1347 1042 1386 a
1084 1337 1159 1387 entu
1182 1327 1329 1386 Gentibus

161 1421 197 1463 ac
217 1402 333 1464 Iudaeis
374 1415 467 1465 utrem
488 1403 635 1466 exhihuit:
658 1423 734 1484 quae
754 1423 828 1486 ergo
840 1402 910 1464 olim
921 1401 1037 1463 ludaeis
1051 1402 1120 1462 data
1134 1401 1328 1484 luitpromis

123 1527 127 1542 .
161 1477 223 1552 sio,
242 1479 321 1540 inter
341 1424 455 1542 tientes
474 1481 565 1542 hodie
585 1499 645 1560 quo
668 1499 705 1540 ue
725 1480 824 1561 vigeat
842 1499 963 1540 necesse
984 1490 1044 1554 est,
1062 1479 1127 1538 Ero
1149 1478 1238 1540 Deus
1257 1493 1329 1554 tuus,

161 1565 193 1614 et
211 1556 294 1618 Deus
313 1557 432 1618 seminis
450 1558 493 1618 tui
513 1569 581 1638 post
600 1567 630 1618 te
648 1502 745 1694 {Gem
765 1564 814 1634 17,
833 1559 884 1636 7.).
924 1556 970 1616 Iu
990 1575 1054 1630 eos,
1074 1555 1126 1636 qui
1147 1555 1212 1617 fide
1232 1556 1263 1616 iu
1277 1560 1329 1618 Ec-

83 1695 86 1711 ,
160 1629 278 1693 clesiam
297 1632 358 1694 Dei
377 1635 503 1718 ingressi
521 1645 600 1709 sunt,
617 1635 647 1694 vi
671 1655 751 1695 emus
771 1654 837 1696 cum
855 1653 907 1694 sua
926 1631 1033 1694 sobole
1054 1633 1176 1694 censeri
1196 1635 1230 1694 in
1248 1631 1329 1694 Clui-

160 1709 198 1770 sti
217 1709 373 1788 memhris,
393 1724 424 1772 et
443 1711 474 1774 in
493 1711 593 1772 salutis
617 1710 829 1774 haereditatem
848 1711 934 1772 simul
954 1709 1064 1772 vocari.
1104 1710 1174 1771 Nee
1194 1731 1269 1772 vero
1288 1731 1328 1772 se-

158 1797 280 1920 paratur
298 1787 357 1849 hoc
375 1789 466 1849 modo
482 1787 649 1868 Baptismus
660 1808 676 1848 a
689 1787 747 1848 lide
764 1788 812 1849 vel
832 1787 978 1862 doctrina,
997 1787 1066 1866 quia
1086 1785 1162 1848 lieet
1182 1787 1271 1868 pueri
1289 1789 1328 1848 in-

175 1873 257 1922 antes
277 1864 410 1924 nondum
430 1884 486 1944 per
505 1875 632 1925 aetatem
652 1863 709 1955 lide
730 1863 897 1962 percipiant
907 1863 967 1924 Dei
979 1863 1117 1954 gratiam,
1137 1863 1226 1924 Dens
1236 1877 1327 1956 pmcn

157 1957 273 2077 {titt
288 1939 1328 2108 ttp‘dttllltlttt'ttlfelsstsfttl‘dtttdtthett

159 2093 228 2156 dum
247 2114 280 2155 se
300 2091 357 2153 illrs
376 2091 526 2174 promittit
544 2094 610 2154 lore
629 2093 662 2153 in
680 2091 790 2154 Deum.
827 2094 867 2155 la
883 2097 998 2155 modus
1011 2097 1122 2169 pota-is
1163 2095 1220 2154 llic
1243 2093 1326 2153 locus

102 2233 106 2241 ,
158 2171 259 2248 docet,
278 2169 396 2250 plenem
417 2183 448 2231 et
466 2169 607 2252 liquidam
624 2169 684 2232 Dei
704 2171 859 2246 notitiam,
884 2191 959 2252 quae
984 2169 1116 2230 obscure
1142 2181 1249 2230 tanmm
1269 2167 1323 2228 suh

159 2245 244 2331 Lege
264 2258 296 2307 et
315 2246 474 2328 Prophetis
494 2246 666 2308 adumbrata
686 2247 799 2324 luerat,
824 2248 942 2310 demum
966 2246 1194 2308 emersisse-suh
1214 2245 1323 2308 Christi

159 2344 266 2406 regno.
306 2324 431 2385 Veteres
452 2323 572 2404 quidem
590 2321 689 2384 Deum
709 2345 860 2404 nunquam
880 2323 942 2387 ausi
961 2323 1088 2384 inissent
1113 2343 1224 2386 vocare
1245 2343 1325 2384 suum

159 2413 289 2482 patrem,
321 2399 379 2462 nisi
403 2400 479 2462 hane
498 2399 635 2462 llduciam
655 2400 845 2481 sumpsissent
864 2421 880 2462 a
902 2400 1021 2464 Christo
1050 2401 1167 2482 capite:
1193 2421 1251 2461 net
1273 2399 1326 2459 illis

141 2476 1109 2618 1tlttmltttltssfflttttttl‘ttttlll'slt‘nltt
1129 2477 1326 2616 {tillut

153 2641 220 2704 ntem
239 2598 271 2691 in
292 2630 406 2711 Spiritu
425 2641 529 2692 sancto
550 2649 691 2706 exserere.
731 2575 792 2691 Sed
813 2576 916 2693 eiortu
932 2597 1090 2713 Ev'angelii
1110 2623 1208 2714 longe
1229 2631 1326 2692 clarius

159 2707 214 2770 sub
234 2706 328 2768 trihus
347 2706 482 2787 personis
502 2707 666 2787 patefactus
692 2707 749 2768 luit
767 2707 871 2768 Deust·
892 2707 960 2788 quia
986 2719 1059 2768 tune
1079 2707 1174 2768 Pater
1192 2708 1228 2768 in
1246 2707 1328 2779 Filio,

162 2784 229 2844 viva
249 2795 279 2844 et
299 2804 433 2865 expressa
453 2805 504 2844 sue
523 2783 580 2842 ima
604 2783 663 2860 ine,
683 2785 876 2865 conspicuum
896 2805 926 2846 se
939 2783 1085 2845 exhibuit:
1107 2783 1325 2846 Christusrero
1374 2853 1375 2856 Ἴ

160 2859 223 2941 ipse
244 2857 325 2922 claro
346 2859 474 2941 Spiritus
492 2860 539 2921 sui
557 2803 676 2941 luigore
695 2861 836 2921 mundum
856 2860 1011 2937 irradians,
1030 2869 1061 2922 et
1080 2861 1164 2922 hone
1184 2873 1218 2922 et
1237 2883 1269 2922 se
1287 2863 1326 2942 ip·

163 2957 227 2998 sum
247 2937 488 3019 cognoscendum
508 2938 653 3017 praebuit.
682 2935 841 2999 Caeterum
861 2959 923 2999 non
944 2938 999 2999 abs
1015 2957 1048 2998 re
1069 2937 1183 3014 Patris,
1203 2939 1283 3012 Filii,
1301 2949 1327 2996 ct

160 3013 290 3094 Spiritus
309 3033 443 3095 expressa
464 3013 511 3074 hic
532 3013 566 3073 fit
584 3013 708 3090 mentio,
728 3013 796 3094 quia
817 3013 902 3076 aliter
914 3014 1058 3095 Baptismi
1077 3015 1122 3074 vis
1144 3013 1325 3096 apprehendi

158 3110 222 3150 non
242 3101 357 3170 potest,
385 3110 472 3170 quem
491 3089 516 3151 si
535 3110 552 3150 a
572 3090 699 3172 gratuita
717 3090 813 3152 Patris
832 3090 1031 3152 misericordia
1052 3090 1173 3151 initium
1195 3093 1260 3168 hat,
1276 3091 1324 3170 qui

159 3185 216 3226 nos
236 3187 291 3246 per
304 3165 413 3227 Filium
432 3166 618 3250 unigenitum
638 3166 697 3242 sihi
714 3168 905 3229 reconciliat:
926 3167 1033 3230 deinde
1052 3167 1085 3227 in
1104 3169 1242 3230 medium
1259 3189 1324 3249 pm-
1373 3221 1374 3242 p

160 3241 229 3304 dcet
239 3235 373 3304 Christus
392 3243 456 3323 ipse
475 3265 542 3305 cum
561 3243 666 3304 mortis
685 3264 755 3305 suae
774 3245 930 3320 sacrificio,
950 3255 981 3304 et
992 3245 1111 3305 tandem
1134 3247 1261 3306 accedat
1276 3245 1326 3306 eti-

64 3379 66 3389 *
160 3339 207 3384 am
219 3317 346 3400 Spiritus
366 3330 493 3396 sanctus,
513 3341 567 3400 per
588 3341 676 3402 quem
696 3340 752 3381 nos
765 3321 860 3382 ahluit
873 3333 1093 3414 acregeuerat:
1113 3321 1327 3402 deniquesuo

159 3417 225 3458 rum
245 3394 377 3458 omnium
397 3396 547 3458 bonorum
572 3409 725 3459 consortes
745 3397 825 3462 lacit.
864 3399 910 3458 Ita
934 3401 1083 3473 videmus,
1109 3419 1168 3459 nec
1193 3399 1254 3460 rite
1278 3419 1327 3459 so-

158 3473 265 3558 gnosci
283 3473 393 3549 Deum,
413 3473 468 3534 nisi
489 3473 627 3536 distincte
648 3472 720 3536 fides
747 3485 835 3535 notra
855 3485 915 3536 tres
935 3473 966 3534 in
983 3495 1042 3536 ona
1067 3473 1199 3536 essentia
1227 3495 1328 3555 perso-

158 3549 875 3690 stetisti‘tlt‘hl‘tlttltffidtltl
889 3551 1328 3690 lltltttmffiutttl

114 3705 117 3718 '
159 3705 327 3842 Stra(iiiiiii
329 3703 394 3847 lilii}
412 3649 1058 3864 pffiaaerwatllieiipiiiirissio'luit‘
1068 3739 1210 3844 adiuncta
1254 3801 1330 3860 quae

159 3867 254 3919 totum
276 3859 433 3932 humanum
454 3879 547 3940 genus
557 3857 594 3918 ad
608 3859 694 3920 fidem
716 3858 860 3920 alliceret:
880 3859 967 3920 sicuti
986 3880 1101 3920 rursum
1118 3826 1330 3920 adterlendos

159 3933 331 3996 incredulos
351 3936 446 4017 gravis
467 3931 545 3994 exitii
566 3935 751 3996 denuntiatIo
772 3936 912 4015 sequitur.
951 3935 1049 3996 Porro
1068 3935 1179 3994 mirum
1201 3957 1265 3998 non
1287 3945 1330 3994 est

159 4011 282 4074 salutem
323 4011 435 4073 romitti
455 4011 602 4072 fidelibus:
624 4011 698 4091 quia‘
712 4013 861 4073 credendo
882 4012 913 4073 in
932 4011 1041 4072 Filium
1055 4011 1116 4072 Dei
1138 4011 1329 4096 unigenitum

158 4107 222 4148 non
242 4033 333 4150 mocio
355 4100 512 4150 censentur
531 4089 587 4170 ipsi
606 4088 754 4150 interDei
764 4089 850 4162 lilios,
869 4090 921 4152 sed
938 4087 1069 4171 gratuita
1088 4087 1204 4150 iustitia
1217 4087 1330 4168 etSpi-

37 4214 42 4223 .
158 4163 217 4224 ritu
237 4163 472 4250 regenerationis
492 4164 595 4226 donati
613 4173 755 4226 summam
769 4178 914 4228 aeternae
938 4167 1016 4226 vitae
1041 4163 1210 4246 possident.
1252 4163 1331 4226 Cum

88 4269 95 4280 ·
130 4299 138 4312 ,
157 4239 216 4300 fide
229 4241 556 4324 EvangeliiBaptismus
576 4241 776 4324 coniungitur,
795 4253 829 4302 ut
847 4243 969 4305 sciamus
989 4239 1169 4322 insculptam
1188 4241 1255 4303 illic
1268 4261 1331 4304 esse

157 4317 259 4380 salutis
279 4329 398 4380 nostrae
418 4329 533 4380 notoni:
560 4319 616 4379 nisi
636 4317 714 4380 enim
735 4319 771 4380 ad
791 4319 955 4382 testandam
973 4318 1032 4378 Dei
1043 4319 1181 4457 gratiam
1203 4320 1330 4391 valeret.
1369 4359 1370 4376 t

156 4393 320 4474 improprie
345 4393 462 4476 dixisset
487 4393 636 4474 Christus,
667 4393 762 4459 solum
777 4397 858 4480 jors
883 4399 935 4479 psi
963 4392 1044 4458 cradi
1063 4397 1141 4457 αέα
1169 4411 1201 4458 re
1232 4395 1329 4476 ‘emti
