2790 4838
606 97 633 148 lt

203 270 264 336 Μ
348 295 354 303 ·
426 265 494 322 23.
537 262 690 328 snctto
711 263 800 326 vlt*
820 255 1047 326 tltaacuun‘
1095 287 1099 298 =

206 423 317 484 du'erat.
361 419 434 480 Etsi.
449 429 546 483 autem
565 439 645 480 nuuc
664 419 696 480 in
716 417 832 480 coelum
852 439 921 489 rece
944 429 989 478 tus
1009 437 1077 478 non
1092 415 1213 477 eosdem
1233 417 1354 479 retinet

207 500 346 572 allectus,
373 496 481 575 quibus
506 496 650 558 obnoxius
678 516 740 556 esse
758 497 854 561 voluit
873 497 903 556 in
923 439 978 556 lac
998 496 1116 556 mortali
1135 494 1212 569 vita,
1243 515 1352 556 curam

206 587 303 634 tamen
316 575 465 635 Ecclesiae
484 595 553 634 suae
574 595 635 632 non
656 572 775 646 abiecit,
796 573 866 652 quin
886 572 1024 651 respiciat
1039 571 1171 661 palantes
1183 593 1251 631 suas
1264 593 1353 647 oves,

205 653 265 712 imo
286 672 407 733 gregem
427 673 509 710 snum
524 650 718 710 crudeliterat
738 649 813 730 lupis
833 650 863 710 ln
887 661 965 711 atum
977 661 1007 708 et
1020 650 1197 728 discerptum
1211 648 1351 728 colligat.

212 759 238 780 ι..
263 731 327 793 ’37.
377 727 486 788 Marso
515 727 639 802 copiosa.
688 727 752 787 llac
776 671 947 806 metaplsora
972 725 1133 806 significat,
1172 726 1286 784 multos
1314 747 1352 784 ex

206 805 294 886 plebe
315 805 485 886 recipiendo
505 806 587 863 Euan
612 804 671 864 elio
692 824 754 864 esse
773 807 910 862 maturos.
938 803 1002 862 Etsi
1022 803 1100 860 enim
1121 801 1217 860 maior
1237 823 1348 861 nume-

205 905 254 944 rus
274 882 396 964 indigne
416 881 569 960 postealc
610 899 684 959 aque
705 879 916 961 ingratitudine
936 879 1066 942 oblatam
1085 878 1206 938 salutem
1219 880 1350 968 respuit,

205 958 383 1020 mediocrem
408 971 506 1016 tamen
532 958 694 1018 electorum
719 977 887 1030 numerum,
919 957 968 1046 qui
995 955 1153 1015 incredulis
1179 967 1366 1034 pnrmrxtus·

206 1048 284 1108 erat,
316 1034 669 1114 idoncomparatmessi
697 1034 851 1113 copiosae,
880 1053 947 1112 qma
967 1033 1049 1092 Deus
1069 1033 1201 1113 exiguam
1221 1053 1348 1090 suorum

204 1133 322 1172 manum
347 1111 452 1192 pluris'
482 1133 547 1170 uam
573 1111 716 1170 telinum
742 1111 883 1170 mundum
907 1110 1047 1170 aestimat.
1089 1110 1268 1188 Quanquam
1290 1129 1347 1166 au-

203 1201 265 1249 tem
284 1209 315 1252 se
335 1200 405 1250 tunc
425 1131 508 1247 mcdti
529 1133 721 1268 ingerelsant,
742 1185 808 1266 quia'
827 1199 926 1246 tamen
968 1187 1032 1247 auci
1054 1185 1181 1244 fideliter
1200 1205 1233 1244 se
1252 1205 1346 1266 gere-

204 1265 293 1340 bant,
322 1266 401 1324 inter
424 1265 659 1340 operandum
683 1276 810 1344 reputat.
853 1265 927 1324 Nam
946 1208 1010 1322 linc
1037 1258 1146 1321 nornen
1171 1260 1203 1322 in
1229 1259 1346 1320 bonam
1379 1279 1380 1296 ¹

203 1354 317 1424 partem
336 1341 451 1424 accipit.
490 1338 720 1421 Paulus,'quum
733 1333 778 1400 ‘de
798 1341 880 1400 malis
897 1339 1042 1420 operariis
1062 1338 1269 1418 conqueritur,
1290 1359 1346 1396 re-
1377 1377 1380 1392 .

203 1420 290 1500 spicit
313 1420 349 1479 ad
374 1441 476 1479 eorum
501 1418 677 1478 iactantiam.
720 1417 784 1478 Nec
810 1418 887 1475 enim
909 1417 966 1476 lroc
984 1415 1071 1476 titulo
1092 1415 1229 1498 dignatus
1250 1425 1343 1488 esset,

225 1496 254 1554 ui
275 1497 427 1575 perdendo
448 1507 560 1555 tantum
581 1491 611 1553 el
629 1496 769 1555 vastando
792 1513 911 1572 operam
933 1493 1051 1566 dabant,
1071 1492 1127 1552 nisi
1165 1492 1254 1550 uiase
1265 1511 1343 1551 ven-
1379 1491 1380 1540 ἶ

205 1519 338 1634 ditabant
371 1573 444 1631 salso
474 1583 636 1650 praetextu.
682 1570 797 1645 Regale
820 1569 966 1629 dominum
990 1573 1096 1628 messia.
1144 1514 1224 1642 {cria
1249 1589 1342 1628 nemo

114 1663 119 1666 ·
202 1657 331 1727 umquam
358 1669 372 1706 a
393 1669 424 1707 se
444 1648 508 1726 ipso
530 1647 662 1726 prodibit
680 1646 808 1706 sincerus
829 1658 858 1705 et
877 1647 1001 1705 idoneus
1020 1645 1175 1726 Evangelii
1194 1644 1342 1721 minister,
1379 1679 1380 1682 =

203 1745 259 1784 nec
280 1724 330 1783 alii
347 1724 404 1782 rite
425 1721 587 1803 funguntur
607 1723 733 1781 docendi
753 1743 890 1796 munere,
922 1723 978 1781 uisi
998 1743 1071 1802 quos
1090 1721 1239 1782 Dominus
1259 1721 1341 1780 exci-

165 1801 168 1808 ’
201 1811 259 1872 tat,
291 1799 470 1876 ct‘Spi'ritus
495 1799 539 1858 sui
561 1799 646 1857 donis
666 1799 797 1873 instruit,
828 1799 945 1877 quoties
964 1799 1094 1878 inopiam
1116 1797 1264 1857 bonorum
1287 1818 1341 1876 pa-

201 1887 314 1934 storum
340 1874 499 1947 cernimus,
531 1875 567 1934 acl
587 1895 655 1934 eum
675 1875 777 1934 oculos
798 1875 933 1934 attollere
953 1897 1074 1936 necesse
1095 1885 1154 1950 est,
1187 1885 1220 1932 ut
1239 1893 1339 1933 reme-

201 1951 281 2018 dium
297 1951 420 2015 aslerat.
469 1951 565 2015 Huius
590 1972 663 2036 verq
690 1952 868 2031 precationis
894 1973 1043 2032 nunquam
1068 1952 1168 2012 maior*
1188 1949 1244 2010 fuit
1265 1971 1340 2010 usus

200 2048 287 2115 quam
301 2028 337 2088 in
358 2027 600 2116 horribilibquae
620 2049 699 2088 nunc
718 2029 828 2110 ubique
849 2042 984 2110 apparet,
1002 2028 1152 2090 Ecclesiae
1171 2027 1317 2090 vastitate.

402 2205 406 2214 .
453 2193 469 2222 -2
515 2197 519 2204 .

210 2259 323 2339 :.(8t.)
365 2257 536 2323 MATTH.
558 2259 644 2322 Vlll.
680 2259 731 2324 23.
752 2259 794 2324 Et
812 2281 911 2346 quum
934 2269 1018 2324 esset
1039 2262 1201 2346 ingressus
1221 2263 1340 2340 navirn,

196 2361 326 2446 sequuti
353 2369 428 2424 suut
457 2381 528 2424 enm
559 2359 708 2446 discipuli
737 2362 805 2425 suin
836 2361 887 2426 24.
914 2361 956 2426 Et
978 2378 1053 2426 ecco
1075 2351 1181 2425 motus
1203 2383 1339 2447 maguus

196 2457 367 2526 lactescat
388 2463 420 2524 in
442 2460 640 2544 maniatice
662 2473 697 2532 ut
718 2464 810 2526 navis
832 2465 1015 2546 operiretur
1033 2483 1054 2558 a
1076 2459 1246 2530 fiuctibus:
1265 2468 1336 2549 ipse

123 2605 127 2616 .
194 2583 275 2626 vero
309 2559 499 2626 dormiebat.
561 2563 613 2626 25.
646 2562 689 2626 Et
717 2562 909 2627 accedentes
937 2561 1089 2648 discipuli
1116 2566 1339 2630 excitaverunt

193 2659 299 2740 illum,
334 2660 495 2752 dicentes,
528 2661 686 2742 Domine,
712 2685 804 2726 serva
826 2685 901 2740 nos,
923 2668 1073 2752 perimus.
1121 2665 1171 2728 26.
1193 2665 1236 2731 Et
1258 2665 1337 2732 dicit

191 2757 274 2840 iltis,
290 2765 292 2770 '
306 2759 396 2844 Quid
418 2762 521 2826 timidi
542 2765 634 2842 estis,
670 2764 801 2849 exiguae
823 2763 903 2830 fidei
924 2763 1091 2831 homines?
1132 2765 1231 2832 'l'unc
1253 2769 1341 2832 exci··

191 2871 276 2929 tatus
308 2864 490 2945 increpavit
518 2874 634 2928 ventos
669 2873 701 2926 et
727 2881 830 2928 mare:
869 2874 901 2929 et
932 2865 1015 2930 laeta
1044 2875 1092 2934 eat
1117 2867 1335 2954 tranquillitas

189 2981 313 3044 magna.
360 2962 412 3026 27.
446 2962 602 3028 Homines
626 2983 709 3049 vero
738 2961 992 3044 admirabantur,
1027 2967 1187 3045 dicentes,
1217 2968 1350 3054 Qualis-

190 3069 238 3126 est
260 3057 320 3138 hic,
343 3063 418 3146 quia
438 3064 531 3128 venti
553 3071 684 3150 quoque
708 3073 740 3156 et
760 3085 848 3130 mare
872 3065 1030 3133 obediunt
1053 3071 1102 3134 eii
1147 3139 1153 3151 ,

210 3206 213 3215 ·
265 3175 411 3244 'Manu
425 3179 481 3242 tv.
511 3181 563 3244 35.
584 3181 626 3246 Et
648 3184 692 3245 ait
713 3179 778 3247 illis
799 3185 834 3248 in
856 3182 910 3249 die
931 3183 999 3266 illo,
1018 3207 1115 3272 quum
1138 3187 1224 3254 lacta
1248 3199 1334 3258 esset

186 3297 336 3362 vespera,
364 3279 584 3347 ‘Transeamus
612 3285 646 3347 in
674 3281 863 3352 ulteriorem
889 3289 1000 3373 ripam.
1042 3289 1093 3354 36.
1129 3277 1171 3354 Et
1199 3288 1330 3358 dimissa

187 3375 283 3444 turba
305 3394 468 3448 assumunt
490 3403 573 3460 carm,
594 3384 646 3468 ita,
655 3395 696 3472 pt
718 3397 794 3464 erat,
816 3389 852 3452 iu
872 3391 957 3453 navi.
991 3387 1058 3454 Sed
1082 3397 1115 3456 et
1135 3388 1220 3456 aliae
1242 3394 1332 3458 navi-

184 3476 277 3542 culae
300 3493 391 3546 erant
412 3505 483 3548 cum
504 3481 574 3550 illo.
605 3485 658 3551 37.
679 3487 773 3552 'lunc
794 3491 897 3553 oritur
918 3488 1063 3576 procella
1087 3495 1176 3556 venti
1196 3513 1329 3578 magua:

184 3589 217 3643 et
237 3579 353 3647 fluctus
369 3583 537 3651 irruebant
557 3585 591 3650 in
613 3589 729 3666 navim,
750 3599 785 3653 ut
800 3587 1160 3678 illaiamimpleretun'
1183 3593 1235 3659 38.
1254 3595 1327 3678 lpse

184 3689 288 3746 autem
324 3695 391 3749 erat
423 3689 457 3752 in
486 3687 587 3772 puppi
614 3707 713 3772 super
740 3687 879 3754 cervical
907 3680 1085 3759 dormiens:
1126 3704 1158 3759 et
1188 3697 1329 3760 excitant

155 3847 157 3858 ,
183 3801 268 3945 επῃιιι,
291 3782 467 3872 dicuntque
489 3786 547 3867 illi,
569 3789 773 3878 Praeceptor,
794 3811 862 3856 non
885 3804 934 3860 est
954 3790 1014 3858 tibi
1033 3803 1134 3858 -eu'rae
1157 3794 1250 3880 quod
1271 3817 1328 3880 pe·

179 3903 196 3946 r
241 3887 298 3948 us?
328 3887 396 3951 139.
427 3887 468 3952 Et
495 3891 647 3953 excitatus
675 3891 856 3976 increpavit
884 3905 1030 3973 mutum,
1064 3894 1208 3982 dixitque
1235 3901 1324 3974 mari,
1379 3881 1380 3914 ³

180 3981 283 4064 Tace,
318 3984 514 4054 obmutesce.
556 3990 598 4054 Et
625 3995 810 4076 conquievit
831 4005 962 4072 ventus,
996 3993 1146 4082 iactaque
1168 4004 1218 4060 est
1240 4007 1324 4061 tran-

73 4107 88 4138 s.
179 4081 321 4165 quillitas
342 4109 466 4174 magna«.
508 4091 559 4156 40.
581 4090 621 4156 Et
644 4093 687 4155 ait
707 4090 785 4173 illis,
817 4095 964 4180 quidsic
983 4095 1088 4160 timidi
1114 4099 1210 4160 eatis?
1243 4119 1323 4184 quu-

176 4181 276 4245 modo
297 4204 364 4251 non
388 4187 704 4256 habetisfiduciam?
725 4193 777 4258 41.
798 4193 841 4259 Et
861 4198 1036 4262 timuerunt
1056 4199 1173 4266 timore
1194 4217 1319 4284 magno,

177 4279 395 4370 dicebantque
423 4291 508 4356 inter
533 4286 583 4372 se',
617 4293 849 4379 Quisnam·hic
871 4287 936 4376 eit,
969 4301 1044 4384 quia
1066 4308 1098 4365 et
1118 4309 1256 4380 ventus,
1286 4309 1319 4365 et

156 4399 262 4446 ‘mare
284 4379 444 4456 obediunt
465 4392 516 4455 ei?

1143 4528 1145 4537 Ι
1226 4486 1234 4516 l
