2766 4840
318 221 400 297 (194.
441 217 573 281 Cbristus
593 239 610 276 a
630 215 753 278 muliere
764 220 921 301 ungitur.)
1144 227 1203 290 299

37 394 170 460 magno,
197 383 229 438 et
257 373 332 440 dari·
353 372 560 460 parsperibns.
601 375 650 441 10.
679 374 751 439 llos
773 383 880 440 autern
900 377 1045 460 cognito,
1065 369 1116 442 'ait
1137 377 1202 446 illis

39 482 140 555 lesus,
171 476 249 562 quid
272 475 400 543 molesti
429 479 504 542 estis
525 476 673 542 mulieri?
698 499 781 565 opus
809 481 894 542 enirn
921 477 1043 546 bonum
1066 492 1200 565 operata

39 591 85 651 est
117 602 195 665 erga
222 603 282 648 me.
332 581 382 646 11.
410 581 492 646 Nam
526 601 653 668 semper
678 602 838 667 pauperes
867 580 993 650 babetia
1019 581 1200 655 vobiscuma

38 707 86 748 me
108 705 190 749 vero
212 706 279 750 non
301 701 429 771 semper
450 681 582 750 habetis.
620 685 681 756 ,12
710 683 810 772 Quod
824 673 922 751 ¹enim
951 687 1031 752 baec
1055 699 1202 772 unguen-

38 800 100 852 turn
124 787 189 854 boc
209 791 293 854 misit
313 809 413 874 snper
434 809 552 875 corpus
575 807 694 880 metim,
724 786 764 853 ad
791 787 1015 876 sepeliendum
1042 811 1093 856 me
1115 792 1201 858 fecit.

38 891 84 958 ta.
107 894 212 959 Amen
235 885 435 970 dieo‘vobis,
455 891 641 977 pbiennque
663 891 883 977 praedicatum
905 893 1003 958 luerit
1020 893 1200 964 bocEvan·

37 994 154 1080 galium
187 998 221 1060 in
252 981 321 1064 tot'o
350 995 484 1074 mundo,
515 993 700 1060 narrabitur
727 999 821 1062 etiam
846 999 881 1063 in
908 1001 978 1064 eiua
1006 1003 1200 1090 memoriani,

37 1095 124 1182 (quod
148 1097 218 1184 ipsa
242 1095 325 1172 lecit.
645 1105 648 1118 ’
1008 1085 1016 1094 ’

117 1265 260 1332 Mane.
287 1267 371 1331 XlV.
433 1268 462 1332 1.
498 1267 577 1334 Erat
621 1277 727 1332 antem
759 1267 895 1348 Pascha,
936 1279 969 1334 et
1000 1250 1200 1356 azymorum

37 1369 105 1436 dies
128 1371 283 1454 (fratreri)
311 1380 385 1456 past
411 1369 560 1435 biduum:
588 1381 619 1434 et
648 1370 849 1456 quaerebant
875 1377 988 1437 summi
1013 1375 1200 1440 sacerdotes

37 1483 68 1538 et
91 1473 235 1552 scribae,
262 1473 428 1560 quomodo
457 1493 529 1537 eum
559 1493 619 1559 per
647 1472 756 1538 dolum
784 1475 1050 1562 comprehensum
1068 1478 1200 1558 *occide-

36 1588 115 1642 rent.
173 1575 203 1640 2.
241 1575 405 1671 Dicebant
432 1589 551 1654 autern,
583 1577 660 1642 Non
689 1579 723 1643 in
754 1577 807 1643 die
835 1578 933 1659 lesio,
971 1600 1014 1644 ne
1047 1578 1200 1657 tumultus

35 1679 92 1745 liat
124 1677 249 1766 populi.
302 1679 332 1744 3.
366 1681 408 1746 Et
430 1701 531 1767 quum
560 1690 644 1744 esset
673 1679 850 1748 Betbaniae
874 1685 909 1764 in
936 1681 1035 1750 domo
1061 1684 1201 1750 Simonis

36 1782 176 1868 leprosi,
203 1781 414 1848 accumbente
441 1805 499 1863 eo,
526 1785 615 1848 venit
644 1782 906 1850 mulierbabens
927 1785 1120 1852 alabastrum
1144 1809 1201 1852 un·

35 1889 147 1971 guenti
173 1864 266 1952 nardi
287 1889 419 1972 pisticae
441 1889 618 1972 pretiosae:
648 1899 681 1952 et
708 1888 904 1954 comminuto
930 1887 1092 1957 alabastro
1120 1889 1202 1957 ellu-

38 1991 83 2056 dit
109 1989 161 2056 illi
190 1993 225 2055 in
255 2000 358 2078 caput.
398 1990 428 2055 d.
456 1991 556 2056 Erant
578 2001 683 2058 autem
705 1985 850 2076 quidam,
874 1995 931 2080 qui
956 1994 1202 2080 indignarentur

38 2093 124 2179 apud
149 2115 235 2170 sese,
262 2117 301 2160 ac
323 2093 486 2170 dicerent,
514 2093 566 2159 nd
589 2093 667 2179 quid
689 2094 829 2184 perditio
852 2096 933 2160 baec
954 2102 1130 2179 unguenti?
1171 2099 1201 2165 5.

36 2196 117 2263 Nam
145 2209 273 2283 poterat
299 2199 362 2263 hnc
390 2195 487 2262 vendi
520 2197 642 2292 pluris,¹
669 2218 764 2281 quarn
790 2201 942 2263 trecentis
972 2198 1128 2278 denuda,
1163 2223 1201 2268 aa

36 2301 107 2366 dari
137 2297 345 2388 pauperibus.
385 2299 427 2362 Et
458 2297 694 2363 infremuerunt
722 2296 876 2364 adversus
902 2298 999 2364 illam.
1040 2307 1070 2368 6.
1091 2307 1134 2368 At
1154 2306 1202 2368 le·

33 2428 88 2470 sus
123 2404 216 2479 dixit,
248 2402 349 2467 Sinite
377 2399 478 2464 illam:
518 2421 576 2466 cur
602 2398 653 2462 illi
677 2398 804 2465 molesti
832 2404 926 2468 estis?
967 2401 1090 2468 bonurn
1119 2427 1201 2490 opus

34 2516 172 2593 operata
201 2513 249 2568 est
275 2525 350 2590 erga
371 2525 432 2569 me.
476 2506 504 2570 7.
530 2503 666 2588 Semper
694 2505 781 2569 eninr
805 2526 966 2590 pauperes
993 2505 1124 2574 habetis·
1145 2495 1202 2574 va

34 2611 179 2685 biscum,
207 2618 239 2672 et
260 2607 523 2694 quandocunque
544 2605 729 2684 volueritis,
750 2611 885 2692 potestis
907 2605 971 2671 illis
991 2605 1202 2678 benefacere:

35 2738 86 2780 mc
114 2735 195 2778 vero
222 2734 289 2778 nou
316 2733 445 2798 semper
471 2709 605 2774 habetis.
656 2709 685 2775 8.
714 2709 815 2796 Quod
847 2709 959 2776 babuit
984 2712 1079 2792 baec,
1111 2709 1201 2780 lecit:

37 2819 219 2903 praevenit,
246 2826 281 2880 ut
308 2827 443 2901 ungeret
464 2836 568 2880 meum
591 2833 708 2900 corpus
729 2814 770 2880 ad
792 2813 998 2901 sepulturam.
1039 2816 1201 2884 asaiam
1228 2811 1232 2814 ’

38 2921 112 2988 dico
144 2918 267 2997 vobis„
292 2919 477 3006 ubicunque
511 2917 730 3004 praedicatum
763 2917 876 2982 luerit.
892 2917 1102 3004 Evangelium
1137 2921 1201 2986 lroo

38 3024 70 3088 in
97 3033 168 3090 toto
197 3023 333 3102 mundo,
361 3027 456 3090 etiam
478 3021 557 3100 hoe,
584 3021 674 3108 quod
695 3021 772 3087 lecit
792 3021 889 3100 baec,
915 3023 1042 3089 dicetur
1069 3025 1103 3090 in
1134 3012 1201 3090 me·

37 3130 169 3193 moriam
193 3129 301 3212 ipsius.
360 3209 365 3219 Ι
433 3149 437 3160 ’

119 3291 222 3362 LUC.
248 3295 345 3359 XXll.
398 3297 425 3359 1.
459 3292 601 3360 instabat
633 3304 740 3358 autem
768 3293 838 3360 dies
865 3255 967 3361 leatus
992 3285 1201 3382 brumarum,

39 3403 93 3484 qui
118 3401 238 3466 dicitur
265 3398 396 3464 Pascha.
450 3399 480 3462 2.
508 3399 547 3462 Et
575 3395 775 3484 quaerebant
799 3400 963 3486 principes
989 3399 1202 3476 sacerdotum,

39 3513 70 3566 et
107 3501 250 3581 scribae,
295 3499 459 3587 quomodo
504 3523 575 3566 eum
623 3501 858 3567 interficerent:
911 3501 1067 3569 timebant
1115 3505 1200 3601 euim
1235 3549 1243 3568 a

39 3604 176 3690 plebem.

113 3885 201 3946 Nunc
220 3904 318 3944 rursm
335 3881 645 3957 constanciensis,
666 3881 747 3962 quad
766 3879 913 3961 discipulis
933 3877 1092 3957 aliquoties
1111 3877 1199 3938 luisse

41 3957 76 4020 ab
96 3983 134 4022 en
154 3961 336 4042 praedictum
356 3959 494 4018 vidimus:
514 3960 566 4020 sed
586 3959 660 4019 baec
678 3959 780 4020 trltirna
798 3956 964 4038 praedictio
980 3954 1085 4016 elarius
1098 3966 1199 4014 osten-

42 4037 91 4112 dit,
111 4037 390 4119 quamvolnnnarins
410 4055 441 4095 se
462 4035 499 4095 ad
517 4047 643 4096 mortem
656 4035 795 4096 offerret:
815 4034 903 4112 idque
916 4053 1033 4092 necesse
1045 4031 1111 4106 luit,
1132 4032 1199 4122 quia

42 4113 96 4174 nisi
121 4114 309 4176 obedientiae
334 4111 477 4176 sacrificio
504 4113 613 4192 placari
631 4113 713 4172 Deus
737 4131 801 4172 non
824 4119 952 4200 poterat.
992 4107 1086 4168 Simul
1112 4121 1199 4170 ettam

43 4207 196 4254 occurrere
216 4190 354 4252 scandalo
375 4188 478 4263 vobit,
498 4209 536 4250 ne
556 4188 700 4269 discipuli,
720 4197 893 4248 necessitate
913 4197 1047 4246 coactum
1068 4185 1144 4247 trahi
1163 4187 1199 4248 ad

43 4281 166 4330 mortem
187 4279 335 4349 putantes,
355 4267 523 4328 deficerent.
563 4265 610 4326 Ita
631 4265 738 4346 duplex
758 4263 814 4324 suit
832 4263 917 4322 buius
936 4263 1100 4324 sententiae
1119 4285 1199 4334 osus:

46 4344 150 4420 primo,
170 4358 203 4434 qt
220 4355 359 4408 testatum
379 4339 476 4416 lieret'
491 4353 599 4426 sponte
619 4343 656 4404 ad
675 4351 800 4424 mortem
812 4339 919 4402 Filium
932 4339 991 4402 Dei
1011 4341 1200 4414 descendere,

1106 4500 1119 4570 l
