2766 4840
205 271 208 278 ’
312 271 428 336 SECT.
448 272 562 335 XVIII.
602 287 737 338 cnsrsrr
755 287 943 338 vnrrcrnrn.
1073 310 1076 324 ·
1153 283 1213 346 259

59 425 217 489 aDornino
237 428 381 506 laudatur,
403 429 484 510 quod
503 427 547 489 sui
568 426 661 490 oblita
679 430 781 493 testari
800 429 927 500 voluerit
943 449 976 490 se
995 441 1026 492 st
1043 452 1094 491 sna
1114 434 1214 494 omnia

58 503 113 564 Dei
131 525 202 566 esse.
243 505 337 566 Srcuu
357 519 444 568 otram
464 506 654 588 praecipuum
673 509 857 584 sacrificinm,
877 507 958 587 quod
977 527 993 568 e
1013 507 1101 569 nobis
1120 509 1212 590 exigi-

59 591 111 654 tu‘r,
130 593 174 642 est
193 584 288 644 nostri
308 585 476 668 abnegati0.
516 583 604 658 Quan
627 607 694 644 uam
719 598 815 646 autern
833 605 930 648 sacres
955 583 1122 647 oblationes
1140 598 1213 648 tuuc

58 679 114 716 non
135 660 201 734 rite,
223 681 279 721 uec
299 657 329 720 i'n
350 661 497 744 legitimos
517 683 584 721 usus
604 606 692 722 risisse
712 664 891 744 dispensatas
911 661 1052 723 credibile
1065 676 1123 723 est:
1144 661 1212 743 quia

58 747 152 795 tamen
172 737 267 798 adhuc
286 738 408 822 vigebat
427 737 527 824 legalis
548 736 651 816 cultus,
670 741 740 800 ideo
753 762 800 802 ees
812 760 874 800 non
892 738 998 800 reiecit
1010 738 1152 819 Christus.
1171 741 1214 800 Et

56 823 131 874 certe
153 814 251 876 lacere
271 837 335 876 uon
360 817 458 910 potuit
483 815 634 877 hominurn
658 817 842 910 corruptela,
880 816 952 908 quin
977 829 1079 878 sancte
1098 837 1133 877 ex
1151 815 1213 880 Dei
1342 885 1345 894 ¹

54 889 189 1028 mandtato
221 892 312 974 probi
342 915 405 956 erus
435 891 563 956 cultures
592 893 740 957 offerrent
767 915 799 956 us
822 892 964 958 sacnficia
988 904 1020 955 et
1047 892 1121 956 alios
1145 893 1213 976 pios

54 986 131 1048 sump
146 991 189 1032 us.

229 1393 235 1428 l
279 1477 520 1571 SECTIO
562 1481 718 1571 xvllte
769 1403 979 1578 (tei-teo)

407 1691 583 1747 CHRISTI
618 1689 854 1748 VATICINIA.

130 1940 236 2022 (185.)
276 1940 449 2008 ΜΑΤΤΗ.
475 1943 592 2010 XXIV.
645 1941 676 2008 1.
708 1941 751 2008 Et
778 1960 925 2026 egressus
949 1939 1039 2005 Iesus
1066 1938 1214 2006 discede-

47 2039 103 2108 bat
122 2065 145 2110 e
167 2043 306 2131 templo,
327 2056 359 2111 et
382 2056 587 2112 accesserunt
612 2043 763 2131 discipuli
782 2049 866 2122 eius,
892 2054 928 2109 nt
950 2041 1160 2109 ostenderent
1181 2043 1215 2106 ei

47 2155 222 2211 structuras
249 2147 370 2235 templi.
418 2149 449 2214 2.
477 2149 567 2212 Iesus
597 2157 703 2213 autem
730 2149 812 2214 dixit
837 2146 916 2224 illis,
945 2145 1066 2211 Nonne
1095 2143 1214 2210 videtis·

47 2247 129 2314 hacc
152 2253 280 2316 omnia?
301 2271 395 2316 amen
416 2251 493 2315 dico
515 2247 618 2326 vobis,
639 2271 707 2315 non
717 2250 920 2335 relinquetur
938 2249 992 2312 hic
1011 2245 1094 2332 lapis
1116 2264 1215 2330 super

44 2349 207 2439 lapidem,
235 2353 379 2436 quinon
401 2353 593 2420 destruatur.
633 2353 664 2418 ³.
693 2350 836 2418 Sedente
858 2359 964 2416 autem
981 2371 1026 2415 eo
1049 2351 1083 2414 in
1104 2357 1215 2450 nronte

45 2455 221 2519 Olirarum
243 2467 448 2522 accesserunt
473 2454 515 2522 ad
537 2476 611 2520 eum
632 2465 760 2522 secreto
783 2452 949 2541 discipuli,
971 2451 1129 2529 dicentes,
1150 2451 1216 2516 Dio

43 2554 158 2632 uobis,
180 2556 312 2642 quando
336 2557 416 2624 lusco
437 2567 540 2636 erunt,
561 2568 594 2622 et
615 2557 705 2644 quod
726 2555 1077 2645 signumadveutustui
1096 2563 1217 2620 et-con-

45 2661 272 2725 summationis
293 2659 425 2728 saeculi.
466 2662 496 2726 t.
517 2661 780 2762 Etfespondens
801 2661 890 2726 Iesus
912 2659 990 2726 dixit
1008 2663 1064 2761 eis,
1084 2656 1216 2752 Videte,

44 2785 88 2830 ne
112 2767 186 2851 quis
207 2784 267 2828 vos
287 2762 431 2828 seducat.
482 2765 512 2829 5.
545 2764 641 2830 Multi
663 2767 748 2832 enim
770 2765 957 2830 surrentin
978 2765 1110 2828 nomine
1132 2781 1216 2839 meo,

18 2919 23 2936 .
47 2867 212 2944 diceutes,
232 2867 302 2951 Ego
324 2887 393 2931 sum
417 2863 580 2934 Christus:
599 2868 784 2956 multosque
805 2867 971 2933 seducent.
1013 2870 1042 2932 6.
1064 2862 1218 2930 Audituri

47 2975 135 3036 euim
159 2974 235 3036 ostis
256 2967 359 3048 bella,
386 2979 418 3036 et
438 2992 586 3038 rumores
606 2969 783 3038 bellorum:
808 2970 931 3049 videte,
956 2993 999 3037 ne
1027 2967 1217 3036 turbemiui=

46 3083 180 3158 oportet
203 3075 288 3140 eninr
311 3077 419 3142 omnio
441 3075 524 3155 lieri,
543 3073 603 3141 sed
618 3074 763 3141 nondum
787 3086 834 3140 est
853 3075 938 3141 finis.
981 3076 1009 3140 7.
1032 3069 1219 3157 Consurget

47 3179 134 3240 eninr
157 3197 235 3260 gens
258 3189 370 3244 contra
391 3190 534 3266 gentem,
555 3188 587 3244 et
607 3198 741 3262 regnum
764 3187 874 3245 contra
896 3199 1047 3266 rognum,
1068 3188 1101 3244 et
1122 3185 1218 3242 erunt
1333 3221 1340 3238 .

46 3279 270 3363 pestilentiae,
304 3293 336 3348 et
356 3283 472 3364 lamen,
509 3293 540 3349 et
562 3293 668 3348 terrae
689 3290 794 3348 motus
814 3285 912 3350 variis
937 3282 1027 3350 locis.
1069 3283 1100 3348 θ.
1126 3282 1219 3348 Haeo

19 3429 24 3441 .
49 3394 160 3447 autem
180 3389 297 3461 omnin,
316 3388 408 3452 Initia
429 3398 504 3456 sunt
525 3383 686 3453 dolorum.

134 3561 274 3632 Mune.
301 3569 383 3637 XIII.
438 3571 467 3638 1.
499 3571 541 3636 Et
573 3591 671 3658 quum
703 3570 803 3634 exiret
835 3557 1018 3655 etenrpld,
1060 3567 1137 3633 dicit
1167 3561 1219 3646 illi

46 3671 181 3758 quidem
205 3694 224 3736 e
245 3670 414 3756 discipulis
436 3677 522 3752 eius,
550 3671 763 3758 Praeceptor,
789 3671 866 3738 vido
888 3671 1002 3762 quales
1023 3669 1164 3757 lapides,
1186 3675 1219 3732 et

45 3767 166 3860 quales
188 3784 375 3841 structurae.
417 3777 447 3841 2.
474 3778 517 3842 Et
538 3777 627 3841 Iesus
648 3775 853 3862 respondens
882 3781 926 3843 ait
947 3775 1008 3851 itti,
1033 3771 1139 3837 Vides
1159 3769 1218 3834 has

45 3899 181 3963 magnes
202 3883 397 3962 structuras?
435 3902 503 3946 non
525 3880 731 3967 relinquetur
751 3878 835 3966 lapIs
856 3899 955 3965 super
976 3875 1132 3962 lapidem,
1162 3872 1220 3959 qui

45 4003 119 4047 non
142 3981 297 4050 diruatur.
339 3985 368 4050 3.
400 3984 442 4049 Et
470 4007 567 4070 quun
595 3983 726 4052 sederet
751 3985 785 4048 iu
807 3993 916 4049 moute
939 3977 1106 4045 Olivaruur
1130 3997 1148 4040 e
1168 3997 1220 4041 re-

45 4087 148 4169 gione
171 4084 298 4172 templi,
331 4083 574 4170 interrogabant
605 4085 695 4152 illum
724 4094 851 4151 secreto
878 4085 992 4150 Petrus
1020 4089 1052 4144 et
1073 4076 1219 4159 lacobus,

46 4200 81 4254 et
104 4189 261 4266 Ioannes,
283 4189 500 4264 et'rlndrcas,
532 4188 564 4252 4.
587 4187 651 4254 Dic
671 4187 777 4267 nobis,
798 4184 929 4274 quaudo
954 4183 1164 4278 haeserunt,
1186 4191 1235 4279 ct·

46 4292 143 4379 quod
181 4296 305 4378 signum
340 4303 402 4372 est,
442 4290 578 4378 quando
612 4291 693 4358 haec
724 4292 831 4359 omnio
859 4299 934 4356 sunt
960 4285 1219 4356 consummanda.

46 4401 77 4460 5.
101 4395 146 4460 Ar
168 4395 257 4461 lesus
277 4395 480 4483 respondens
503 4393 584 4476 illis,
617 4399 726 4482 coepit
747 4393 873 4475 dicere,
907 4391 1043 4540 Vlidv'elc,
1075 4411 1130 4474 ue·
1146 4391 1218 4476 quis
