2756 4838
146 259 204 321 174
405 249 540 326 ,ὃΕΕἜ
560 238 641 314 XVI.
681 265 759 313 mnu
776 256 1034 314 ru'rsausannn.
1095 245 1104 268 '

148 413 193 474 ait
223 406 301 474 illis:
361 409 410 475 ts.
444 409 530 475 Eece
563 410 808 495 conscendimus
836 410 1114 498 Hierosolymam,
1148 423 1182 479 et
1216 413 1318 482 Filius

147 513 286 580 hominis
314 501 466 578 tradetur‘
484 505 923 601 princtptbus‘'Sacerdorum
953 527 985 582 et
1009 513 1149 593 Scribis,
1179 528 1214 584 et
1245 541 1317 584 con-

55 597 60 620 *
148 615 431 684 demnabnntenm
447 627 560 682 morte.
593 618 642 683 19.
660 620 702 683 Et
718 618 846 684 tradent
863 641 936 684 eum
949 619 1112 685 Gentibus
1124 620 1167 685 ad
1179 617 1318 684 illuden-

149 723 234 802 dum,
256 731 287 788 ei
309 721 547 809 flagellandum,
570 731 601 788 et
623 722 891 816 crucifigendum:
913 734 946 788 et
968 727 1060 788 tertia
1083 723 1138 788 die
1161 733 1316 810 resurget.

231 903 373 976 MARC.
397 908 434 972 X.
475 907 527 972 32.
557 905 658 973 Erant
685 917 789 972 autem
819 912 853 974 in
880 913 932 974 via
959 908 1176 974 ascendentes
1203 909 1317 973 Hiero

148 1011 322 1098 solymam,
350 1021 382 1076 et
410 1009 630 1097 praecedebat
655 1009 731 1076 illos
757 993 861 1090 lesus,
893 1025 1048 1098 erantque
1074 1011 1257 1098 pavefacti,
1287 1021 1318 1075 et

38 1175 42 1192 .
148 1127 323 1204 sequentes
346 1113 527 1179 difflebant:
561 1124 598 1179 et
626 1117 794 1202 assumptis
825 1137 948 1180 rursum
982 1105 1174 1190 duodecim,
1201 1107 1317 1200 'coepit

147 1221 213 1289 illis
243 1220 367 1298 dicere,
387 1196 479 1306 'quae
504 1215 568 1282 sibi
596 1231 751 1283 eventura
775 1228 874 1284 erant.
921 1219 972 1284 33.
1003 1219 1090 1284 Ecce
1113 1217 1316 1283 ascendimus

147 1322 425 1408 Hierosolymam,
455 1332 487 1387 et
509 1319 614 1386 Filius
640 1320 778 1386 bominis
805 1321 949 1387 tradetur
976 1323 1178 1410 principibus
1206 1322 1317 1388 Sacer-

35 1427 48 1449 ”
149 1431 261 1500 dotum
284 1438 317 1492 et
338 1423 474 1500 Scribis,
503 1436 535 1489 et
563 1422 761 1491 damnabunt
788 1445 860 1489 eum
887 1433 1005 1502 morte,
1038 1435 1070 1489 et
1091 1425 1226 1491 tradent
1246 1447 1317 1490 eum

150 1524 338 1601 Gentibus?
368 1532 419 1594 34.
451 1529 493 1593 Et
521 1526 660 1593 illudent
688 1530 733 1605 ei,
761 1538 794 1593 et
821 1527 1034 1614 flagellabunt
1061 1551 1150 1606 eum,
1184 1541 1217 1596 et
1240 1551 1317 1596 con-
1363 1529 1364 1580 ἶ

148 1647 266 1726 spuent
287 1637 321 1700 iu
342 1641 478 1713 eum,‘et
499 1629 695 1697 interficient
717 1653 805 1697 enm:
827 1643 860 1698 et
880 1637 975 1698 tertia
988 1631 1051 1698 die
1065 1645 1232 1734 resurget.

232 1819 335 1888 LUC.
361 1818 477 1884 XVlll.
529 1817 580 1882 31.
612 1816 792 1901 desumpsit
819 1826 924 1882 autern
947 1817 1035 1882 lesus
1063 1817 1258 1898 duodecim,
1287 1828 1315 1883 et

151 1930 194 1992 ait
214 1923 297 2002 illis,
318 1925 404 1988 Ecce
426 1920 629 1986 ascendimus
650 1917 929 2004 Hierosolymam,
951 1933 984 1986 et
1004 1905 1315 1988 consummabuntur

150 2032 272 2108 omnia,
307 2048 391 2116 quae
425 2025 543 2108 scripta
572 2034 647 2089 sunt
677 2045 736 2110 per
763 2023 941 2109 Prophetas
975 2024 1017 2091 de
1046 2023 1133 2090 Filio
1170 2024 1313 2090 bominis

149 2133 200 2197 32.
236 2129 400 2196 Tradetur
427 2129 511 2193 enim
534 2125 696 2192 Gentibus
723 2138 756 2192 et
782 2121 952 2206 illudetur,
985 2139 1016 2221 et
1043 2127 1253 2195 contumeliis
1274 2127 1314 2192 al-

149 2219 281 2302 liciatur
308 2246 342 2299 et
366 2239 578 2315 conspuetur:
619 2234 669 2298 3³.
696 2233 738 2297 Et
756 2241 928 2318 postquam
951 2230 1206 2316 flagellaverint,
1237 2235 1315 2298 o'eci-

150 2339 229 2407 dent
255 2361 344 2403 eum:
373 2357 411 2400 ac
438 2337 532 2399 tertia
562 2333 615 2400 die
644 2347 798 2418 resurget.
846 2337 897 2400 34.
931 2335 973 2400 Et
1000 2335 1061 2419 ipsi
1088 2334 1173 2400 nibil
1202 2335 1312 2402 borum

147 2443 391 2518 intellexerunt,
414 2449 446 2504 et
468 2448 536 2503 erat
556 2436 691 2502 verbum
714 2438 778 2506 boc
798 2437 1023 2504 absconditum
1045 2437 1087 2504 ab
1111 2442 1174 2518 cis,
1196 2451 1233 2506 et
1252 2461 1315 2506 non

146 2541 380 2630 intelligebant,
402 2563 486 2630 quae
509 2539 731 2608 dicebantur..

227 2775 359 2838 Tametsi
379 2775 522 2836 admoniti
543 2774 622 2856 prius
641 2775 760 2836 fuerant
779 2773 936 2856 Apostoli,
957 2776 1020 2856 quis
1041 2777 1133 2836 exitus
1152 2776 1314 2838 Dominum

152 2865 297 2929 maneret,
317 2852 384 2930 quia
395 2866 494 2913 tamen
505 2851 645 2911 nonsatis
657 2851 857 2932 proiecerant,
878 2853 958 2931 qnod
969 2853 1083 2932 saepius
1094 2853 1222 2929 dixerat,
1242 2875 1313 2913 nunc
1363 2903 1364 2914 .

151 2933 188 2990 de
209 2931 328 3011 integro
349 2929 468 3020 repetit.
505 2927 597 2986 Videt
615 2927 723 2989 instare
744 2928 822 2989 diem
842 2929 956 2988 mortis:
978 2931 1036 2988 imo
1057 2929 1114 2988 iarn
1136 2942 1182 2990 est
1201 2931 1234 2990 in
1248 2951 1312 3012 pro-

116 3056 119 3068 .
151 3007 261 3081 cinctu,
281 3016 314 3064 ut
332 3023 363 3064 se
384 3027 477 3085 rpsum
499 3003 709 3064 immolandum
724 3005 847 3066 ollerat:
868 3005 939 3066 disci
963 3006 1026 3066 ulos
1039 3018 1135 3066 autem
1150 3026 1216 3066 non
1226 3009 1312 3067 modo

149 3083 280 3156 timidos,
299 3081 351 3140 sed
372 3101 462 3142 coeca
483 3080 642 3142 tormidine
662 3081 805 3142 attonitos
824 3082 912 3142 videt.
975 3095 1087 3142 ortatur
1104 3103 1180 3164 ergo
1192 3086 1232 3148 ad
1245 3105 1313 3144 con·
1363 3087 1364 3106 ¹

150 3158 298 3230 stantiam,
317 3177 357 3218 ne
377 3178 444 3224 mor
463 3157 517 3216 sub
537 3157 703 3219 tentatione
724 3159 869 3219 deficiant.
909 3159 1006 3220 Porro
1028 3159 1144 3219 duobus
1156 3162 1255 3222 modis
1268 3181 1314 3220 eos

151 3235 319 3296 confirmat:
340 3247 407 3294 nam
429 3234 509 3313 quod
529 3231 658 3293 luiturum
680 3247 743 3296 erat
762 3235 946 3315 praedicens,
966 3255 1027 3294 non
1048 3247 1162 3295 tantum
1184 3258 1239 3298 eos
1252 3259 1312 3296 nm-
1363 3279 1364 3290 .

151 3313 205 3386 nit,
225 3329 263 3370 ne
283 3310 381 3372 subito
402 3311 479 3369 malo
499 3323 618 3392 praeter
637 3312 811 3404 opinionem
832 3313 1021 3373 circumuenti
1039 3313 1247 3389 succumbant,
1265 3314 1312 3373 sed
1363 3307 1364 3318 ¹

151 3387 276 3448 Deitatis
297 3409 365 3449 snae
385 3387 534 3469 specimen
555 3401 684 3480 opponit
704 3389 799 3449 crucis
817 3389 972 3460 scandalo,
997 3411 1035 3450 ne
1061 3388 1159 3449 brevis
1184 3391 1312 3452 deiectio
1363 3423 1364 3442 .

152 3485 203 3526 eos
224 3466 384 3540 exanimet,
409 3463 462 3524 nbi
481 3486 610 3546 persuasi
630 3467 741 3527 suerint
760 3467 854 3557 ipsum
874 3485 936 3525 esse
955 3466 1015 3526 Dei
1034 3465 1170 3542 Filium,
1186 3467 1310 3546 ideoque
1363 3473 1364 3528 ἶ

150 3543 255 3602 mortis
266 3543 418 3606 victorem.
459 3541 594 3603 Secunda
615 3543 846 3603 confirmationis
866 3543 942 3602 ratio
962 3556 1006 3602 est
1026 3563 1059 3602 er
1101 3543 1249 3622 ropinqua
1262 3563 1307 3602 re·

150 3621 346 3682 surrectione.
384 3619 444 3680 Sed
460 3619 551 3680 verba
567 3620 688 3700 propius
705 3621 870 3700 expendere
888 3619 1037 3679 convenit.
1117 3619 1306 3700 omusexpri-
1363 3693 1364 3698 η

151 3696 214 3770 mit,
233 3697 313 3777 quod
333 3695 369 3756 ab
391 3697 453 3757 aliis
474 3695 589 3758 duobus
600 3707 724 3770 tacetur,
743 3695 911 3790 priusquam
923 3697 1069 3756 Dominus
1081 3717 1217 3756 seorsum
1228 3698 1308 3776 Apu·
1363 3699 1364 3720 ¹

149 3774 234 3840 stolis
254 3773 414 3851 indicaret,
438 3795 469 3833 se
494 3785 574 3833 recta
600 3772 636 3833 ad
662 3784 764 3832 mortis
784 3773 958 3834 sacrificium
978 3793 1124 3856 pergere,
1149 3785 1212 3833 tam
1234 3774 1311 3854 ipsos

151 3871 238 3930 quam
265 3851 395 3932 reliquos
420 3850 542 3911 comites
570 3850 656 3910 luisse
683 3861 814 3910 moestos
835 3859 865 3908 et
883 3849 1014 3929 pavidos.
1055 3848 1118 3909 Cur
1138 3861 1237 3910 autern
1257 3851 1312 3909 boc

150 3939 232 3988 metu
257 3949 342 3989 corre
355 3929 387 3986 sti
410 3925 520 3988 luerint
539 3927 683 3986 incertum
704 3939 762 4002 est,
787 3927 842 3988 nisi
864 3927 930 4005 qnia
951 3928 1030 4016 prins
1051 3927 1167 4006 experti
1185 3927 1313 4000 fuerant,

152 4023 255 4100 graves
274 4005 330 4065 sibi
355 4003 566 4084 {ierosolymae
588 4023 650 4063 esse
671 4003 859 4064 adversarios.
895 4003 1044 4062 Christum
1056 4021 1131 4084 ergo
1143 4003 1313 4066 maluissent

151 4100 182 4138 m
208 4101 323 4140 recessu
347 4081 386 4140 ali
409 4102 446 4140 uo
472 4091 550 4139 extra
575 4079 703 4140 telorum
727 4082 834 4141 iactum
861 4079 1027 4159 quiescere,
1058 4100 1146 4160 quarn
1176 4081 1257 4140 ultro
1283 4099 1312 4140 se

152 4153 285 4214 obiicere
305 4169 362 4216 tam
382 4101 494 4216 rlrfcstis
516 4155 657 4216 hostibus.
699 4158 875 4236 Quanquam
893 4169 991 4216 antem
1012 4157 1059 4217 bic
1078 4157 1170 4216 tirnor
1179 4157 1311 4237 pluribus

153 4229 248 4316 modis
267 4230 386 4293 vitiosus
407 4235 473 4309 luit,
493 4233 573 4324 quod
593 4244 690 4294 tamen
705 4234 854 4295 Christum
872 4245 1044 4314 sequnntur,
1064 4233 1122 4294 boc
1135 4255 1197 4294 non
1209 4234 1310 4326 vulga-

153 4326 193 4361 rrs
214 4303 416 4370 observantiae
436 4321 467 4370 et
486 4309 600 4400 pretatis
619 4309 735 4392 signum
756 4323 808 4372 est.
841 4309 954 4370 Fuisset
966 4309 1084 4389 quidem
1094 4309 1187 4390 lo'nge
1199 4310 1311 4376 melius,

154 4377 290 4440 alacriter
315 4391 346 4441 et
367 4385 430 4444 sine
456 4386 572 4447 institia
593 4407 770 4468 properare,
795 4407 973 4468 quocunqne
993 4385 1102 4449 ducere
1121 4387 1203 4468 ipsos
1221 4387 1311 4448 vellet
