2778 4838
353 205 358 212 A

219 227 222 234 '
262 217 276 292 ,’
391 227 474 300 (135.
517 223 603 324 Quae
625 185 775 286 uentrem
796 223 978 310 inquinant)
1032 277 1036 294 χ
1215 231 1253 291 87

85 391 212 466 stupra,
233 375 336 454 furta,
357 377 438 443 lalea
460 341 656 485 teatimonia,
682 383 838 448 convicia.
879 381 931 448 bil
952 381 1148 476 Haec-snut,
1168 401 1250 466 qnae

85 485 247 568 impurum
269 479 411 546 reddunt
432 481 604 548 hominem.
647 481 821 550 Caeterum
842 485 943 552 illotis
965 482 1113 564 manibus
1135 503 1250 569 capere
1272 512 1275 518 ·

86 579 213 661 cibum,
233 603 301 648 non
324 585 514 671 coinquinat
534 583 705 658 bominem.
987 575 989 582 ’

170 765 311 833 Mane.
344 769 415 834 Vll.
477 769 527 834 14.
570 769 613 834 Et
648 793 746 858 Qum
782 773 971 841 advocasset
1011 771 1052 837 ad
1084 793 1120 837 se
1152 779 1250 835 totam

44 909 55 934 .
82 867 227 948 turbam,
259 869 389 938 dicebat
415 869 495 951 illis,
529 873 648 940 Audite
679 898 729 942 me
758 900 887 956 omnes,
922 889 954 944 et
979 874 1157 960 intelligite.
1201 874 1250 938 15·

83 971 177 1038 Nihil
205 985 255 1040 eet
281 987 368 1042 extra
397 975 559 1042 bominem
586 979 743 1045 introiens
764 985 798 1046 in
821 1005 909 1062 eum,
941 979 1031 1068 quod
1053 981 1154 1066 possit
1176 997 1249 1043 eum

83 1077 271 1162 inquinare,
315 1078 373 1145 sed
399 1101 484 1166 quae
506 1079 548 1146 de
570 1081 700 1146 homine
720 1084 918 1169 procedunt,
959 1083 1015 1149 illa
1037 1092 1122 1158 sunt,
1165 1100 1248 1166 quae

83 1171 258 1265 inquinant
277 1182 450 1248 bominem.
495 1182 544 1247 lli.
574 1183 609 1248 Si
638 1189 710 1270 quis
732 1185 830 1252 babet
857 1209 951 1253 aures
982 1187 1023 1252 ad
1044 1183 1250 1261 ¹audiendum

83 1281 206 1348 audiat*
248 1284 298 1348 17.
328 1283 495 1372 Et‘quum
521 1289 684 1369 ingressus
712 1298 797 1362 esaet
824 1271 969 1370 domuin,
999 1313 1037 1355 ae
1066 1299 1207 1355 semotus
1230 1307 1276 1372 a„

81 1385 195 1466 turba,
227 1389 466 1473 interrogarunt
495 1407 567 1452 eum
596 1386 746 1474 discipuli
774 1392 844 1456 eina
871 1392 913 1458 de
940 1390 1157 1458 similitudine.
1199 1390 1248 1452 18.

81 1491 126 1555 Et
148 1493 193 1556 ait
213 1488 291 1570 illis,
320 1490 415 1557 Adeo
444 1502 477 1557 et
497 1512 556 1558 vos
577 1489 790 1576 intelligentia
812 1497 946 1560 caretis?
990 1492 1135 1560 nondum
1156 1489 1249 1557 intel·

80 1585 197 1680 liguis,
240 1593 330 1680 quod
365 1615 462 1660 omne
492 1593 573 1660 loris
594 1595 752 1660 introiens
773 1597 807 1660 in
839 1595 1016 1675 bominem,
1042 1617 1110 1662 nnn
1139 1603 1249 1682 potest

81 1715 158 1762 enm
181 1699 374 1783 inquinare?
437 1699 486 1764 19.
513 1697 617 1784 'Quia
645 1719 713 1763 nen
733 1699 838 1792 [intrat
866 1704 899 1766 in
922 1722 981 1766 eor
1001 1702 1087 1776 eina,
1129 1696 1188 1762 sed
1213 1698 1249 1761 in

80 1811 245 1866 ventrem:
298 1812 330 1866 et
371 1802 406 1866 in
445 1822 607 1872 secessum
651 1805 727 1881 erit,
776 1823 953 1892 repurgans
995 1823 1108 1870 omnen
1151 1810 1248 1866 escas:

79 1907 133 1970 20.
176 1902 319 1970 Dicebat
346 1915 467 1982 autem,
510 1904 611 1990 Quod
639 1903 681 1970 ab
710 1907 843 1973 bomine
871 1909 948 1984 erit,
989 1906 1072 1973 illud
1100 1907 1248 1992 inquinet

81 2008 258 2074 bominem.
319 2007 370 2071 21.
411 2005 465 2072 Ab
502 2007 712 2074 interioribus
749 2012 833 2073 enim
873 2007 915 2074 de
953 2008 1053 2075 corde
1082 2009 1246 2076 hominum

81 2113 189 2178 malae
224 2111 433 2196 cogitationes
461 2111 664 2197 precedunt,
700 2111 876 2190 adulteria,
907 2123 1031 2197 stupra,
1063 2111 1246 2188 homicidia,

80 2217 133 2280 22.
160 2215 278 2291 Furta,
304 2215 509 2301 cupiditates,
531 2213 675 2292 fraudes,
704 2213 812 2289 dolus,
833 2213 978 2293 lascivia,
999 2213 1101 2280 malua
1122 2213 1246 2294 oeulua,

82 2318 248 2393 convicia,
274 2315 442 2403 superbia,
472 2315 626 2396 stultitia.¹
659 2317 709 2380 23.
736 2315 858 2381 Omnia
878 2316 959 2384 baec
980 2316 1063 2382 mala
1085 2315 1131 2382 ab
1148 2319 1246 2382 inter-

81 2425 133 2487 nis
154 2417 354 2507 procedunt,
373 2429 404 2483 et
424 2420 595 2504 inquinant
616 2418 788 2486 hominem.

168 2605 270 2671 LUC.
291 2604 348 2668 Vl.
388 2605 439 2670 39.
467 2600 608 2669 Dicebat
636 2613 740 2669 autem
767 2601 832 2667 illia
858 2547 1112 2682 similitudinem,
1146 2604 1257 2681 Num·¹

80 2707 162 2796 quid
193 2718 302 2794 potest
327 2729 445 2774 coecus
473 2727 606 2774 coecum
629 2706 769 2773 ducere?
810 2727 920 2773 nenne
944 2705 1039 2774 ambo
1061 2710 1095 2773 in
1115 2704 1243 2774 foveam

82 2811 223 2880 eadent?

159 3138 267 3198 Mallb·
292 3145 339 3204 lll-
376 3137 544 3214 addemnatis¹
561 3138 604 3200 ud
625 3163 656 3200 aa
678 3139 776 3201 madia.
821 3137 879 3198 llic
903 3136 1037 3204 Christus
1068 3136 1105 3196 ad
1131 3133 1243 3200 dociles

81 3240 113 3280 ae
134 3227 312 3277 convertens
332 3215 422 3276 fusius
443 3217 565 3296 exponit
583 3217 663 3307 ‘1¹¹⁰.d
684 3218 764 3297 prius
784 3216 938 3351 adipem,
957 3232 1081 3296 regnum
1100 3212 1164 3272 Dei'
1179 3231 1243 3284 non

81 3315 145 3356 esse
166 3293 295 3373 positum
314 3291 354 3350 in
366 3291 435 3354 cibo
457 3306 488 3352 et
507 3307 596 3372 potu,
620 3295 706 3354 arenti
725 3294 812 3354 etiam
859 3290 943 3352 aulue
959 3291 1048 3351 decet
1071 3289 1173 3368 (Rem.
1193 3295 1242 3362 ll,

80 3373 162 3451 17.):
183 3391 250 3428 nam
272 3385 362 3448 quum
380 3390 426 3430 rea
447 3380 583 3430 externae
604 3382 706 3432 natura
719 3387 810 3452 purae
820 3371 888 3442 sint,
908 3366 986 3428 liber
1005 3383 1124 3458 queque
1140 3385 1241 3454 aepu-

81 3468 131 3508 rns
153 3459 198 3507 eat
222 3466 321 3505 earnm
349 3467 429 3523 usus,
461 3466 517 3506 nee
542 3468 614 3510 vere
641 3468 676 3506 ex
700 3447 786 3506 bonis
810 3445 870 3506 lrei
892 3455 1034 3506 ereaturra
1059 3441 1243 3501 contrahatur

80 3522 290 3584 immundities.
330 3520 485 3584 Generalis
506 3535 550 3581 est
569 3523 659 3604 igitur
676 3524 832 3598 sententia,
851 3523 952 3582 sordes
972 3541 1034 3584 non
1054 3517 1170 3577 aliunde
1191 3535 1242 3574 re·
1282 3514 1287 3525 '

80 3603 147 3663 nire
167 3598 381 3672 inhominem,
400 3601 450 3662 sed
472 3599 585 3658 lentem
607 3601 636 3658 in
657 3600 721 3690 ipso
742 3599 845 3660 latere.
884 3598 1042 3658 Caeterum
1062 3615 1116 3674 per
1133 3611 1241 3672 synec-

80 3677 200 3750 dochen
219 3697 261 3734 aa·
279 3696 329 3735 ere
346 3674 469 3735 dendnia
487 3677 608 3755 prodire
629 3676 709 3751 dicat,
730 3695 805 3757 quae
827 3696 860 3734 ex
878 3696 910 3735 se
932 3674 1056 3752 quisque
1074 3668 1150 3728 mala
1169 3685 1240 3746 pro-

79 3755 150 3815 lere
190 3752 306 3812 Allrtdit
329 3753 415 3814 enim,
433 3753 469 3812 ad
495 3765 680 3831 praesentem
704 3773 834 3824 eausam,
865 3751 923 3810 acsi
943 3750 1068 3818 diceret,
1098 3765 1153 3834 nos
1179 3762 1245 3801 non

82 3831 201 3890 haurire
220 3849 273 3889 ore
293 3829 506 3889 immunditiem
524 3850 583 3889 una
603 3851 669 3892 curn
689 3828 756 3890 cibo
778 3841 807 3888 et
818 3840 903 3908 potu,
922 3825 974 3885 sed
993 3845 1028 3884 er
1046 3820 1133 3881 nebu
1153 3837 1243 3880 omne

81 3907 215 3968 sordium
235 3927 327 3989 genus
347 3907 507 3986 profluere.
623 3963 626 3972 .
1076 3974 1083 3990 Ι
1147 3924 1153 3943 ν

158 3989 206 4049 12.
255 3983 343 4043 Noati
364 3981 546 4042 Pharisaeos.
598 3982 677 4056 Quia
706 4007 739 4043 au
763 3980 891 4044 ercilinsi
922 4000 956 4038 ae
984 3973 1128 4036 indocrles
1159 3983 1245 4031 erant

82 4060 209 4134 scribae,
229 4059 424 4120 nonmultum
440 4073 557 4139 operae
569 4057 712 4138 impendit
733 4005 865 4120 duratus
885 4058 915 4115 in
935 4055 991 4114 illis
1013 4050 1171 4132 placandis,
1190 4049 1241 4109 sed

82 4139 152 4198 satis
173 4135 276 4196 babuit
296 4157 399 4198 aarum
419 4133 589 4219 hypocrisin
610 4147 640 4195 et
660 4137 764 4196 lastnm
784 4132 939 4213 repellere.
971 4132 1017 4189 Ita
1035 4127 1184 4218 duplicata
1198 4138 1245 4185 est
1368 4161 1372 4176 .

83 4213 228 4286 offensio,
248 4233 335 4292 quarn
354 4213 434 4294 prius
445 4224 655 4291 conceperant,
674 4213 726 4272 ubi
745 4212 848 4274 vident
866 4231 928 4270 nun
949 4207 1072 4280 intuma,
1090 4205 1142 4264 sed
1163 4201 1267 4282 quasi.

83 4311 118 4354 ex
147 4290 284 4371 professo
308 4312 374 4352 suaa
397 4290 526 4350 lotiones
556 4300 694 4369 tanquam
725 4309 816 4368 nugas
842 4306 858 4344 a
884 4283 1003 4346 Christo
1028 4281 1137 4362 sperni.
1181 4281 1242 4336 lam

53 4433 66 4442 ,
83 4385 176 4448 quum
195 4366 341 4450 malignos
361 4378 391 4432 et
409 4365 571 4432 virulentos
591 4365 705 4429 animoa
722 4365 857 4430 caream
875 4361 982 4424 aeriter
1001 4357 1162 4442 pungendo
1180 4373 1243 4421 ma-

772 4669 781 4702 Ι
