2814 4846
158 211 350 290 ssot-tou
370 205 594 291 Pbariaaeorum
613 211 766 277 calumnia.
795 195 908 278 bueo
926 217 1108 299 rerpomio.)
1143 223 1203 288 m

17 329 19 418 l
97 365 209 447 (tot.)
249 364 426 434 mauult.
453 355 523 435 Xll.
563 367 614 435 te.
641 367 753 456 Quum
780 382 887 440 autem
906 371 1089 440 immundus
1107 375 1202 460 epiri-

17 519 18 530 ,
56 479 110 531 tna
132 467 250 532 exierit
272 465 314 532 ab
337 467 484 550 bomine,
513 467 719 558 perambulat
738 494 799 560 per
818 473 893 540 loca
916 473 1020 567 pride,
1040 497 1201 563 quaerens
1317 531 1322 546 .

16 651 17 658 ἵ
54 567 212 653 requiem,
226 575 268 652 et
289 589 358 634 non
380 570 512 637 invenit.
548 571 600 638 44
623 571 718 640 Tunc
738 573 825 655 dicit,
843 577 1003 642 Revertar
1021 579 1056 642 in
1070 575 1202 642 domum

55 689 172 748 meam,
207 668 297 734 unde
325 672 424 736 exiri:
461 681 493 738 et
519 676 656 738 veniens
682 678 807 761 reperit
831 677 951 757 (enm)
977 687 1147 742 vacantem
1168 686 1202 743 et

56 769 164 854 scopis
194 782 362 856 purgatam
385 781 481 858 atque
503 783 657 839 ornatam.
697 775 749 842 45.
770 777 866 843 Tunc
886 775 970 856 abit,
1003 788 1036 842 et
1057 776 1202 864 adiungit

56 865 119 934 sibi
145 880 273 957 septem
303 870 386 936 alios
406 874 536 960 epiritue
557 872 739 946 deteriores
759 898 822 954 ee,
841 889 875 946 et
892 882 1056 966 ingressus
1075 876 1203 943 iubebi-

58 979 101 1034 tat
126 969 215 1050 illic,
247 983 280 1038 et
306 970 390 1038 litant
409 986 572 1060 postrema
594 975 733 1043 bominis
755 976 843 1046 illiue
863 981 979 1066 peiore
997 981 1122 1068 primia:
1153 981 1203 1044 eio

58 1072 117 1136 erit
138 1082 173 1136 et
194 1076 397 1158 generationi
420 1075 497 1140 huic
517 1095 701 1162 perversae.

138 1187 245 1260 LUC.
274 1189 328 1256 Xl.
376 1191 428 1258 24.
462 1193 572 1280 Quum
593 1193 775 1264 immundua
795 1181 926 1282 spiritua
947 1198 1060 1264 exierit
1080 1195 1122 1262 ab
1143 1194 1204 1266 ho-
1282 1273 1288 1290 x

57 1291 161 1368 mine,
181 1289 327 1358 ambulat
349 1313 408 1382 per
428 1291 502 1360 loca
524 1293 623 1374 arida,
644 1315 805 1382 quaerens
825 1299 986 1383 requiem:
1014 1307 1046 1362 et
1065 1315 1134 1366 non
1154 1299 1204 1362 in·

57 1393 204 1481 reniena,
225 1391 312 1471 dicit,
331 1393 493 1462 Revertar
512 1397 556 1460 in‘
568 1394 699 1461 domum
720 1416 832 1472 meam,
852 1395 941 1460 unde
959 1397 1051 1462 exivi.
1086 1397 1138 1462 25.
1159 1397 1204 1462 Et

58 1513 158 1578 quum
184 1497 327 1573 venerit,
363 1498 486 1582 reperit
507 1515 577 1569 eam
596 1499 705 1594 pcopis
725 1494 909 1567 mundatam
930 1505 1027 1582 atque
1048 1505 1204 1566 ornatam.

59 1593 107 1658 26.
145 1593 240 1660 Tunc
266 1592 369 1674 radit,
402 1606 435 1660 et
462 1600 594 1662 assumit
620 1586 744 1684 reptem
766 1595 849 1662 alioe
869 1597 1000 1684 spiritua
1020 1596 1204 1669 deteriores

58 1715 109 1773 re,
142 1707 175 1762 et
200 1699 352 1782 ingressi,
388 1695 570 1765 inhabitant
596 1695 680 1778 illic,
713 1705 746 1763 et
771 1695 855 1764 liunt
880 1706 1042 1784 postrema
1064 1698 1204 1764 hominib
1245 1725 1248 1736 ·

60 1793 148 1861 illiue
165 1797 281 1884 peiora
300 1799 421 1886 primis.

136 1965 186 2028 43.
227 1959 324 2044 (laum
347 1975 442 2022 mear
465 1961 630 2024 immmrdrre
647 1964 768 2039 perlue
785 1966 900 2026 aierit
940 1963 1053 2026 Scribis
1072 1973 1104 2026 et
1121 1965 1205 2030 simi-

60 2036 139 2098 libus
162 2039 341 2120 hypocritis,
381 2039 431 2120 qui
455 2052 554 2121 spreta
577 2039 639 2102 Dei
662 2039 757 2122 gratia
783 2061 850 2103 eum
878 2039 999 2107 diabulo
1020 2042 1205 2124 conspirant,

61 2136 191 2194 poenam
217 2117 389 2192 denuntiat,
421 2138 508 2196 quam
532 2129 663 2180 meretur
681 2113 813 2197 ipsorum
831 2117 1025 2202 ingratitudo.
1065 2119 1137 2194 Quo
1156 2131 1204 2180 ta-

60 2211 132 2251 men
157 2191 244 2252 latius
270 2203 371 2273 pateat
395 2193 547 2255 doctrinae
571 2193 699 2270 utilitas,
730 2194 911 2276 generaliter
928 2195 1085 2271 admonet,
1116 2195 1205 2275 quale

60 2267 119 2328 ribi
142 2268 284 2332 iudicium
311 2281 476 2348 arcessant,
507 2270 558 2348 qui
584 2269 712 2332 oblatam
740 2271 864 2351 gratiam
888 2271 1059 2350 spernendo
1085 2270 1204 2334 ianuam

63 2344 185 2407 diabolo
205 2367 305 2408 rursus
324 2346 469 2426 aperiunt.
499 2345 560 2407 Sed
581 2347 649 2427 quia
667 2345 791 2426 singulis
810 2345 874 2408 lere
894 2346 1044 2426 particulis
1062 2369 1205 2433 maguum

62 2421 140 2482 inest
158 2423 292 2502 pondus,
322 2423 465 2503 quaedam
484 2422 590 2484 ordine
609 2427 739 2484 notanda
758 2434 842 2499 eunt,
873 2422 1044 2512 priusquam
1061 2445 1204 2488 summam

64 2498 227 2580 parabolae
253 2511 419 2562 tractemus.
473 2498 574 2575 Quum
598 2499 635 2562 de
661 2503 745 2560 edlu
767 2497 876 2560 diaboli
900 2499 1033 2578 loquutur
1059 2497 1206 2576 Christian,

62 2577 121 2638 viru
145 2579 183 2637 et'
203 2575 346 2638 ellectum
363 2576 477 2656 gratiae
497 2577 557 2638 Dei
576 2577 779 2652 commendat,
808 2575 924 2655 quoties
944 2576 981 2636 ad
1000 2595 1057 2634 noe
1076 2577 1205 2640 accedite

64 2651 237 2733 praesertim
263 2673 335 2714 vero
362 2675 451 2734 quum
475 2653 557 2714 Dens
583 2652 671 2713 nobis
691 2650 913 2732 appropinquat
930 2651 963 2712 in
981 2649 1052 2712 Filii
1069 2651 1114 2714 sui
1134 2673 1204 2732 per·-

63 2751 155 2806 aona,
186 2729 257 2790 linia
281 2741 327 2792 eat
344 2741 378 2790 nt
396 2751 452 2792 nos
471 2751 488 2790 a
510 2728 623 2792 diaboli
641 2729 797 2811 tyrannide
818 2739 937 2808 ereptos
957 2729 995 2790 ad
1013 2749 1045 2790 ae
1060 2728 1203 2810 recipiat,

63 2805 271 2898 idque-palam
291 2818 412 2897 tentatus⁴
431 2807 673 2900 sueratlibristua
692 2803 806 2897 recenti
824 2803 977 2868 miraculo.
1007 2805 1118 2897 Quum·
1130 2825 1206 2900 ergo

63 2883 544 3054 tzttffnilztlfftett
569 2881 942 3050 tllsssltlll'tizlt’
965 2901 1010 3020 :t‘
1023 2882 1207 3038 tellit:

65 3039 171 3118 quibus
192 3037 372 3100 rechrmtue
391 3039 610 3119 redemptorem
631 3037 731 3100 ollert
760 3037 892 3098 Tametsi
912 3045 1009 3098 autem
1029 3057 1091 3098 non
1105 3039 1205 3102 omni·-

65 3113 118 3174 bue
138 3115 245 3176 efficax
263 3127 310 3176 est
329 3113 440 3176 Christi
459 3116 636 3197 praesentia,
656 3113 724 3194 quia
745 3112 891 3176 increduli
910 3113 1002 3194 ipsam
1020 3113 1205 3180 sibiirritam

65 3193 210 3268 reddunt,
236 3203 341 3253 notare
360 3203 459 3254 umen
479 3191 586 3268 voluit,
612 3211 752 3273 quorsom
772 3211 827 3254 nos
845 3191 909 3281 ipsc
928 3188 1040 3266 visitet,
1060 3191 1132 3271 quid
1151 3214 1207 3273 per

64 3290 96 3330 re
115 3269 215 3331 valeat
231 3291 300 3330 auus
320 3269 478 3346 adrentus,
498 3270 567 3348 quid
588 3269 716 3347 denique
735 3268 805 3328 mali
823 3267 942 3348 spiritus
960 3267 1106 3328 cendant:
1126 3290 1205 3338 nun-

66 3367 153 3426 quam
174 3345 253 3408 enim
274 3357 415 3427 operatur
433 3347 464 3408 in
485 3345 663 3422 bominibus,
683 3343 755 3424 quin
773 3343 886 3408 diaboli
905 3343 935 3403 in
956 3355 1104 3406 certamen
1119 3346 1208 3410 tracti

66 3425 130 3484 eius
154 3423 256 3484 virtuti
282 3423 481 3488 succumbunt
525 3423 704 3487 Tenendum
730 3443 803 3507 ergo
825 3433 883 3496 est,
911 3420 1062 3484 diabolum
1081 3441 1098 3484 a
1117 3422 1208 3486 nobia
1319 3419 1330 3451 ⁰

66 3499 148 3576 eiici,
169 3500 283 3579 quoties
304 3499 391 3560 nobis
411 3499 538 3592 allulget
551 3499 736 3575 christus,
754 3519 893 3579 suamque
913 3518 985 3578 erga
1004 3519 1060 3559 nos
1080 3497 1206 3582 gratiam

65 3577 168 3656 aliquo
194 3577 374 3638 documento
400 3589 515 3638 exserat.
552 3578 672 3638 Interea
691 3579 778 3638 nobie
798 3573 974 3636 describitur
990 3576 1095 3636 misera
1114 3577 1209 3638 totius
1253 3628 1256 3637 .

66 3653 187 3715 hannani
212 3654 331 3737 generis
354 3653 504 3716 conditio:
534 3655 668 3737 sequitur
693 3655 787 3729 enim,
817 3651 967 3714 diabolum
986 3651 1019 3714 in
1038 3650 1206 3714 bominibus

67 3732 249 3792 domicilium
277 3732 402 3806 babere,
430 3732 498 3811 quia
522 3731 591 3794 inde
618 3729 774 3812 expellitur
793 3752 809 3792 a
828 3731 907 3792 Filio
926 3729 995 3792 Dei.
1031 3727 1124 3809 Atqui
1142 3747 1206 3788 non

68 3808 105 3868 de
130 3830 194 3871 uno
221 3820 273 3868 aut
293 3808 387 3870 altero
412 3827 510 3872 ammo
535 3808 677 3885 babetur,
714 3809 766 3870 sed
791 3808 828 3870 de
854 3819 918 3870 tota
941 3803 1087 3890 progenie
1112 3805 1206 3866 Adae.

68 3887 150 3948 llaec
170 3886 264 3969 igitur
283 3897 406 3948 naturae
425 3898 545 3946 nostrae
565 3882 660 3968 gloria
680 3885 835 3967 estquod
852 3907 933 3946 auam
952 3883 984 3944 in
1004 3880 1091 3941 nobis
1105 3883 1208 3945 sedem

68 3963 161 4026 babet
187 3964 339 4039 diabolus,
373 3975 480 4026 uttam
500 3963 530 4022 in
551 3983 679 4046 corpore
700 3985 786 4042 quam
806 3965 836 4023 in
856 3963 952 4022 anima
973 3957 1093 4020 habitet
1132 3957 1206 4034 Quo

69 4043 158 4102 etiarn
178 4041 320 4101 illustrius
340 4055 385 4102 est
403 4039 621 4102 misericordiae
640 4040 700 4102 Dei
718 4040 879 4121 specimen,
899 4038 967 4098 dum
987 4057 1042 4098 nos
1062 4055 1097 4094 ex
1115 4035 1208 4098 loeti-

69 4117 112 4180 dis
138 4119 253 4180 diaboli
271 4117 392 4180 stabulis
411 4117 519 4198 templa
538 4117 594 4176 sibi
614 4116 716 4193 lacit,
731 4129 762 4177 et
780 4119 816 4178 ad
836 4114 963 4196 Spiritus
981 4113 1027 4177 sui
1046 4111 1208 4176 habitatio-

68 4215 139 4256 nem
160 4207 326 4256 consecrat.
364 4195 471 4256 Tertio
491 4193 662 4286 depingitur
680 4193 768 4255 nobis
788 4193 914 4254 Satanae
932 4190 1101 4274 ingenium,
1125 4193 1208 4272 quod

69 4273 185 4334 scilicet
203 4291 354 4354 nonquam
374 4284 469 4335 cesset
487 4293 506 4334 a
522 4273 621 4347 nonu,
639 4269 691 4332 red
710 4271 824 4332 assidue
842 4279 971 4350 satagat,
989 4289 1080 4350 reque
1100 4268 1156 4330 buc
1176 4279 1209 4330 et
1270 4313 1274 4318 -

69 4346 142 4416 illuc
167 4361 280 4417 verret:
312 4349 440 4432 denique
464 4371 532 4418 auur
557 4368 659 4414 omnea
683 4347 819 4414 intendat
837 4358 961 4412 conatur
979 4347 1017 4414 ad
1035 4348 1208 4416 machinan-
