2790 4838
1229 67 1239 106 l

790 183 798 209 r
877 165 881 186 ⁸
1056 177 1060 193 '

379 240 460 322 ’(97.
480 243 559 309 lesus
579 243 646 305 Deo
665 244 773 325 gratias
792 243 880 326 agit)
1071 241 1112 358 Ἰ
1143 231 1201 312 hii

12 363 14 382 b
167 332 175 364 l

12 407 13 448 l
58 386 223 480 sermonis·
239 401 403 480 gontextus,
448 393 613 456 Confirmat
636 395 714 457 enirn
740 395 904 471 Christus,¹
920 394 1004 473 quod
1020 391 1105 476 prius
1118 395 1198 472 dixit,

59 463 180 554 Omma
199 463 257 540 srbr
277 469 383 530 tradita
404 491 466 532 esse
485 493 502 532 a
520 473 625 547 Patre,
644 485 681 533 ut
695 472 817 534 sciamus
837 471 951 550 inipso
972 470 1103 531 babitare
1121 471 1198 531 Dei-

57 551 125 602 taus
154 540 386 622 plenitudinem
426 548 492 608 Huc
516 569 626 608 summa
644 549 737 624 redit,
764 547 860 611 Patris
879 547 989 608 donmn
1008 567 1088 620 esse,
1117 566 1176 625 quo

55 617 259 708 cognoscitur
281 620 390 697 Filius,
419 625 485 703 quia
511 625 625 705 Spiritu
648 646 702 687 sno
728 625 814 685 nobis
839 624 946 686 mentis
972 624 1073 684 oculos
1092 624 1197 704 aperit,

55 695 168 828 qprbus
189 715 346 758 cernamus
356 697 467 762 Christi
486 701 621 783 gloriam,
641 723 715 793 quae
735 701 847 781 alioqui
865 698 952 760 uobis
972 711 1049 760 esset
1066 699 1194 759 abscon-

83 781 132 828 ta:
154 769 279 831 Patrem
298 793 385 851 vero,
426 775 455 836 ui
473 778 569 838 lucem
588 778 702 840 bahrtat
719 779 911 851 inaccessam,
931 787 961 838 et
979 777 1009 835 iu
1029 797 1060 836 se
1080 775 1194 848 insom-

54 846 271 936 prehgnsibilis
291 861 346 926 est,
364 853 467 912 aFrlio
487 854 576 916 nobis
594 853 783 932 manifestari,
803 854 854 935 qui
872 853 935 916 viva
956 853 1072 916 cstiius
1084 849 1195 936 imago,

55 931 85 980 ut
104 922 184 982 alrbr
203 923 311 984 frustra
331 942 494 1007 quaeratur.
845 960 848 968 ¹
1064 953 1066 958 ·

68 1005 183 1089 ..28
227 998 335 1062 Venite
360 1003 402 1064 nd
422 1027 468 1066 me
491 1029 595 1068 numen
632 1008 694 1067 Iam
714 1007 783 1068 beni
826 1009 900 1068 ead
918 1025 949 1068 se
969 1005 1088 1078 invitat,
1119 1023 1193 1094 quos

53 1075 109 1134 srbr
135 1077 269 1138 idoncos
294 1077 361 1140 lore
387 1081 545 1163 discipulos
577 1084 719 1164 agnoscit.
778 1029 918 1160 &rasuris
947 1079 1024 1153 cuim
1041 1081 1193 1153 ‘omutbus

54 1151 177 1212 Patrem
204 1153 393 1216 manifestare
412 1171 538 1248 paratus
564 1159 617 1232 sit,
646 1160 726 1220 bona
749 1171 846 1220 tamen
872 1182 939 1240 pars
963 1159 1102 1218 accedere
1122 1157 1196 1220 ideo

55 1229 202 1310 negligit,
223 1229 291 1308 quia
310 1236 489 1298 necessitatis
507 1257 576 1300 suae
596 1257 683 1296 sensu
701 1256 762 1294 non
783 1238 922 1327 tangitur.
962 1235 1111 1308 Christum
1129 1253 1191 1292 non

53 1319 161 1394 curant
194 1307 384 1398 hypocritae,
423 1313 490 1390 qnia
520 1312 595 1372 ebrii
617 1311 741 1448 propria
765 1313 872 1372 iustitia
898 1311 1019 1394 gratiam
1044 1310 1105 1369 eius
1129 1330 1191 1380 non

54 1393 191 1442 nonunt
217 1401 275 1442 nec
302 1386 413 1452 sitiunt.
458 1388 520 1462 Qui
545 1410 614 1451 mun
637 1408 655 1448 o
680 1399 749 1450 sunt
770 1388 894 1462 addicti,
925 1387 1082 1446 coelestem
1102 1383 1191 1446 vitam

54 1477 108 1534 pro
135 1457 237 1548 nihilo
264 1461 382 1522 ducunt
437 1465 560 1530 Frustra
585 1483 618 1524 er
640 1484 658 1524 o
684 1476 825 1544 utrosque
849 1464 916 1526 illos
943 1463 979 1522 ad
1003 1461 1190 1522 seerristus

54 1547 192 1594 uocaret:
212 1535 283 1597 rdeo
302 1559 333 1598 sc
352 1540 390 1599 ad
408 1541 531 1603 miseros
551 1552 617 1602 eta
653 1541 728 1602 'ctos
747 1541 904 1602 conuertit.
937 1539 1034 1600 Porro
1054 1535 1191 1596 Morum
1216 1569 1218 1572 ·

54 1610 221 1702 &avoc-at,
237 1612 297 1702 ‘qui
316 1613 370 1674 sub
390 1637 484 1677 onere
502 1629 638 1702 gemunt:
662 1638 718 1678 nec
759 1616 916 1678 eneraliter
934 1613 1083 1710 quoslibet
1101 1611 1189 1700 intel-

55 1685 120 1766 bgrt
138 1699 263 1750 trxstrtra
284 1701 314 1750 et
332 1694 479 1756 aemmnis
498 1715 673 1775 oppressos,
700 1637 758 1756 sed
772 1695 821 1775 qui
864 1704 969 1758 cecatus
988 1691 1045 1762 suis
1065 1689 1191 1764 confusi,
1242 1713 1247 1732 ι

55 1775 83 1821 rt
101 1763 166 1824 irae
177 1763 240 1824 Dei
259 1778 340 1828 metu
359 1770 496 1848 perculsi,
516 1783 601 1832 tanto
619 1771 705 1831 oneri
724 1791 791 1833 succ
865 1780 926 1830 unt
955 1767 1051 1826 Variis
1070 1765 1188 1858 quidem

54 1839 149 1930 modis
170 1841 286 1933 electos
303 1864 371 1906 suos
391 1846 523 1908 humiliat
540 1848 638 1923 Deus,
666 1847 718 1908 sed
738 1847 806 1938 quia
825 1846 959 1928 plerique
978 1843 1101 1904 miserias
1119 1862 1186 1924 gra-

54 1927 111 1974 ratr
143 1917 342 1980 mhrlomrnus
374 1936 560 1984 contumaces
591 1935 621 1984 et
644 1923 782 1990 indomiti
803 1934 940 1997 manent,
976 1919 1139 1980 tatamen
1162 1931 1190 1980 ea

53 2009 190 2054 mos
207 1995 517 2080 intelligithbristus,
542 2000 594 2080 qui
612 2001 715 2060 mortis
734 2013 872 2062 aeternae
891 2010 974 2060 reatu
994 1995 1188 2057 conscientias

53 2067 179 2159 afflictas
199 2070 322 2148 babent,
342 2076 431 2136 etita
450 2077 508 2138 suis
528 2077 609 2137 malis
628 2077 707 2138 intus
725 2089 870 2158 urgentur
887 2086 920 2135 ut
939 2073 1094 2137 deficiant:
1119 2091 1188 2135 nam

54 2143 101 2206 hrc
138 2147 276 2208 defectus
305 2170 361 2210 nos
392 2152 430 2211 ad
457 2153 655 2234 recipiendam
685 2154 747 2214 eius
777 2152 901 2234 gratiam
928 2151 1053 2211 idoneos
1081 2147 1187 2212 reddit.

53 2221 185 2283 Perinde
198 2243 288 2314 ’reto‘
306 2238 352 2286 est
375 2228 585 2310 aelfdixisset,
614 2230 683 2290 ideo
702 2251 782 2290 suam
802 2229 925 2312 gratiam
945 2248 961 2286 a
979 2225 1085 2288 maibri
1103 2233 1187 2302 parte
1242 2235 1248 2252 ⁹

54 2311 218 2376 contemni,
237 2321 306 2380 qura
325 2305 409 2382 pauci
429 2305 559 2386 inopiam
569 2326 658 2366 suam
676 2306 819 2366 sentiant:
839 2304 954 2364 interea
967 2322 1029 2361 non
1044 2319 1116 2374 csse,
1135 2319 1188 2360 cur

55 2373 174 2435 illorum
194 2377 334 2457 superbia
353 2380 399 2441 vel
418 2393 522 2463 stupor
542 2381 664 2442 afflictas
683 2381 792 2441 animas
812 2379 956 2452 retardet,
986 2397 1060 2455 quae
1081 2375 1118 2436 ad
1137 2394 1186 2432 re-

54 2453 181 2511 medium
201 2452 357 2544 suspirant
396 2457 499 2531 Qnarc
517 2457 644 2518 sinamus
662 2456 760 2518 valere
780 2475 831 2516 eos
851 2474 970 2528 omnes,
990 2450 1039 2529 qui
1059 2451 1186 2510 Satanae
1290 2505 1293 2518 ,

74 2528 218 2610 raestigiis
245 2531 379 2591 fascinati
403 2533 450 2594 vel
469 2533 525 2595 sibi
545 2533 739 2613 persuadent,
767 2529 907 2590 iustitiam
925 2549 956 2588 se
977 2525 1086 2586 habere
1107 2535 1185 2583 extra
1280 2551 1285 2562 .

55 2547 222 2680 buencum,
241 2605 289 2668 vel
307 2630 339 2668 se
358 2607 389 2668 in
410 2611 468 2671 hoc
487 2610 597 2669 mundo
618 2609 721 2670 beatos
742 2627 804 2670 csse
823 2605 880 2664 ima
904 2604 913 2618 ‘
935 2615 1029 2662 antur.
1066 2601 1129 2659 Nos
1148 2599 1186 2658 ad

56 2681 205 2742 Christum
230 2685 429 2762 appetendum
454 2687 530 2746 mala
553 2697 654 2748 nostra
677 2683 840 2766 impellant
882 2625 1010 2759 ffiquli
1030 2696 1091 2736 ¹¹⁰⁰
1112 2673 1185 2733 ²¹3⁰⁸

56 2755 188 2819 Christus
213 2759 341 2820 admittit
364 2761 394 2820 in
419 2762 589 2822 fruitionem
617 2761 723 2842 quietis
748 2779 832 2831 suae,
860 2755 917 2816 nisi
944 2754 993 2836 qui
1018 2751 1071 2812 sub
1092 2770 1185 2812 onere

54 2834 208 2911 fatiscunt,
236 2835 394 2913 discamus,
418 2831 531 2898 nullum
552 2859 615 2899 esse
632 2838 725 2919 magis
743 2835 914 2919 pestiferum
926 2831 1078 2892 'verrenum
1098 2847 1185 2909 quam

55 2911 220 2972 socordiam
239 2911 330 2987 illam,
350 2935 436 2995 quam
455 2916 486 2976 in
505 2915 592 2976 nobis
613 2927 736 2998 generat
754 2909 949 2976 relterrenae
962 2905 1119 2980 felicitatis,
1136 2901 1186 2962 vel
1223 2941 1225 2948 ·

54 2987 181 3048 institiae
201 2998 232 3048 et
250 2989 364 3051 virtutis
384 2989 456 3051 falsa
476 3003 507 3052 et
525 2992 611 3052 fallax
631 2991 747 3071 opinio:
767 2988 837 3048 ideo
856 3008 889 3048 se
909 2986 1032 3065 quisque
1051 2992 1185 3046 nostrum

53 3065 165 3126 assidue
184 3065 410 3156 expergefaciat,
429 3088 463 3130 ac
482 3069 577 3148 primo
597 3068 629 3127 in
648 3065 826 3128 excutiendis
844 3063 946 3126 mnndi
966 3059 1078 3123 deliciis
1096 3057 1191 3146 scdq-'

53 3139 93 3201 lus
113 3142 163 3216 sir,
183 3142 290 3201 derude
311 3143 392 3202 omni
411 3161 549 3224 perversa
567 3143 713 3204 fiduciase
726 3152 855 3204 evacuet
885 3139 1043 3202 Caeterum
1054 3153 1199 3218 qttatttvts¹

53 3217 124 3278 haec
149 3217 187 3278 ad
204 3217 405 3298 recipiendam
427 3219 536 3282 Christi
555 3220 678 3304 gratiam
694 3219 882 3311 praeparatio
901 3235 1021 3298 prorsus
1041 3210 1186 3299 exanimpt

54 3294 203 3370 homines,
230 3296 393 3358 notandum
416 3308 515 3356 tamem
535 3310 593 3374 est,
622 3295 748 3376 Spiritus
767 3296 861 3370 sancti
880 3293 991 3354 donum
1010 3309 1090 3362 esse,
1116 3306 1185 3378 quta
1287 3297 1314 3376 ἡ·

53 3369 166 3430 initium
190 3370 393 3451 poenitentiae
419 3384 478 3448 est,
506 3374 543 3434 ad
570 3391 657 3465 quam
679 3371 776 3431 nullus
800 3371 923 3462 proprio
948 3377 1042 3434 marte
1066 3371 1183 3443 aspirat-

54 3445 117 3508 licc
142 3467 211 3509 sanc
236 3446 332 3506 voluit
356 3449 507 3526 Christus,
539 3449 609 3530 qurd
629 3469 664 3508 ex
681 3469 712 3508 se
731 3459 824 3528 possit
842 3448 950 3520 bomo,
980 3445 1106 3515 docere,
1131 3437 1184 3498 sed

54 3533 166 3582 tentum
186 3523 311 3603 qualiter
330 3523 455 3584 allectos
475 3545 538 3586 esse
558 3535 706 3606 oporteat,
726 3525 776 3604 qui
794 3523 832 3583 ad
851 3523 945 3602 ipsum
957 3521 1088 3581 veniunt.
1119 3512 1182 3588 Qui
1271 3577 1275 3588 ,

55 3617 129 3659 onam
152 3609 183 3659 et
208 3600 342 3660 lahorem
358 3601 551 3684 restringunt
574 3601 611 3661 ad
636 3599 746 3683 legales
770 3599 966 3672 ceremonias,
995 3594 1081 3654 nirnis
1101 3602 1182 3650 exte-

53 3688 144 3736 nuant
164 3676 276 3738 Christi
295 3677 480 3738 sententiam.
516 3679 627 3739 Fateor
646 3678 774 3757 quidem,
791 3675 979 3736 intolerabile
997 3671 1086 3732 fuisse
1106 3684 1183 3725 onus

52 3751 155 3836 Legis,
191 3763 223 3814 et
267 3754 327 3813 uod
351 3755 460 3814 animas
485 3753 640 3814 obrueret:
676 3753 758 3833 atqui
784 3752 926 3816 memoria
946 3746 1110 3831 'tenendum
1136 3750 1182 3828 est

54 3829 132 3908 quod
151 3829 223 3906 dix'i,
243 3773 391 3890 Christum
412 3829 548 3890 omnibus
568 3829 820 3891 afflictismanum
840 3828 1007 3911 porrigere,
1025 3831 1060 3881 ut
1078 3819 1180 3877 dsscrr-

54 3925 118 3967 men
142 3917 252 3967 statuat
275 3907 354 3968 inter
379 3905 536 3985 discipulos
556 3917 586 3966 et
603 3903 758 4000 Evangelii
777 3917 1006 3984 contemptores.
1044 3891 1182 3956 Noltnda

54 3995 146 4043 autem
167 3994 213 4043 est
231 3983 378 4066 generalis
398 3981 553 4063 particula:
573 3983 642 4044 ideo
662 4003 741 4043 curm
752 3983 815 4043 sinc
827 3980 999 4059 exceptione
1013 3969 1181 4063 complexus

53 4070 94 4119 est
117 4059 269 4136 Christus,
300 4060 468 4139 quicunque
493 4058 631 4120 laborant
649 4071 681 4124 et
696 4058 815 4122 .0nerati
834 4067 917 4129 sunt,
949 4069 1072 4142 Restm
1091 4063 1181 4126 prm

53 4135 236 4198 dubitatione
258 4135 335 4198 niam
358 4135 415 4198 sibi
438 4135 617 4216 praecludat
673 4138 716 4196 Et
737 4147 836 4206 umen
862 4150 964 4192 omnes
988 4126 1032 4218 tlh
1055 4141 1181 4213 numera

53 4213 134 4288 pauci
147 4224 243 4294 ¹sunt,
295 4213 343 4272 uia
368 4233 402 4274 ex
425 4211 578 4273 innumera
602 4211 788 4292 pereuntium
811 4209 897 4271 turba
921 4219 1009 4288 pauca
1030 4218 1179 4281 seperire

52 4291 188 4350 sentiunt.
225 4233 425 4364 Redacillatio,
444 4311 529 4370 quam
549 4288 761 4380 promittit,·in
779 4285 906 4371 gratuita
925 4291 1114 4366 peccatorum
1132 4295 1182 4340 rc·
1243 4348 1245 4357 ,

52 4365 189 4494 missique
208 4365 264 4430 sita
282 4377 338 4445 cat,
357 4385 433 4448 qnae
451 4366 515 4432 sola
533 4385 589 4431 nos
607 4365 785 4448 trauqmllat
