2766 4840
5 139 6 146 ,
109 121 124 155 s
657 127 660 137 ·
1049 103 1056 122 ¹

173 225 236 290 318
326 250 331 259 -
407 211 524 276 SECT.
542 211 623 274 m
663 225 795 272 cnnrsrt
814 223 932 274 uassto
953 225 996 272 ur
1015 225 1117 274 trous.

176 371 264 435 latius
281 382 382 432 tamen
400 377 484 450 patet
501 367 575 430 baec
595 367 741 440 doctrine,
768 366 851 458 quod
869 365 962 428 Satan
981 365 1096 428 assidue
1116 365 1282 428 circumeat
1300 367 1343 428 in·

178 451 262 511 hians
282 447 419 530 praedae.
457 446 558 521 Quum
579 455 755 527 autemxtam
774 463 878 504 insano
898 443 1015 504 feratur
1030 445 1139 506 ardore
1156 445 1196 505 ad
1209 465 1268 505 nos
1279 467 1343 526 per-
1368 493 1370 540 ,

180 527 310 599 dendus,
334 523 409 583 nihil
432 522 525 604 magis
549 521 706 583 absurdum
731 531 776 580 est
803 541 889 611 quam
909 540 965 582 nos
984 533 1115 600 torpere.
1153 523 1243 604 Ergo
1263 536 1343 582 ante-

140 627 147 645 ¹
180 625 267 685 quam
286 611 428 682 appareat
444 599 598 692 pugnandi
617 597 790 674 necessitas,
814 617 871 656 ram
891 617 947 657 nos
967 617 1118 677 paremus:
1145 599 1216 678 quia
1243 601 1343 659 scimus
1370 572 1371 644 l

180 701 213 740 cx
238 679 313 740 etia
333 679 442 738 Sataua
462 687 594 738 ausuum
614 674 742 748 exitium,
762 685 793 732 et
811 693 912 733 omnes
931 675 1062 734 nocendi
1073 675 1184 736 modos
1203 689 1297 735 astute
1317 690 1345 735 et

179 702 283 820 cristo
303 755 340 815 ab
362 775 400 816 eo
419 753 540 834 captari.
578 751 641 812 Ubi
659 771 731 822 vero
750 751 789 810 ad
808 750 980 815 conflictum
998 763 1120 812 ventum
1142 751 1246 826 inerit,
1270 753 1344 812 scia-

179 834 296 900 masin
316 832 393 898 illius
412 830 505 892 bostis
525 827 645 890 officina
664 826 820 888 fabricatas
840 847 902 888 esse
923 847 1026 888 omnes
1038 829 1233 904 tentationes,
1253 832 1344 890 unde-

182 933 239 972 cun
263 931 299 970 uc
319 907 476 991 prodeant.
514 905 684 967 Similitudo
703 902 853 966 monada·
877 924 940 964 non
959 904 1041 963 omni
1061 926 1096 964 er
1110 917 1203 997 parte
1224 907 1344 998 proprie

182 933 320 1069 quadrat:
348 1007 415 1045 nam
439 981 510 1043 alibi
532 983 655 1043 uidimus
679 1001 778 1042 vanno
798 991 849 1042 aut
867 981 966 1041 cribro
987 981 1119 1042 conferrr
1138 984 1346 1066 Evangclrum,

181 1085 241 1146 quo
260 1064 391 1124 triticum
409 1072 553 1152 purgatur
572 1081 588 1120 a
608 1059 704 1140 palea,
722 1058 774 1120 sed
793 1058 842 1118 bic
862 1057 1035 1136 simpliciter
1052 1059 1199 1120 ventilare
1218 1061 1347 1120 autria-

179 1141 278 1204 lenter
297 1151 433 1202 excutere
451 1137 608 1220 significat,
627 1137 695 1218 quia
714 1135 746 1194 in
765 1145 862 1196 morte
883 1132 993 1195 Christi
1014 1136 1115 1195 durius
1134 1135 1220 1196 solito
1242 1137 1346 1198 iactati

181 1217 321 1300 Apostoli
338 1216 468 1278 luerunt.
506 1215 574 1274 Hoc
593 1213 662 1274 ideo
681 1213 844 1274 tenendum
864 1223 918 1288 est,
938 1212 1004 1291 quia
1017 1212 1092 1273 nibil
1108 1214 1201 1274 minus
1212 1211 1347 1272 Satanae

180 1297 280 1378 placet
295 1294 391 1374 ‘quana
416 1292 547 1352 fidelium
573 1291 721 1372 purgatio.
762 1289 922 1350 Caeterum
943 1289 1073 1368 quamvis
1092 1290 1125 1349 iu
1145 1290 1234 1350 aliurn
1256 1290 1346 1350 tinem

182 1393 234 1433 eos
259 1371 401 1452 exagitet,
431 1389 502 1430 vere
528 1380 627 1430 tamen
653 1366 710 1428 boc
736 1365 860 1441 dicitur,
890 1385 953 1426 non
982 1387 1066 1428 secus
1096 1389 1131 1427 ac
1155 1367 1292 1428 triticum
1318 1369 1345 1427 in

180 1471 280 1510 vanno
301 1449 357 1510 buc
377 1457 408 1508 et
425 1445 495 1508 illuc
514 1445 524 1504 i
545 1465 593 1506 sos
612 1441 741 1524 propelli
761 1463 794 1503 ac
815 1443 925 1504 iactari.
963 1443 1061 1504 Porro
1082 1443 1197 1524 aliquid
1216 1445 1345 1504 deterius

183 1527 222 1586 im
245 1525 336 1586 letum
356 1524 447 1584 fuisse
465 1523 497 1582 iu
518 1467 668 1602 discipulis
687 1518 776 1601 paulo
795 1531 864 1600 post
882 1517 1055 1580 videbimus.
1095 1522 1199 1601 Atque
1221 1521 1282 1581 hoc
1294 1523 1346 1580 sibi

181 1548 287 1666 volunt
309 1601 434 1662 Domini
457 1600 563 1673 verba,
588 1597 693 1678 quibus
717 1597 796 1678 apud
819 1597 1001 1658 Matthacum
1028 1609 1059 1656 et
1083 1599 1221 1658 Marcum
1249 1600 1346 1672 utitur,

179 1679 232 1741 isos
250 1701 346 1740 omues
362 1675 532 1738 semidam
545 1677 699 1752 pmiemisai
714 1677 747 1736 ist
765 1695 818 1734 nte.
864 1673 1041 1756 Significant
1065 1675 1145 1735 enim
1174 1695 1239 1734 non
1258 1676 1346 1736 modo

181 1756 370 1837 impetendos
389 1773 463 1828 esse,
480 1752 533 1813 aed
551 1771 647 1833 prope
667 1769 815 1812 cessuros:
836 1749 905 1830 quia
923 1747 1069 1830 probrosa
1084 1747 1200 1812 Chr'oti
1221 1751 1346 1812 deiectio

183 1855 287 1894 eorum
308 1850 429 1911 quoque
447 1829 561 1890 animos
581 1839 758 1908 prosternet.
795 1827 873 1888 Nam
886 1847 973 1908 quum
985 1827 1118 1907 ipsorum
1128 1841 1232 1909 partes
1243 1843 1346 1898 ment

183 1919 354 1970 constanter
395 1925 499 1988 ergere
520 1925 584 1966 cum
604 1901 744 1986 nsagistro
764 1903 802 1964 ad
821 1925 938 1964 crucem
957 1925 1067 1983 usque,
1116 1927 1211 1966 auore
1232 1905 1345 1966 refracti

183 1997 260 2046 suut.
299 1985 345 2045 Ita
370 1929 425 2043 illis
450 2003 500 2044 sua
526 1981 679 2042 iufirmitas
702 1981 897 2062 proponitur,
921 1991 954 2040 ut
971 2002 1081 2062 precan
1106 2003 1125 2044 o
1147 1995 1182 2043 et
1199 1983 1344 2065 gemendo

183 2064 221 2124 ad
240 2081 354 2124 sacrum
373 2055 432 2120 Dei
451 2081 481 2120 as
502 2058 561 2118 lum
581 2058 764 2140 confugiant.

257 2140 362 2199 Matth.
390 2143 438 2203 at.
475 2079 623 2211 simpron
646 2149 688 2195 est
705 2138 790 2199 etaim
829 2133 898 2196 Hoc
927 2133 1069 2196 vaticinio
1102 2155 1159 2198 eos
1192 2137 1228 2198 ad
1255 2157 1342 2218 supe-

183 2215 307 2278 randum
326 2215 494 2277 scandalum
513 2211 633 2286 animat,
652 2211 719 2294 quia
733 2209 816 2272 Deus
829 2232 886 2292 pro
900 2211 1002 2273 ovibus
1021 2209 1080 2274 suis
1100 2233 1267 2296 agnoscere
1284 2235 1345 2274 nou

184 2295 313 2368 desinat,
362 2313 415 2352 uos
435 2293 471 2352 ad
490 2300 605 2370 tempus
625 2289 681 2349 huc
706 2301 737 2349 et
755 2287 826 2349 illuc
844 2310 879 2350 cx
901 2289 963 2352 ellit
982 2287 1147 2370 dissipatio.
1190 2291 1344 2372 Postquam

91 2391 100 2411 ⁶
184 2371 263 2433 enim
285 2371 321 2430 de
341 2314 492 2430 Ecclesiae
510 2366 700 2436 restitutione
719 2365 855 2426 disseruit
873 2309 1034 2448 Eropbcta,
1059 2387 1099 2428 ne
1120 2379 1274 2430 extremae
1291 2369 1344 2430 cla·

186 2451 248 2524 des,
269 2467 343 2527 quae
363 2446 420 2505 iam
440 2443 603 2518 instabant,
628 2442 834 2525 desperatione
853 2441 1017 2504 obruerent
1036 2444 1099 2523 pias
1119 2458 1258 2518 mentes,
1281 2467 1345 2526 pro-

184 2525 311 2596 nuntiat,
330 2523 463 2596 confusa,
481 2521 543 2582 irno
564 2539 663 2589 eversa
683 2519 901 2602 gubernatione
921 2521 1032 2580 tristem
1059 2541 1093 2582 ac
1118 2521 1264 2582 miseram
1288 2523 1345 2582 iore

185 2601 411 2682 dispersionem,
428 2599 579 2659 victricem
597 2607 697 2657 tamen
717 2596 784 2656 lore
796 2596 856 2656 Dei
875 2596 1007 2680 gratiam.
1048 2597 1238 2680 Quanquam
1259 2615 1346 2660 autem

186 2699 289 2740 omncs
315 2677 379 2738 iere
403 2675 580 2756 interpretes
607 2673 705 2734 locum
724 2673 883 2734 Zachariae
909 2677 971 2752 (13,
990 2675 1034 2752 7.)
1062 2675 1100 2734 ad
1128 2677 1224 2736 unius
1246 2675 1348 2749 Christi

139 2765 146 2780 '
184 2775 341 2838 personam
361 2756 466 2812 restrin
510 2763 553 2828 nt,
573 2771 630 2844 ego
649 2763 749 2810 tamen
769 2750 854 2809 latius
874 2750 1014 2825 extendo,
1039 2750 1100 2810 acsi
1125 2753 1248 2814 dictum
1272 2767 1348 2824 esset,

184 2830 297 2892 nullum
317 2830 383 2890 iore
403 2771 526 2910 amplills
544 2848 689 2910 regimen,
709 2846 768 2906 quo
788 2826 865 2887 salus
907 2827 988 2908 opuli
1004 2828 1193 2904 continetur,
1216 2832 1287 2912 quia
1299 2830 1348 2890 tul-

184 2909 284 2968 lentur
304 2927 320 2966 e
339 2905 438 2966 medio
459 2917 600 2985 pastores.
639 2905 744 2984 Neque
762 2903 842 2978 enim
855 2904 893 2963 du
915 2905 969 2980 ito,
989 2903 1060 2984 quin
1073 2915 1176 2966 totum
1191 2907 1271 2968 illud
1284 2921 1349 2968 ten-

208 3007 239 3044 us
259 2979 419 3074 complecti
437 2981 584 3043 Dominus
603 2979 742 3056 voluerit,
761 3001 822 3061 quo
842 2992 911 3062 post
929 2980 1115 3062 tyrannidem
1128 2983 1285 3046 Antiochi
1303 3007 1349 3044 nu-

184 3006 253 3122 llata
272 3059 359 3120 bonas
379 3059 545 3139 pastoribus
558 3058 691 3121 Ecclesia
710 3057 743 3116 in
762 3057 927 3118 vastitatem
946 3057 1064 3118 redacta
1085 3059 1160 3120 fuit:
1182 3073 1262 3123 tunc
1281 3063 1348 3124 euin

160 3138 267 3216 ,Deus
294 3135 422 3272 gladium
448 3135 596 3196 horrenda
621 3134 740 3194 licentia
766 3134 891 3218 grassari
938 3155 1015 3194 assus
1042 3145 1103 3210 est,
1128 3137 1186 3216 qui
1208 3139 1350 3200 exstinctis

207 3213 295 3273 asturi
320 3233 352 3272 us
371 3212 476 3273 misere
494 3212 629 3273 turbaret
647 3210 751 3292 populi
769 3223 885 3272 statum.
952 3231 1026 3289 eque
1039 3223 1140 3272 tamen
1152 3213 1280 3276 obstitit
1291 3218 1352 3275 haec

184 3233 342 3370 dispersio,
365 3289 437 3370 quin
456 3289 603 3350 Dominus
622 3289 742 3350 undem
763 3307 833 3349 oves
852 3307 916 3348 suas
936 3300 1053 3348 extenta
1071 3309 1168 3350 manu
1188 3293 1354 3376 colligeret

187 3366 345 3428 Caeterum
365 3387 531 3447 quanquam
557 3365 588 3424 in
614 3383 727 3448 genere
746 3364 900 3426 denuntiat
918 3364 1085 3444 Propheta,
1110 3367 1287 3430 orbandam
1327 3390 1355 3427 a·

184 3444 314 3508 storibus
341 3463 403 3504 esse
428 3441 608 3518 Ecclesiam,
632 3443 668 3503 ad
689 3441 839 3504 Christum
863 3453 962 3501 tamen
987 3462 1056 3502 vere
1084 3453 1115 3502 et
1141 3445 1275 3527 proprie
1303 3391 1357 3504 hoc

185 3532 312 3602 aptatur.
350 3521 535 3611 Numquam
554 3531 703 3600 pastorum
723 3517 854 3579 omnium
874 3518 1012 3599 princeps
1030 3517 1141 3596 luerit,
1168 3541 1185 3581 a
1205 3543 1268 3614 quo
1286 3522 1357 3581 solo

186 3597 339 3680 pendebat
355 3597 506 3657 Ecclesiae
532 3597 624 3671 salus,
649 3617 686 3657 eo
711 3607 831 3656 mortno
856 3595 984 3677 praecisa
1008 3595 1105 3656 videri
1130 3609 1233 3678 poturt
1256 3598 1359 3658 omnis

185 3693 262 3756 spes.
300 3676 399 3755 Atque
420 3674 492 3734 haec
513 3683 639 3734 extrema
659 3671 786 3733 tentatio
806 3672 877 3745 luit,
902 3672 1142 3753 redemptorem,
1164 3675 1213 3756 qui
1232 3674 1359 3766 spiritns

187 3763 219 3812 et
232 3751 291 3812 vita
309 3749 412 3833 populi
426 3762 499 3824 erat,
520 3771 609 3830 quum
628 3769 751 3834 gregem
769 3741 828 3808 Dei
849 3747 991 3830 colligere
1005 3749 1178 3829 coepisset,
1195 3751 1302 3812 subito
1325 3751 1359 3811 ad

185 3841 312 3889 mortem
339 3827 413 3908 rapi.
461 3826 532 3900 Quo
558 3825 701 3888 illustrior
724 3825 780 3890 luit
803 3825 861 3887 Dei
886 3826 996 3908 gratia,
1023 3826 1092 3885 dum
1117 3827 1305 3890 mirabiliter
1330 3851 1360 3886 es

186 3905 376 3997 dissipatione
398 3915 429 3964 et
447 3902 568 3964 interitu
587 3903 723 3964 residuus·
735 3923 809 3996 grex
827 3902 933 3962 iterum
953 3901 1072 3964 coaluit.
1101 3903 1257 3966 Videmus
1278 3927 1360 3988 ergo,

187 3981 337 4044 Christum
361 3982 419 4042 boc
442 3979 612 4041 testimonio
639 4001 674 4060 ap
699 3992 774 4041 ostte
798 3997 882 4039 usum
908 3996 988 4052 esse,
1021 3999 1059 4038 ne
1079 3977 1184 4042 futura
1210 3983 1359 4064 dispersio

186 4059 262 4119 ultra
283 4059 404 4120 modum
423 4067 549 4118 terreret
568 4001 744 4138 discipulos,
769 4068 917 4118 ettamen
937 4067 970 4114 ut
987 4075 1056 4116 suae
1075 4055 1266 4120 infirmitatis
1289 4081 1360 4120 con-

186 4135 240 4192 scii
258 4135 289 4194 in
310 4148 458 4215 pastorem
478 4155 561 4194 suum
580 4133 798 4196 recumberent.
837 4132 946 4192 Sensus
967 4151 1039 4216 ergo
1060 4145 1122 4209 est,
1150 4133 1275 4198 Putatis
1298 4135 1360 4216 qui-

188 4209 267 4285 dem,
287 4212 354 4291 quia
374 4223 499 4273 uestram
519 4210 702 4271 debilitatem
720 4211 853 4270 nondum
874 4209 987 4290 experti
1007 4210 1091 4285 estis,
1115 4231 1172 4272 vos
1192 4215 1271 4274 satis
1292 4212 1361 4272 vali-

188 4285 241 4360 dos
261 4298 292 4346 et
310 4285 448 4348 robustos
469 4307 546 4348 csse:
566 4290 617 4348 scd
637 4287 726 4368 paulo
746 4297 814 4368 post
833 4283 991 4360 constabit,
1008 4305 1079 4347 vere
1093 4287 1360 4367 praedictumessc

188 4377 205 4420 a
225 4361 380 4438 Zacharia,
404 4365 503 4426 occiso
528 4365 649 4445 pastore
674 4363 875 4446 dissipandum
894 4381 957 4426 esse
975 4367 1108 4445 gregim.
1150 4365 1218 4428 Sed
1239 4365 1361 4428 iuterim
