2778 4838
369 235 540 314 (iis-ss
579 199 700 298 ioannis
719 233 870 315 sapum
889 237 971 316 aas)
1102 249 1114 260 ·
1211 245 1249 309 ιι

76 385 205 448 stantiae
215 385 415 468 ignominiam
422 386 578 448 sustineat:
599 387 680 468 quasi
699 407 771 450 vero
791 399 952 482 retractare
969 389 1084 478 turpius
1098 391 1146 468 rit,
1163 395 1247 532 {2⁰3¹

77 476 192 524 temere
218 461 367 554 stulteque
389 463 540 555 promisit,
572 486 659 544 quam
688 462 748 525 sibi
770 479 907 528 constare
933 489 964 526 ιιι
987 467 1099 530 scelere
1124 488 1162 528 ne

76 541 190 600 Verum
212 559 281 620 quia
300 561 357 621 pru
377 539 464 601 solita
483 560 586 624 regum
605 541 733 604 vanitate
753 543 867 603 irritum
888 544 951 603 lieri
976 563 1038 604 nun
1064 543 1142 619 vult,
1166 546 1249 625 quod
1365 593 1368 604 .

75 613 168 678 semel
180 616 319 697 protulit,
337 617 518 709 Prophetam
537 618 686 698 extemplo
705 617 790 679 iubet
809 620 915 682 occidi.
953 619 1129 703 colligimus
1148 633 1247 684 autem

77 693 107 752 in
132 713 204 754 arce
229 691 432 756 Macberontis
456 694 609 757 Herodem
635 706 705 756 tunc
730 711 888 772 coenasse,
911 695 962 758 ubi
988 697 1131 778 Iosephus
1155 699 1248 760 tradit

74 771 224 860 Ipannem
243 769 333 831 fuisse
353 769 513 834 detentum.
552 771 666 833 Notare
685 779 783 832 antem'
804 773 1062 870 operaepretium
1082 785 1147 849 est,
1166 773 1247 854 quod

75 846 180 906 dicunt
199 847 424 928 Evangelistae‚
443 862 567 926 propter
593 845 795 912 mdes·
817 863 845 909 ct
868 871 1015 925 mutuas,
1042 849 1093 930 qui
1112 850 1248 912 aderantt

75 923 155 984 nnde
175 909 359 1004 colligim'us,
378 923 402 984 si
422 924 534 988 centies
553 925 637 986 nullo
657 937 737 988 teste
752 925 889 1002 iurasset,
908 927 1058 1008 promisso,
1074 938 1172 989 tamen
1190 927 1249 987 mi-

74 1000 155 1062 nime
165 1011 310 1062 staurium
323 1001 420 1064 fuisse.
458 1002 529 1062 Nou
547 1021 620 1084 ergo
637 1001 764 1064 interior
780 1001 836 1064 reli
859 1003 889 1064 iu
902 1003 1075 1064 constrinxit
1085 1001 1249 1080 Herodem,

75 1076 126 1138 sed
145 1097 230 1140 mera
250 1077 372 1139 ambitio
391 1077 584 1160 praecipitem
603 1079 714 1164 adegit,
733 1079 830 1159 quias
863 1079 1008 1142 iminime
1025 1080 1247 1140 honestumdu-

75 1143 175 1228 cerel,
202 1151 292 1214 iidem
312 1155 409 1226 datam
429 1175 491 1215 nori
512 1165 671 1235 praestare.
710 1155 756 1216 Ita
775 1154 809 1216 fit
827 1168 861 1216 ut
878 1156 961 1238 impii
980 1155 1106 1218 subinde
1126 1157 1157 1216 in
1179 1157 1247 1219 ott-

76 1229 123 1290 cio
143 1229 294 1306 labantur,
313 1227 381 1324 guia
400 1231 437 1292 ad
456 1232 555 1294 Deum
574 1231 696 1292 minime
714 1230 888 1322 respiciunt,
906 1232 959 1292 sed
978 1243 1092 1294 tantum
1112 1233 1149 1294 ad
1168 1231 1249 1294 bunc

74 1307 1124 1447 iillffialffiiiillid‘idffiili'ioiilli‘ilitdiil
1134 1311 1248 1448 idib

78 1471 155 1522 esset
174 1471 245 1520 ante
265 1461 369 1525 oculos
387 1461 533 1537 Herodis,
559 1428 677 1554 gra'viim
696 1468 796 1520 t'ameii
815 1459 949 1542 peccavit
969 1461 1048 1540 quod
1068 1461 1156 1524 stulte
1174 1482 1247 1598 pro·

75 1537 195 1598 misemt
214 1539 419 1617 exsequendo,
444 1558 530 1629 quarn
556 1559 581 1599 si
606 1537 804 1598 iusiurandum
828 1536 995 1602 violasset‘
1015 1536 1147 1598 Primum
1194 1555 1249 1600 aec

74 1609 223 1694 luitprae
237 1624 334 1676 ostma
345 1613 461 1678 iurandi
473 1614 620 1690 celeritas,
640 1613 722 1695 quod
735 1613 961 1694 promissionem
980 1613 1024 1674 rei
1045 1607 1152 1675 dubiae
1172 1635 1248 1676 cun-

75 1689 185 1750 firmat:
227 1689 313 1752 einde
333 1692 385 1754 ubi
405 1691 558 1784 apparuit,
577 1712 639 1754 non
660 1711 748 1772 posse
768 1687 884 1751 absolvi
903 1711 919 1750 a
941 1689 998 1750 lide
1019 1689 1103 1766 data,
1122 1692 1193 1771 quin
1212 1711 1246 1752 se

76 1766 207 1830 nefando
228 1766 340 1828 scelere
359 1768 577 1850 obstringeret,
598 1787 661 1828 non
680 1765 763 1826 licuit
780 1787 894 1828 sacrum
913 1765 973 1826 Dei
992 1786 1103 1828 numen
1121 1767 1174 1828 tali
1192 1767 1247 1829 fli-

74 1843 148 1926 gitio
176 1841 347 1918 involvere,
372 1843 442 1936 quid
463 1845 541 1908 euim
561 1843 654 1926 magis
673 1843 801 1909 alienum
821 1863 838 1904 a
858 1843 945 1918 Deo,
968 1863 1055 1923 quam
1083 1855 1116 1903 ut
1139 1845 1178 1906 im
1200 1844 1247 1904 iae

75 1920 140 1980 neri
154 1919 339 1998 praesideat?
359 1920 393 1982 Si
413 1920 525 2002 privata
544 1922 655 1982 iaetma
675 1919 783 2002 agitur,
802 1940 929 2000 poenam
942 1940 1012 1981 suae
1024 1917 1164 1982 statuuat
1175 1865 1248 1997 diat,

75 1997 124 2076 qui
154 2007 268 2058 temere
297 1997 416 2060 iuravit:
445 1997 498 2058 sed
528 1997 647 2058 iuterim
678 1997 840 2064 cavendum
870 2009 930 2073 est,
959 1995 1011 2058 ubi
1039 1997 1109 2076 ·quis
1138 1997 1245 2060 frustra

74 2095 135 2132 aum
158 2071 198 2134 sit
217 2093 327 2134 nornen
347 2074 425 2151 Dei,
450 2094 489 2134 ne
515 2075 576 2138 eius
601 2083 754 2154 praetextu
779 2071 904 2136 abutens
927 2073 967 2140 ad
990 2075 1164 2153 patrandum
1191 2073 1245 2134 ali-

74 2093 158 2230 quod
181 2150 276 2210 scelus
298 2150 484 2234 sacrilegium
509 2149 648 2231 duplicet.
694 2148 775 2212 Hinc
798 2149 948 2229 sequitur,
978 2160 1048 2210 vota
1071 2151 1246 2226 monastiea,

74 2225 180 2307 quibus
201 2227 359 2288 coniuncta
379 2239 424 2290 est
442 2227 596 2288 manifesta
615 2225 761 2307 impietas,
780 2246 842 2286 non
862 2225 956 2307 magis
976 2225 1188 2288 conscientiam
1207 2225 1244 2285 li-

75 2323 147 2384 gare
173 2323 259 2396 quam
283 2303 414 2386 magicus
435 2304 626 2368 exorcismos:
652 2301 721 2383 quia
739 2301 823 2364 Deus
842 2323 954 2362 sacrum
973 2321 1057 2362 suum
1076 2323 1187 2364 nornen
1208 2301 1245 2364 ad

76 2391 192 2460 peccati
213 2379 468 2442 confirmationem
487 2379 585 2442 valere
605 2399 668 2440 nou
687 2375 760 2439 vult.
790 2377 892 2438 Docet
910 2388 1010 2442 tamen
1027 2377 1073 2437 hic
1093 2375 1175 2439 locus
1195 2399 1244 2440 ca·
1364 2432 1369 2440 .

74 2456 203 2518 vcndiun
223 2476 298 2533 esse,
316 2478 354 2518 ne
396 2457 446 2518 uid
465 2455 681 2517 inconsiderate
702 2453 853 2534 quisquam
873 2453 1040 2534 promittat:
1068 2453 1187 2531 deinde,
1205 2475 1245 2515 ne
1258 2477 1283 2502 ν

74 2534 110 2594 ad
130 2533 281 2596 levitatem
300 2478 421 2596 accedat
440 2531 633 2598 contumacia.

149 2615 199 2678 28.
235 2608 382 2691 Dcid'tqioe
399 2607 476 2670 illaad
486 2609 612 2686 puellm
658 2608 727 2670 Hoc
752 2624 872 2686 qnoque
898 2605 935 2666 ad
959 2603 1078 2670 sceleris
1101 2605 1242 2665 atrocita-

73 2699 133 2748 tem
158 2687 297 2764 accessit,
323 2688 404 2779 quod
428 2686 523 2748 sancti
542 2685 599 2747 viri
619 2695 708 2765 caput
727 2693 796 2764 post
813 2693 940 2743 mortem
956 2679 1091 2773 ludibrio
1111 2679 1244 2772 habitum

73 2763 145 2823 suit:
171 2763 224 2826 sed
247 2763 395 2824 Dominus
421 2763 462 2824 ita
485 2783 554 2824 suos
581 2761 729 2828 interdum
753 2757 872 2819 subiicit
893 2758 1051 2840 impiorum
1077 2757 1244 2837 superbiae,

73 2841 172 2901 donec
199 2839 319 2900 tandem
339 2840 477 2902 ostendat
515 2840 678 2920 pretiosum
698 2838 729 2896 in
749 2835 807 2896 suis
827 2835 922 2896 oculis
943 2855 1005 2896 esse
1025 2833 1155 2914 ipsorum
1174 2855 1242 2896 san-

72 2917 204 3000 guinem.
243 2915 376 2978 Exsultat
389 2883 536 2978 Herodias
554 2915 683 2976 libidinis
703 2934 773 2974 suae
793 2931 915 2993 compos
934 2911 1022 2985 iacta,
1044 2911 1241 3001 eterudeletn

72 2993 253 3074 triumphum
274 2995 311 3054 de
330 3015 384 3054 suu
405 3014 529 3054 censore
549 2993 625 3074 agit,
649 2991 702 3052 sed
727 3001 831 3070 postea
857 2999 942 3050 exuta
960 2987 1018 3050 suis
1038 3009 1056 3047 o
1079 2987 1160 3064 ibus,
1184 3008 1241 3049 nec

73 3071 160 3154 regni
186 3081 300 3130 tantum
324 3069 458 3146 honore,
482 3071 534 3130 sed
559 3068 648 3130 natali
673 3066 739 3128 solo
760 3078 791 3126 et
810 3065 946 3126 omnibus
965 3063 1044 3126 subsi
1066 3065 1099 3126 iis
1118 3065 1243 3145 privata,

73 3167 163 3226 quum
189 3146 276 3226 inops
301 3147 436 3208 miseram
456 3147 544 3208 ritaiu
564 3165 652 3228 aegre
672 3143 703 3204 iii
724 3142 824 3206 exsilio
844 3143 991 3216 traheret,
1014 3163 1102 3204 suave
1128 3141 1240 3226 angelis

72 3235 104 3284 ct
123 3223 211 3283 bonis
231 3223 367 3284 omnibus
386 3223 583 3304 spectaculum
604 3219 750 3301 praebuit.
790 3219 882 3294 Quod
904 3219 1046 3280 convivae
1065 3219 1240 3280 abominan-

73 3299 128 3360 dae
149 3319 277 3380 pompae
295 3300 404 3360 intnitu
424 3299 545 3361 foedare
565 3297 671 3360 oculus
688 3307 846 3376 coguntur,
866 3295 934 3355 binc
954 3296 1106 3372 discamus,
1125 3295 1177 3374 qui
1190 3315 1238 3356 re-

96 3376 130 3436 'is
148 3377 256 3438 mensis
276 3377 419 3451 assident,
444 3396 532 3456 saepe
551 3373 650 3434 multis
667 3371 828 3434 sceleribus
847 3372 1008 3453 implicari:
1034 3392 1101 3432 nam
1121 3383 1155 3434 nt
1173 3371 1239 3432 nul-

85 3473 136 3513 iim
161 3464 314 3514 cruentum
332 3453 452 3528 ¹lacinus
477 3471 606 3516 mensam
627 3449 770 3524 funestet,
795 3449 877 3509 omni
896 3461 995 3510 umen
1014 3448 1166 3528 nequitiae
1185 3467 1239 3528 ge-

72 3549 146 3590 nere
164 3529 206 3590 sic
226 3529 335 3592 relenta
354 3541 425 3590 sunt
444 3528 553 3603 omnia,
572 3539 606 3590 ut
623 3525 727 3591 saltem
746 3525 902 3588 lenociniis
917 3525 1049 3593 addictos
1067 3543 1130 3586 esse
1147 3544 1238 3602 opor-

73 3618 145 3682 teat,
165 3605 332 3685 quicunque
352 3605 421 3667 illuc
441 3607 593 3667 accedunt.
794 3659 800 3670 ,
1042 3675 1051 3690 1

149 3689 197 3748 ‘ts
235 3683 386 3760 Discipuli
401 3685 463 3742 cius
479 3695 625 3742 ueuemnt.
655 3681 730 3740 -lioc
757 3677 794 3738 ad
818 3677 947 3738 mulieris
973 3676 1120 3737 saevitiam
1145 3683 1238 3733 resta-

73 3759 140 3833 bat,
166 3771 199 3820 nt
226 3760 351 3820 cadaver
369 3758 463 3818 sancti
482 3759 538 3820 viri
558 3755 735 3838 insepultum
755 3755 880 3816 iaceret:
911 3751 1066 3838 probabile
1086 3749 1163 3810 enini
1185 3759 1240 3823 est,
1366 3814 1370 3823 ,

73 3837 243 3974 ἷῗῖιῖῗιῗιῖς
262 3834 557 3974 tlt³⁰2lt¹t¹³tt¹÷t
573 3824 1239 3985 ltltltt'ttlt‘ttlbttittlltt
1287 3945 1294 3959 .

73 4001 173 4050 tamen
193 3989 393 4050 ceremoniam
413 3987 489 4049 lianc
507 3987 654 4048 Dominus
674 4005 689 4046 a
709 3983 796 4046 nobis
815 3981 884 4058 coli,
903 3992 937 4042 ut
952 3979 1118 4070 symbolum
1136 3945 1175 4040 s’it
1193 3975 1239 4038 nl·
1296 3966 1302 3976 “

73 4067 162 4126 timae
192 4065 427 4128 resurrectionis
475 4066 577 4140 Quare
596 4063 665 4126 Deo
690 4073 774 4146 grata
799 4060 856 4122 luit
879 4061 951 4119 haec
975 4056 1129 4131 cediditas,
1157 4054 1239 4134 quod

74 4141 211 4223 discipuli
231 4143 352 4206 loannis
376 4152 541 4214 venerunt,
565 4151 599 4200 ut
622 4161 729 4220 corpus
753 4136 885 4218 magistri
903 4135 1038 4215 sepulcro
1058 4131 1239 4194 mandarent

72 4220 161 4282 Anae
182 4219 264 4299 quod
283 4221 341 4280 bos
361 4221 398 4284 ad
417 4217 581 4280 testandam
601 4217 740 4296 pietatem
760 4212 865 4274 valuit:
891 4231 958 4270 nam
978 4211 1036 4271 boc
1055 4209 1146 4300 modu
1167 4229 1238 4300 pro·

73 4296 145 4359 lessi
171 4307 257 4369 sunt,
282 4297 391 4358 mortui
416 4295 544 4356 bominis
569 4293 733 4354 doctrinam
757 4289 945 4372 superstitem
969 4287 1002 4348 iu
1025 4285 1163 4348 cordibus
1182 4305 1239 4376 suis

73 4374 187 4456 vigere.
227 4372 394 4436 laudabilis
415 4393 489 4458 ergo
509 4372 565 4436 luit
582 4372 636 4432 ista
648 4367 815 4443 coulesuu,
833 4365 1005 4448 praesertim
1024 4384 1142 4446 quuma
1159 4381 1239 4444 peri-
