<?xml version="1.0" encoding="UTF-8"?>
<!DOCTYPE html PUBLIC "-//W3C//DTD XHTML 1.0 Transitional//EN"
    "http://www.w3.org/TR/xhtml1/DTD/xhtml1-transitional.dtd">
<html xmlns="http://www.w3.org/1999/xhtml" xml:lang="en" lang="en">
 <head>
  <title>
</title>
<meta http-equiv="Content-Type" content="text/html;charset=utf-8" />
  <meta name='ocr-system' content='tesseract 3.04.00' />
  <meta name='ocr-capabilities' content='ocr_page ocr_carea ocr_par ocr_line ocrx_word'/>
</head>
<body>
  <div class='ocr_page' id='page_1' title='image "./innovumtestamen00calvgoog_0101.png"; bbox 0 0 2766 4834; ppageno 0'>
   <div class='ocr_carea' id='block_1_1' title="bbox 192 190 1157 289">
    <p class='ocr_par' dir='ltr' id='par_1_1' title="bbox 192 190 1157 289">
     <span class='ocr_line' id='line_1_1' title="bbox 192 190 1157 289; baseline 0.005 -8"><span class='ocrx_word' id='word_1_1' title='bbox 192 225 232 289; x_wconf 76' lang='lat' dir='ltr'><strong>nn</strong></span> <span class='ocrx_word' id='word_1_2' title='bbox 365 220 518 288; x_wconf 73' lang='lat' dir='ltr'><strong>secuto</strong></span> <span class='ocrx_word' id='word_1_3' title='bbox 539 190 580 284; x_wconf 83' lang='lat' dir='ltr'><strong>il.</strong></span> <span class='ocrx_word' id='word_1_4' title='bbox 618 223 759 286; x_wconf 77' lang='lat' dir='ltr'><strong>ioannis</strong></span> <span class='ocrx_word' id='word_1_5' title='bbox 778 199 970 287; x_wconf 77' lang='lat' dir='ltr'><strong>Barrurat</strong></span> <span class='ocrx_word' id='word_1_6' title='bbox 990 239 1157 288; x_wconf 74' lang='lat' dir='ltr'><strong>nausees.</strong></span> 
     </span>
    </p>
   </div>
   <div class='ocr_carea' id='block_1_2' title="bbox 195 367 1334 692">
    <p class='ocr_par' dir='ltr' id='par_1_2' title="bbox 195 367 1334 692">
     <span class='ocr_line' id='line_1_2' title="bbox 196 367 1334 472; baseline 0.004 -36"><span class='ocrx_word' id='word_1_7' title='bbox 196 377 227 436; x_wconf 92' lang='lat' dir='ltr'><strong>in</strong></span> <span class='ocrx_word' id='word_1_8' title='bbox 238 387 327 452; x_wconf 80' lang='lat' dir='ltr'><strong>terra,</strong></span> <span class='ocrx_word' id='word_1_9' title='bbox 338 395 425 456; x_wconf 88' lang='lat' dir='ltr'><strong>qnam</strong></span> <span class='ocrx_word' id='word_1_10' title='bbox 431 375 530 468; x_wconf 75' lang='lat' dir='ltr'><strong>dinsol</strong></span> <span class='ocrx_word' id='word_1_11' title='bbox 539 377 645 469; x_wconf 82' lang='lat' dir='ltr'><strong>etiuna</strong></span> <span class='ocrx_word' id='word_1_12' title='bbox 655 377 686 438; x_wconf 93' lang='lat' dir='ltr'><strong>in</strong></span> <span class='ocrx_word' id='word_1_13' title='bbox 694 377 780 470; x_wconf 74' lang='lat' dir='ltr'><strong>coeio</strong></span> <span class='ocrx_word' id='word_1_14' title='bbox 792 367 1035 471; x_wconf 59' lang='lat' dir='ltr'><strong>fulgebunuyere</strong></span> <span class='ocrx_word' id='word_1_15' title='bbox 1041 389 1139 471; x_wconf 75' lang='lat' dir='ltr'><strong>tamen</strong></span> <span class='ocrx_word' id='word_1_16' title='bbox 1145 381 1334 472; x_wconf 64' lang='lat' dir='ltr'><strong>perpetuitas</strong></span> 
     </span>
     <span class='ocr_line' id='line_1_3' title="bbox 196 451 1328 550; baseline 0.004 -38"><span class='ocrx_word' id='word_1_17' title='bbox 196 451 379 544; x_wconf 61' lang='lat' dir='ltr'><strong>adiuturam</strong></span> <span class='ocrx_word' id='word_1_18' title='bbox 399 453 523 544; x_wconf 76' lang='lat' dir='ltr'><strong>gloriam</strong></span> <span class='ocrx_word' id='word_1_19' title='bbox 542 465 682 534; x_wconf 77' lang='lat' dir='ltr'><strong>perimet.</strong></span> <span class='ocrx_word' id='word_1_20' title='bbox 720 455 771 518; x_wconf 78' lang='lat' dir='ltr'><strong>Sic</strong></span> <span class='ocrx_word' id='word_1_21' title='bbox 797 477 871 539; x_wconf 79' lang='lat' dir='ltr'><strong>ergo</strong></span> <span class='ocrx_word' id='word_1_22' title='bbox 892 467 1032 548; x_wconf 73' lang='lat' dir='ltr'><strong>continua</strong></span> <span class='ocrx_word' id='word_1_23' title='bbox 1044 477 1129 550; x_wconf 40' lang='lat' dir='ltr'><strong>&#39;serre</strong></span> <span class='ocrx_word' id='word_1_24' title='bbox 1150 457 1250 550; x_wconf 75' lang='lat' dir='ltr'><strong>fideles</strong></span> <span class='ocrx_word' id='word_1_25' title='bbox 1270 459 1328 518; x_wconf 86' lang='lat' dir='ltr'><strong>abr</strong></span> 
     </span>
     <span class='ocr_line' id='line_1_4' title="bbox 195 530 1333 692; baseline 0.006 -104"><span class='ocrx_word' id='word_1_26' title='bbox 195 530 267 683; x_wconf 42' lang='lat' dir='ltr'><strong>legas,</strong></span> <span class='ocrx_word' id='word_1_27' title='bbox 279 530 705 692; x_wconf 48' lang='lat' dir='ltr'><strong>&#39;ibiibilbnbuiizbibbnbt</strong></span> <span class='ocrx_word' id='word_1_28' title='bbox 723 532 840 594; x_wconf 88' lang='lat' dir='ltr'><strong>demum</strong></span> <span class='ocrx_word' id='word_1_29' title='bbox 853 532 1017 615; x_wconf 79' lang='lat' dir='ltr'><strong>colligendi</strong></span> <span class='ocrx_word' id='word_1_30' title='bbox 1028 534 1182 596; x_wconf 83' lang='lat' dir='ltr'><strong>nntsrmui</strong></span> <span class='ocrx_word' id='word_1_31' title='bbox 1203 557 1233 596; x_wconf 91' lang='lat' dir='ltr'><strong>rn</strong></span> <span class='ocrx_word' id='word_1_32' title='bbox 1254 555 1333 598; x_wconf 89' lang='lat' dir='ltr'><strong>coe·</strong></span> 
     </span>
    </p>
   </div>
   <div class='ocr_carea' id='block_1_3' title="bbox 139 836 1335 1726">
    <p class='ocr_par' dir='ltr' id='par_1_3' title="bbox 139 836 1335 1726">
     <span class='ocr_line' id='line_1_5' title="bbox 235 836 1335 935; baseline 0.005 -29"><span class='ocrx_word' id='word_1_33' title='bbox 235 841 294 921; x_wconf 85' lang='lat'><strong>(7.)</strong></span> <span class='ocrx_word' id='word_1_34' title='bbox 336 836 437 906; x_wconf 85' lang='lat' dir='ltr'><strong>LUC.</strong></span> <span class='ocrx_word' id='word_1_35' title='bbox 459 841 481 906; x_wconf 89' lang='grc'><strong>1.</strong></span> <span class='ocrx_word' id='word_1_36' title='bbox 522 841 574 907; x_wconf 81' lang='grc'><strong>34.</strong></span> <span class='ocrx_word' id='word_1_37' title='bbox 595 839 694 935; x_wconf 53' lang='grc' dir='ltr'><strong>Βὴιίιι</strong></span> <span class='ocrx_word' id='word_1_38' title='bbox 708 847 819 908; x_wconf 85' lang='lat' dir='ltr'><strong>autem¹</strong></span> <span class='ocrx_word' id='word_1_39' title='bbox 836 841 942 908; x_wconf 87' lang='lat' dir='ltr'><strong>Maria</strong></span> <span class='ocrx_word' id='word_1_40' title='bbox 969 840 1010 907; x_wconf 89' lang='lat' dir='ltr'><strong>ad</strong></span> <span class='ocrx_word' id='word_1_41' title='bbox 1032 841 1205 930; x_wconf 78' lang='lat' dir='ltr'><strong>Angelum,</strong></span> <span class='ocrx_word' id='word_1_42' title='bbox 1234 844 1335 931; x_wconf 87' lang='lat' dir='ltr'><strong>Quo-</strong></span> 
     </span>
     <span class='ocr_line' id='line_1_6' title="bbox 153 937 1334 1030; baseline 0.007 -22"><span class='ocrx_word' id='word_1_43' title='bbox 153 941 154 944; x_wconf 68' lang='grc'>’</span> <span class='ocrx_word' id='word_1_44' title='bbox 194 939 294 1008; x_wconf 92' lang='lat' dir='ltr'><strong>modo</strong></span> <span class='ocrx_word' id='word_1_45' title='bbox 316 944 377 1008; x_wconf 92' lang='lat' dir='ltr'><strong>erit</strong></span> <span class='ocrx_word' id='word_1_46' title='bbox 397 937 505 1008; x_wconf 88' lang='lat' dir='ltr'><strong>istud?</strong></span> <span class='ocrx_word' id='word_1_47' title='bbox 526 940 789 1030; x_wconf 87' lang='lat' dir='ltr'><strong>quandoquidem</strong></span> <span class='ocrx_word' id='word_1_48' title='bbox 811 945 913 1008; x_wconf 83' lang='lat' dir='ltr'><strong>virum</strong></span> <span class='ocrx_word' id='word_1_49' title='bbox 935 963 1003 1010; x_wconf 92' lang='lat' dir='ltr'><strong>nou</strong></span> <span class='ocrx_word' id='word_1_50' title='bbox 1016 963 1188 1030; x_wconf 82' lang='lat' dir='ltr'><strong>cognosco.</strong></span> <span class='ocrx_word' id='word_1_51' title='bbox 1213 947 1264 1014; x_wconf 81' lang='lat'><strong>35.</strong></span> <span class='ocrx_word' id='word_1_52' title='bbox 1285 948 1334 1016; x_wconf 87' lang='lat' dir='ltr'><strong>Et</strong></span> 
     </span>
     <span class='ocr_line' id='line_1_7' title="bbox 172 1023 1333 1133; baseline 0.004 -23"><span class='ocrx_word' id='word_1_53' title='bbox 172 1023 399 1128; x_wconf 47' lang='lat' dir='ltr'><strong>&#39;respondens</strong></span> <span class='ocrx_word' id='word_1_54' title='bbox 420 1039 564 1128; x_wconf 78' lang='lat' dir='ltr'><strong>Angelus</strong></span> <span class='ocrx_word' id='word_1_55' title='bbox 586 1042 664 1108; x_wconf 80' lang='lat' dir='ltr'>dixit</span> <span class='ocrx_word' id='word_1_56' title='bbox 686 1047 725 1122; x_wconf 91' lang='lat' dir='ltr'><strong>ei,</strong></span> <span class='ocrx_word' id='word_1_57' title='bbox 746 1043 884 1130; x_wconf 72' lang='lat' dir='ltr'>Spiritus</span> <span class='ocrx_word' id='word_1_58' title='bbox 909 1053 1038 1110; x_wconf 88' lang='lat' dir='ltr'><strong>sanctus</strong></span> <span class='ocrx_word' id='word_1_59' title='bbox 1065 1051 1272 1133; x_wconf 79' lang='lat' dir='ltr'>superveniet</span> <span class='ocrx_word' id='word_1_60' title='bbox 1291 1053 1333 1116; x_wconf 91' lang='lat' dir='ltr'><strong>in</strong></span> 
     </span>
     <span class='ocr_line' id='line_1_8' title="bbox 192 1141 1333 1236; baseline 0.007 -28"><span class='ocrx_word' id='word_1_61' title='bbox 192 1151 240 1222; x_wconf 90' lang='lat' dir='ltr'><strong>te,</strong></span> <span class='ocrx_word' id='word_1_62' title='bbox 274 1153 305 1208; x_wconf 91' lang='lat' dir='ltr'><strong>ct</strong></span> <span class='ocrx_word' id='word_1_63' title='bbox 327 1145 428 1220; x_wconf 65' lang='lat' dir='ltr'><strong>uirtus</strong></span> <span class='ocrx_word' id='word_1_64' title='bbox 448 1143 602 1210; x_wconf 75' lang='lat' dir='ltr'><strong>ditissimi</strong></span> <span class='ocrx_word' id='word_1_65' title='bbox 623 1141 828 1211; x_wconf 83' lang='lat' dir='ltr'><strong>obumbrabit</strong></span> <span class='ocrx_word' id='word_1_66' title='bbox 853 1141 927 1209; x_wconf 86' lang='lat' dir='ltr'><strong>tibi:</strong></span> <span class='ocrx_word' id='word_1_67' title='bbox 959 1157 1158 1233; x_wconf 89' lang='lat' dir='ltr'><strong>quapropter</strong></span> <span class='ocrx_word' id='word_1_68' title='bbox 1184 1158 1216 1214; x_wconf 91' lang='lat' dir='ltr'><strong>et</strong></span> <span class='ocrx_word' id='word_1_69' title='bbox 1237 1151 1333 1236; x_wconf 88' lang='lat' dir='ltr'><strong>quod</strong></span> 
     </span>
     <span class='ocr_line' id='line_1_9' title="bbox 191 1229 1335 1337; baseline 0.005 -28"><span class='ocrx_word' id='word_1_70' title='bbox 191 1255 342 1310; x_wconf 88' lang='lat' dir='ltr'><strong>nascetur</strong></span> <span class='ocrx_word' id='word_1_71' title='bbox 359 1241 516 1323; x_wconf 80' lang='lat' dir='ltr'><strong>sanctum,</strong></span> <span class='ocrx_word' id='word_1_72' title='bbox 537 1241 708 1310; x_wconf 88' lang='lat' dir='ltr'><strong>vocabitur</strong></span> <span class='ocrx_word' id='word_1_73' title='bbox 728 1229 831 1311; x_wconf 81' lang='lat' dir='ltr'><strong>Filius</strong></span> <span class='ocrx_word' id='word_1_74' title='bbox 851 1246 923 1310; x_wconf 88' lang='lat' dir='ltr'><strong>Dei.</strong></span> <span class='ocrx_word' id='word_1_75' title='bbox 947 1245 1016 1337; x_wconf 66' lang='lat'><strong>=36.</strong></span> <span class='ocrx_word' id='word_1_76' title='bbox 1037 1247 1145 1333; x_wconf 82' lang='lat' dir='ltr'>Atque</span> <span class='ocrx_word' id='word_1_77' title='bbox 1167 1268 1243 1313; x_wconf 90' lang='lat' dir='ltr'><strong>ecce</strong></span> <span class='ocrx_word' id='word_1_78' title='bbox 1259 1249 1335 1316; x_wconf 87' lang='lat' dir='ltr'><strong>Eii-</strong></span> 
     </span>
     <span class='ocr_line' id='line_1_10' title="bbox 192 1343 1333 1432; baseline 0.004 -21"><span class='ocrx_word' id='word_1_79' title='bbox 192 1343 305 1411; x_wconf 77' lang='lat' dir='ltr'>sabeth</span> <span class='ocrx_word' id='word_1_80' title='bbox 329 1357 464 1432; x_wconf 81' lang='lat' dir='ltr'><strong>cognata</strong></span> <span class='ocrx_word' id='word_1_81' title='bbox 484 1354 552 1423; x_wconf 88' lang='lat' dir='ltr'><strong>tua,</strong></span> <span class='ocrx_word' id='word_1_82' title='bbox 575 1346 699 1429; x_wconf 89' lang='lat' dir='ltr'><strong>etipsa</strong></span> <span class='ocrx_word' id='word_1_83' title='bbox 721 1347 872 1432; x_wconf 82' lang='lat' dir='ltr'><strong>concepit</strong></span> <span class='ocrx_word' id='word_1_84' title='bbox 892 1345 995 1410; x_wconf 86' lang='lat' dir='ltr'><strong>filium</strong></span> <span class='ocrx_word' id='word_1_85' title='bbox 1018 1347 1052 1411; x_wconf 93' lang='lat' dir='ltr'><strong>in</strong></span> <span class='ocrx_word' id='word_1_86' title='bbox 1073 1360 1240 1415; x_wconf 89' lang='lat' dir='ltr'><strong>senectute</strong></span> <span class='ocrx_word' id='word_1_87' title='bbox 1256 1373 1333 1430; x_wconf 89' lang='lat' dir='ltr'><strong>sua,</strong></span> 
     </span>
     <span class='ocr_line' id='line_1_11' title="bbox 139 1443 1333 1535; baseline 0.003 -22"><span class='ocrx_word' id='word_1_88' title='bbox 139 1465 143 1474; x_wconf 84' lang='lat'><em>·</em></span> <span class='ocrx_word' id='word_1_89' title='bbox 193 1457 226 1513; x_wconf 92' lang='grc' dir='ltr'><strong>ει</strong></span> <span class='ocrx_word' id='word_1_90' title='bbox 244 1446 298 1510; x_wconf 91' lang='lat' dir='ltr'><strong>bic</strong></span> <span class='ocrx_word' id='word_1_91' title='bbox 318 1457 424 1513; x_wconf 85' lang='lat' dir='ltr'><strong>sextus</strong></span> <span class='ocrx_word' id='word_1_92' title='bbox 437 1447 555 1512; x_wconf 88' lang='lat' dir='ltr'><strong>mensis</strong></span> <span class='ocrx_word' id='word_1_93' title='bbox 569 1457 618 1512; x_wconf 91' lang='lat' dir='ltr'><strong>est</strong></span> <span class='ocrx_word' id='word_1_94' title='bbox 638 1443 697 1522; x_wconf 86' lang='lat' dir='ltr'><strong>iili,</strong></span> <span class='ocrx_word' id='word_1_95' title='bbox 717 1468 803 1532; x_wconf 89' lang='lat' dir='ltr'><strong>quae</strong></span> <span class='ocrx_word' id='word_1_96' title='bbox 825 1444 995 1512; x_wconf 81' lang='lat' dir='ltr'><strong>dicebatur</strong></span> <span class='ocrx_word' id='word_1_97' title='bbox 1014 1447 1146 1514; x_wconf 76' lang='lat' dir='ltr'><strong>sterilior</strong></span> <span class='ocrx_word' id='word_1_98' title='bbox 1165 1449 1216 1515; x_wconf 84' lang='lat'><strong>37.</strong></span> <span class='ocrx_word' id='word_1_99' title='bbox 1238 1449 1333 1535; x_wconf 83' lang='lat' dir='ltr'><strong>Quin</strong></span> 
     </span>
     <span class='ocr_line' id='line_1_12' title="bbox 191 1545 1333 1664; baseline 0.001 -48"><span class='ocrx_word' id='word_1_100' title='bbox 191 1547 260 1616; x_wconf 89' lang='lat' dir='ltr'><strong>uon</strong></span> <span class='ocrx_word' id='word_1_101' title='bbox 288 1550 349 1612; x_wconf 88' lang='lat' dir='ltr'><strong>erit</strong></span> <span class='ocrx_word' id='word_1_102' title='bbox 376 1545 577 1633; x_wconf 90' lang='lat' dir='ltr'><strong>impossibile</strong></span> <span class='ocrx_word' id='word_1_103' title='bbox 606 1546 693 1632; x_wconf 89' lang='lat' dir='ltr'><strong>apud</strong></span> <span class='ocrx_word' id='word_1_104' title='bbox 720 1545 828 1612; x_wconf 89' lang='lat' dir='ltr'><strong>Deum</strong></span> <span class='ocrx_word' id='word_1_105' title='bbox 857 1569 954 1620; x_wconf 88' lang='lat' dir='ltr'><strong>omne</strong></span> <span class='ocrx_word' id='word_1_106' title='bbox 963 1546 1123 1664; x_wconf 71' lang='lat' dir='ltr'><strong>¹verbum.</strong></span> <span class='ocrx_word' id='word_1_107' title='bbox 1164 1551 1216 1616; x_wconf 84' lang='grc'><strong>38.</strong></span> <span class='ocrx_word' id='word_1_108' title='bbox 1237 1551 1333 1620; x_wconf 80' lang='lat' dir='ltr'><strong>Dixit</strong></span> 
     </span>
     <span class='ocr_line' id='line_1_13' title="bbox 192 1645 1334 1726; baseline 0.007 -14"><span class='ocrx_word' id='word_1_109' title='bbox 192 1657 298 1712; x_wconf 91' lang='lat' dir='ltr'><strong>autem</strong></span> <span class='ocrx_word' id='word_1_110' title='bbox 318 1647 439 1723; x_wconf 83' lang='lat' dir='ltr'><strong>Maria,</strong></span> <span class='ocrx_word' id='word_1_111' title='bbox 459 1647 545 1712; x_wconf 88' lang='lat' dir='ltr'><strong>Ecce</strong></span> <span class='ocrx_word' id='word_1_112' title='bbox 569 1646 686 1712; x_wconf 87' lang='lat' dir='ltr'><strong>ancilia</strong></span> <span class='ocrx_word' id='word_1_113' title='bbox 709 1645 860 1726; x_wconf 86' lang='lat' dir='ltr'><strong>Domini,</strong></span> <span class='ocrx_word' id='word_1_114' title='bbox 881 1647 938 1713; x_wconf 82' lang='lat' dir='ltr'><strong>fiat</strong></span> <span class='ocrx_word' id='word_1_115' title='bbox 958 1647 1035 1712; x_wconf 91' lang='lat' dir='ltr'><strong>mihi</strong></span> <span class='ocrx_word' id='word_1_116' title='bbox 1059 1650 1232 1718; x_wconf 91' lang='lat' dir='ltr'><strong>secundum</strong></span> <span class='ocrx_word' id='word_1_117' title='bbox 1253 1673 1334 1720; x_wconf 87' lang='lat' dir='ltr'><strong>ver·</strong></span> 
     </span>
    </p>
   </div>
   <div class='ocr_carea' id='block_1_4' title="bbox 190 1744 963 1836">
    <p class='ocr_par' dir='ltr' id='par_1_4' title="bbox 190 1744 963 1836">
     <span class='ocr_line' id='line_1_14' title="bbox 190 1744 963 1836; baseline 0 -22"><span class='ocrx_word' id='word_1_118' title='bbox 190 1746 269 1814; x_wconf 91' lang='lat' dir='ltr'><strong>bum</strong></span> <span class='ocrx_word' id='word_1_119' title='bbox 290 1757 388 1814; x_wconf 88' lang='lat' dir='ltr'><strong>tuum.</strong></span> <span class='ocrx_word' id='word_1_120' title='bbox 430 1747 479 1810; x_wconf 84' lang='lat' dir='ltr'><strong>Ac</strong></span> <span class='ocrx_word' id='word_1_121' title='bbox 504 1747 649 1814; x_wconf 89' lang='lat' dir='ltr'><strong>discessit</strong></span> <span class='ocrx_word' id='word_1_122' title='bbox 670 1744 711 1812; x_wconf 90' lang='lat' dir='ltr'><strong>ab</strong></span> <span class='ocrx_word' id='word_1_123' title='bbox 733 1746 790 1812; x_wconf 90' lang='lat' dir='ltr'><strong>iila</strong></span> <span class='ocrx_word' id='word_1_124' title='bbox 812 1746 963 1836; x_wconf 81' lang='lat' dir='ltr'><strong>Angelus.</strong></span> 
     </span>
    </p>
   </div>
   <div class='ocr_carea' id='block_1_5' title="bbox 94 1899 1332 1988">
    <p class='ocr_par' dir='ltr' id='par_1_5' title="bbox 94 1899 1332 1988">
     <span class='ocr_line' id='line_1_15' title="bbox 94 1899 1332 1988; baseline 0.017 -39"><span class='ocrx_word' id='word_1_125' title='bbox 94 1916 103 1930; x_wconf 75' lang='lat'>=</span> <span class='ocrx_word' id='word_1_126' title='bbox 206 1927 209 1934; x_wconf 42' lang='grc' dir='ltr'><strong>ι</strong></span> <span class='ocrx_word' id='word_1_127' title='bbox 267 1910 316 1970; x_wconf 83' lang='grc'><strong>34,</strong></span> <span class='ocrx_word' id='word_1_128' title='bbox 357 1901 507 1988; x_wconf 73' lang='lat' dir='ltr'><strong>Quomodo</strong></span> <span class='ocrx_word' id='word_1_129' title='bbox 531 1906 586 1964; x_wconf 83' lang='lat' dir='ltr'><strong>crit</strong></span> <span class='ocrx_word' id='word_1_130' title='bbox 608 1903 706 1966; x_wconf 74' lang='lat' dir='ltr'><strong>istud?</strong></span> <span class='ocrx_word' id='word_1_131' title='bbox 745 1899 872 1966; x_wconf 88' lang='lat' dir='ltr'><strong>Videtur</strong></span> <span class='ocrx_word' id='word_1_132' title='bbox 900 1915 1000 1966; x_wconf 82' lang='lat' dir='ltr'><strong>sancta</strong></span> <span class='ocrx_word' id='word_1_133' title='bbox 1024 1905 1109 1988; x_wconf 81' lang='lat' dir='ltr'><strong>virgo</strong></span> <span class='ocrx_word' id='word_1_134' title='bbox 1138 1929 1202 1968; x_wconf 91' lang='lat' dir='ltr'><strong>non</strong></span> <span class='ocrx_word' id='word_1_135' title='bbox 1229 1908 1332 1970; x_wconf 86' lang='lat' dir='ltr'><strong>minus</strong></span> 
     </span>
    </p>
   </div>
   <div class='ocr_carea' id='block_1_6' title="bbox 96 1979 1364 4444">
    <p class='ocr_par' dir='ltr' id='par_1_6' title="bbox 192 1979 1364 2676">
     <span class='ocr_line' id='line_1_16' title="bbox 192 1979 1333 2066; baseline 0.005 -25"><span class='ocrx_word' id='word_1_136' title='bbox 192 1980 323 2064; x_wconf 83' lang='lat' dir='ltr'><strong>maligne</strong></span> <span class='ocrx_word' id='word_1_137' title='bbox 342 1979 523 2066; x_wconf 80' lang='lat' dir='ltr'><strong>restringere</strong></span> <span class='ocrx_word' id='word_1_138' title='bbox 542 1981 601 2042; x_wconf 83' lang='lat' dir='ltr'><strong>net</strong></span> <span class='ocrx_word' id='word_1_139' title='bbox 626 1981 791 2064; x_wconf 89' lang='lat' dir='ltr'><strong>potentiam</strong></span> <span class='ocrx_word' id='word_1_140' title='bbox 817 2001 902 2060; x_wconf 89' lang='lat' dir='ltr'><strong>quam</strong></span> <span class='ocrx_word' id='word_1_141' title='bbox 927 1981 1007 2061; x_wconf 82' lang='lat' dir='ltr'><strong>prius</strong></span> <span class='ocrx_word' id='word_1_142' title='bbox 1028 1983 1191 2044; x_wconf 80' lang='lat' dir='ltr'><strong>Zacharias.</strong></span> <span class='ocrx_word' id='word_1_143' title='bbox 1232 1985 1333 2059; x_wconf 86' lang='lat' dir='ltr'><strong>Quod</strong></span> 
     </span>
     <span class='ocr_line' id='line_1_17' title="bbox 194 2058 1333 2140; baseline 0.004 -21"><span class='ocrx_word' id='word_1_144' title='bbox 194 2058 273 2119; x_wconf 90' lang='lat' dir='ltr'><strong>enim</strong></span> <span class='ocrx_word' id='word_1_145' title='bbox 299 2067 419 2137; x_wconf 82' lang='lat' dir='ltr'><strong>praeter</strong></span> <span class='ocrx_word' id='word_1_146' title='bbox 443 2077 628 2120; x_wconf 86' lang='lat' dir='ltr'><strong>communem</strong></span> <span class='ocrx_word' id='word_1_147' title='bbox 654 2069 776 2120; x_wconf 80' lang='lat' dir='ltr'><strong>nauatae</strong></span> <span class='ocrx_word' id='word_1_148' title='bbox 802 2059 936 2118; x_wconf 82' lang='lat' dir='ltr'><strong>ordinem</strong></span> <span class='ocrx_word' id='word_1_149' title='bbox 962 2069 1022 2133; x_wconf 87' lang='lat' dir='ltr'><strong>est,</strong></span> <span class='ocrx_word' id='word_1_150' title='bbox 1054 2059 1236 2140; x_wconf 88' lang='lat' dir='ltr'><strong>impossibile</strong></span> <span class='ocrx_word' id='word_1_151' title='bbox 1262 2085 1333 2124; x_wconf 83' lang='lat' dir='ltr'><strong>esse</strong></span> 
     </span>
     <span class='ocr_line' id='line_1_18' title="bbox 194 2131 1334 2218; baseline 0.004 -22"><span class='ocrx_word' id='word_1_152' title='bbox 194 2133 318 2218; x_wconf 81' lang='lat' dir='ltr'><strong>colligit.</strong></span> <span class='ocrx_word' id='word_1_153' title='bbox 358 2131 409 2194; x_wconf 90' lang='lat' dir='ltr'><strong>Sic</strong></span> <span class='ocrx_word' id='word_1_154' title='bbox 429 2133 507 2194; x_wconf 89' lang='lat' dir='ltr'><strong>enim</strong></span> <span class='ocrx_word' id='word_1_155' title='bbox 526 2135 728 2210; x_wconf 82' lang='lat' dir='ltr'><strong>ratiocinatur,</strong></span> <span class='ocrx_word' id='word_1_156' title='bbox 747 2135 851 2195; x_wconf 86' lang='lat' dir='ltr'><strong>Virum</strong></span> <span class='ocrx_word' id='word_1_157' title='bbox 871 2155 933 2194; x_wconf 90' lang='lat' dir='ltr'><strong>non</strong></span> <span class='ocrx_word' id='word_1_158' title='bbox 950 2155 1116 2216; x_wconf 82' lang='lat' dir='ltr'><strong>cognosco:</strong></span> <span class='ocrx_word' id='word_1_159' title='bbox 1137 2137 1188 2217; x_wconf 87' lang='lat' dir='ltr'><strong>qui</strong></span> <span class='ocrx_word' id='word_1_160' title='bbox 1208 2141 1334 2201; x_wconf 82' lang='lat' dir='ltr'><strong>credam</strong></span> 
     </span>
     <span class='ocr_line' id='line_1_19' title="bbox 193 2209 1332 2294; baseline 0.006 -24"><span class='ocrx_word' id='word_1_161' title='bbox 193 2210 284 2294; x_wconf 83' lang='lat' dir='ltr'><strong>igitur</strong></span> <span class='ocrx_word' id='word_1_162' title='bbox 302 2209 432 2270; x_wconf 85' lang='lat' dir='ltr'><strong>futurum</strong></span> <span class='ocrx_word' id='word_1_163' title='bbox 452 2211 533 2290; x_wconf 89' lang='lat' dir='ltr'><strong>quod</strong></span> <span class='ocrx_word' id='word_1_164' title='bbox 560 2211 696 2276; x_wconf 78' lang='lat' dir='ltr'><strong>nunuast</strong></span> <span class='ocrx_word' id='word_1_165' title='bbox 734 2212 798 2272; x_wconf 90' lang='lat' dir='ltr'><strong>Nec</strong></span> <span class='ocrx_word' id='word_1_166' title='bbox 823 2230 897 2270; x_wconf 86' lang='lat' dir='ltr'><strong>vero</strong></span> <span class='ocrx_word' id='word_1_167' title='bbox 921 2231 1106 2293; x_wconf 83' lang='lat' dir='ltr'><strong>magnopere</strong></span> <span class='ocrx_word' id='word_1_168' title='bbox 1132 2213 1332 2278; x_wconf 80' lang='lat' dir='ltr'><strong>laborandum</strong></span> 
     </span>
     <span class='ocr_line' id='line_1_20' title="bbox 193 2285 1364 2368; baseline 0.006 -20"><span class='ocrx_word' id='word_1_169' title='bbox 193 2299 248 2362; x_wconf 87' lang='lat' dir='ltr'><strong>est,</strong></span> <span class='ocrx_word' id='word_1_170' title='bbox 267 2299 301 2347; x_wconf 90' lang='lat' dir='ltr'><strong>ut</strong></span> <span class='ocrx_word' id='word_1_171' title='bbox 320 2307 383 2348; x_wconf 90' lang='lat' dir='ltr'><strong>eam</strong></span> <span class='ocrx_word' id='word_1_172' title='bbox 403 2305 561 2368; x_wconf 83' lang='lat' dir='ltr'><strong>purgemus</strong></span> <span class='ocrx_word' id='word_1_173' title='bbox 581 2285 618 2346; x_wconf 89' lang='lat' dir='ltr'><strong>ab</strong></span> <span class='ocrx_word' id='word_1_174' title='bbox 638 2286 720 2348; x_wconf 90' lang='lat' dir='ltr'><strong>omni</strong></span> <span class='ocrx_word' id='word_1_175' title='bbox 732 2287 820 2349; x_wconf 82' lang='lat' dir='ltr'><strong>vitio:</strong></span> <span class='ocrx_word' id='word_1_176' title='bbox 840 2287 899 2348; x_wconf 83' lang='lat' dir='ltr'><strong>fide</strong></span> <span class='ocrx_word' id='word_1_177' title='bbox 914 2287 991 2349; x_wconf 87' lang='lat' dir='ltr'><strong>enim</strong></span> <span class='ocrx_word' id='word_1_178' title='bbox 1008 2290 1104 2349; x_wconf 86' lang='lat' dir='ltr'><strong>statim</strong></span> <span class='ocrx_word' id='word_1_179' title='bbox 1116 2293 1334 2355; x_wconf 87' lang='lat' dir='ltr'><strong>transcendere</strong></span> <span class='ocrx_word' id='word_1_180' title='bbox 1363 2295 1364 2298; x_wconf 65' lang='grc'>’</span> 
     </span>
     <span class='ocr_line' id='line_1_21' title="bbox 193 2363 1334 2450; baseline 0.003 -24"><span class='ocrx_word' id='word_1_181' title='bbox 193 2364 298 2426; x_wconf 88' lang='lat' dir='ltr'><strong>debuit</strong></span> <span class='ocrx_word' id='word_1_182' title='bbox 316 2364 352 2424; x_wconf 91' lang='lat' dir='ltr'><strong>ad</strong></span> <span class='ocrx_word' id='word_1_183' title='bbox 373 2364 543 2424; x_wconf 85' lang='lat' dir='ltr'><strong>bnnrensam</strong></span> <span class='ocrx_word' id='word_1_184' title='bbox 562 2364 621 2425; x_wconf 89' lang='lat' dir='ltr'><strong>Dei</strong></span> <span class='ocrx_word' id='word_1_185' title='bbox 641 2365 794 2440; x_wconf 80' lang='lat' dir='ltr'><strong>virtutem,</strong></span> <span class='ocrx_word' id='word_1_186' title='bbox 829 2385 904 2445; x_wconf 89' lang='lat' dir='ltr'><strong>quae</strong></span> <span class='ocrx_word' id='word_1_187' title='bbox 928 2363 1049 2424; x_wconf 88' lang='lat' dir='ltr'><strong>minime</strong></span> <span class='ocrx_word' id='word_1_188' title='bbox 1070 2366 1188 2450; x_wconf 80' lang='lat' dir='ltr'><strong>alligata</strong></span> <span class='ocrx_word' id='word_1_189' title='bbox 1208 2378 1253 2428; x_wconf 86' lang='lat' dir='ltr'><strong>est</strong></span> <span class='ocrx_word' id='word_1_190' title='bbox 1272 2391 1334 2430; x_wconf 89' lang='lat' dir='ltr'><strong>na-</strong></span> 
     </span>
     <span class='ocr_line' id='line_1_22' title="bbox 192 2439 1333 2521; baseline 0.004 -19"><span class='ocrx_word' id='word_1_191' title='bbox 192 2439 335 2502; x_wconf 86' lang='lat' dir='ltr'><strong>turalibus</strong></span> <span class='ocrx_word' id='word_1_192' title='bbox 353 2440 473 2514; x_wconf 88' lang='lat' dir='ltr'><strong>mediis,</strong></span> <span class='ocrx_word' id='word_1_193' title='bbox 492 2441 544 2501; x_wconf 87' lang='lat' dir='ltr'><strong>sed</strong></span> <span class='ocrx_word' id='word_1_194' title='bbox 563 2451 659 2502; x_wconf 88' lang='lat' dir='ltr'><strong>totum</strong></span> <span class='ocrx_word' id='word_1_195' title='bbox 678 2440 819 2500; x_wconf 90' lang='lat' dir='ltr'><strong>mundum</strong></span> <span class='ocrx_word' id='word_1_196' title='bbox 838 2452 971 2521; x_wconf 86' lang='lat' dir='ltr'><strong>superat:</strong></span> <span class='ocrx_word' id='word_1_197' title='bbox 992 2461 1070 2502; x_wconf 89' lang='lat' dir='ltr'><strong>nnnc</strong></span> <span class='ocrx_word' id='word_1_198' title='bbox 1091 2456 1188 2503; x_wconf 88' lang='lat' dir='ltr'><strong>autem</strong></span> <span class='ocrx_word' id='word_1_199' title='bbox 1209 2444 1239 2504; x_wconf 93' lang='lat' dir='ltr'><strong>in</strong></span> <span class='ocrx_word' id='word_1_200' title='bbox 1259 2447 1333 2507; x_wconf 83' lang='lat' dir='ltr'><strong>rui-</strong></span> 
     </span>
     <span class='ocr_line' id='line_1_23' title="bbox 192 2516 1334 2614; baseline 0.006 -37"><span class='ocrx_word' id='word_1_201' title='bbox 192 2517 257 2614; x_wconf 73' lang='lat' dir='ltr'><strong>gari</strong></span> <span class='ocrx_word' id='word_1_202' title='bbox 277 2517 479 2601; x_wconf 83' lang='lat' dir='ltr'><strong>generationis</strong></span> <span class='ocrx_word' id='word_1_203' title='bbox 504 2518 596 2578; x_wconf 92' lang='lat' dir='ltr'><strong>modo</strong></span> <span class='ocrx_word' id='word_1_204' title='bbox 622 2516 760 2578; x_wconf 88' lang='lat' dir='ltr'><strong>subsistit.</strong></span> <span class='ocrx_word' id='word_1_205' title='bbox 801 2516 978 2597; x_wconf 87' lang='lat' dir='ltr'><strong>Quanquam</strong></span> <span class='ocrx_word' id='word_1_206' title='bbox 1003 2519 1155 2580; x_wconf 89' lang='lat' dir='ltr'><strong>sciendum</strong></span> <span class='ocrx_word' id='word_1_207' title='bbox 1176 2532 1233 2597; x_wconf 88' lang='lat' dir='ltr'><strong>est,</strong></span> <span class='ocrx_word' id='word_1_208' title='bbox 1263 2543 1334 2584; x_wconf 88' lang='lat' dir='ltr'><strong>non</strong></span> 
     </span>
     <span class='ocr_line' id='line_1_24' title="bbox 192 2592 1334 2676; baseline 0.004 -20"><span class='ocrx_word' id='word_1_209' title='bbox 192 2603 233 2656; x_wconf 87' lang='lat' dir='ltr'><strong>rta</strong></span> <span class='ocrx_word' id='word_1_210' title='bbox 253 2593 388 2654; x_wconf 89' lang='lat' dir='ltr'><strong>dubitare</strong></span> <span class='ocrx_word' id='word_1_211' title='bbox 408 2593 455 2654; x_wconf 86' lang='lat' dir='ltr'><strong>vei</strong></span> <span class='ocrx_word' id='word_1_212' title='bbox 473 2594 624 2670; x_wconf 85' lang='lat' dir='ltr'><strong>sciscitari,</strong></span> <span class='ocrx_word' id='word_1_213' title='bbox 643 2605 677 2653; x_wconf 90' lang='lat' dir='ltr'><strong>nt</strong></span> <span class='ocrx_word' id='word_1_214' title='bbox 694 2592 827 2654; x_wconf 85' lang='lat' dir='ltr'><strong>sensibus</strong></span> <span class='ocrx_word' id='word_1_215' title='bbox 846 2593 904 2654; x_wconf 89' lang='lat' dir='ltr'><strong>suis</strong></span> <span class='ocrx_word' id='word_1_216' title='bbox 914 2594 974 2654; x_wconf 88' lang='lat' dir='ltr'><strong>Dei</strong></span> <span class='ocrx_word' id='word_1_217' title='bbox 985 2597 1147 2676; x_wconf 86' lang='lat' dir='ltr'><strong>potentiam</strong></span> <span class='ocrx_word' id='word_1_218' title='bbox 1165 2596 1213 2657; x_wconf 83' lang='lat' dir='ltr'><strong>vei</strong></span> <span class='ocrx_word' id='word_1_219' title='bbox 1231 2599 1334 2659; x_wconf 88' lang='lat' dir='ltr'><strong>subii-</strong></span> 
     </span>
    </p>

    <p class='ocr_par' dir='ltr' id='par_1_7' title="bbox 96 2669 1364 4444">
     <span class='ocr_line' id='line_1_25' title="bbox 193 2669 1364 2754; baseline 0.003 -22"><span class='ocrx_word' id='word_1_220' title='bbox 193 2691 263 2734; x_wconf 90' lang='lat' dir='ltr'><strong>cere</strong></span> <span class='ocrx_word' id='word_1_221' title='bbox 281 2671 330 2732; x_wconf 84' lang='lat' dir='ltr'><strong>vei</strong></span> <span class='ocrx_word' id='word_1_222' title='bbox 350 2689 477 2752; x_wconf 88' lang='lat' dir='ltr'><strong>aequare</strong></span> <span class='ocrx_word' id='word_1_223' title='bbox 496 2671 581 2732; x_wconf 86' lang='lat' dir='ltr'><strong>velit:</strong></span> <span class='ocrx_word' id='word_1_224' title='bbox 600 2681 714 2730; x_wconf 87' lang='lat' dir='ltr'><strong>tanturn</strong></span> <span class='ocrx_word' id='word_1_225' title='bbox 734 2669 830 2729; x_wconf 83' lang='lat' dir='ltr'><strong>subita</strong></span> <span class='ocrx_word' id='word_1_226' title='bbox 843 2671 1036 2732; x_wconf 85' lang='lat' dir='ltr'><strong>admiratione</strong></span> <span class='ocrx_word' id='word_1_227' title='bbox 1050 2674 1182 2754; x_wconf 87' lang='lat' dir='ltr'><strong>perculsa</strong></span> <span class='ocrx_word' id='word_1_228' title='bbox 1202 2674 1239 2734; x_wconf 93' lang='lat' dir='ltr'><strong>ad</strong></span> <span class='ocrx_word' id='word_1_229' title='bbox 1259 2697 1333 2737; x_wconf 83' lang='lat' dir='ltr'><strong>mo·</strong></span> <span class='ocrx_word' id='word_1_230' title='bbox 1361 2709 1364 2716; x_wconf 65' lang='lat'><strong>.</strong></span> 
     </span>
     <span class='ocr_line' id='line_1_26' title="bbox 142 2737 1333 2828; baseline 0.003 -18"><span class='ocrx_word' id='word_1_231' title='bbox 142 2737 148 2752; x_wconf 49' lang='lat'>⁸</span> <span class='ocrx_word' id='word_1_232' title='bbox 191 2747 319 2811; x_wconf 85' lang='lat' dir='ltr'><strong>vendam</strong></span> <span class='ocrx_word' id='word_1_233' title='bbox 345 2747 421 2806; x_wconf 87' lang='lat' dir='ltr'><strong>hanc</strong></span> <span class='ocrx_word' id='word_1_234' title='bbox 446 2747 649 2827; x_wconf 75' lang='lat' dir='ltr'><strong>quaestionem</strong></span> <span class='ocrx_word' id='word_1_235' title='bbox 668 2746 789 2828; x_wconf 89' lang='lat' dir='ltr'><strong>rapitur.</strong></span> <span class='ocrx_word' id='word_1_236' title='bbox 831 2745 923 2822; x_wconf 90' lang='lat' dir='ltr'><strong>Quod</strong></span> <span class='ocrx_word' id='word_1_237' title='bbox 948 2761 1045 2810; x_wconf 86' lang='lat' dir='ltr'><strong>autern</strong></span> <span class='ocrx_word' id='word_1_238' title='bbox 1066 2749 1243 2811; x_wconf 90' lang='lat' dir='ltr'><strong>obedienter</strong></span> <span class='ocrx_word' id='word_1_239' title='bbox 1263 2773 1333 2813; x_wconf 89' lang='lat' dir='ltr'><strong>anr-</strong></span> 
     </span>
     <span class='ocr_line' id='line_1_27' title="bbox 193 2822 1333 2907; baseline 0.005 -24"><span class='ocrx_word' id='word_1_240' title='bbox 193 2822 279 2906; x_wconf 86' lang='lat' dir='ltr'><strong>plexa</strong></span> <span class='ocrx_word' id='word_1_241' title='bbox 297 2823 336 2884; x_wconf 89' lang='lat' dir='ltr'><strong>sit</strong></span> <span class='ocrx_word' id='word_1_242' title='bbox 354 2823 596 2903; x_wconf 80' lang='lat' dir='ltr'><strong>promissionem,</strong></span> <span class='ocrx_word' id='word_1_243' title='bbox 624 2823 694 2882; x_wconf 88' lang='lat' dir='ltr'><strong>binc</strong></span> <span class='ocrx_word' id='word_1_244' title='bbox 720 2822 822 2906; x_wconf 82' lang='lat' dir='ltr'><strong>colligi</strong></span> <span class='ocrx_word' id='word_1_245' title='bbox 850 2835 964 2904; x_wconf 89' lang='lat' dir='ltr'><strong>potest,</strong></span> <span class='ocrx_word' id='word_1_246' title='bbox 995 2825 1090 2906; x_wconf 83' lang='lat' dir='ltr'><strong>qrrod,</strong></span> <span class='ocrx_word' id='word_1_247' title='bbox 1121 2829 1333 2907; x_wconf 78' lang='lat' dir='ltr'><strong>quummuita</strong></span> 
     </span>
     <span class='ocr_line' id='line_1_28' title="bbox 194 2901 1335 2979; baseline 0.004 -17"><span class='ocrx_word' id='word_1_248' title='bbox 194 2912 387 2962; x_wconf 84' lang='lat' dir='ltr'><strong>occurrerent</strong></span> <span class='ocrx_word' id='word_1_249' title='bbox 405 2901 437 2960; x_wconf 91' lang='lat' dir='ltr'><strong>in</strong></span> <span class='ocrx_word' id='word_1_250' title='bbox 457 2901 632 2962; x_wconf 87' lang='lat' dir='ltr'><strong>contrariam</strong></span> <span class='ocrx_word' id='word_1_251' title='bbox 653 2909 777 2979; x_wconf 87' lang='lat' dir='ltr'><strong>partem,</strong></span> <span class='ocrx_word' id='word_1_252' title='bbox 796 2920 858 2960; x_wconf 89' lang='lat' dir='ltr'><strong>non</strong></span> <span class='ocrx_word' id='word_1_253' title='bbox 878 2901 934 2960; x_wconf 91' lang='lat' dir='ltr'><strong>nisi</strong></span> <span class='ocrx_word' id='word_1_254' title='bbox 953 2902 985 2960; x_wconf 92' lang='lat' dir='ltr'><strong>in</strong></span> <span class='ocrx_word' id='word_1_255' title='bbox 997 2923 1057 2963; x_wconf 92' lang='lat' dir='ltr'><strong>uno</strong></span> <span class='ocrx_word' id='word_1_256' title='bbox 1070 2903 1213 2964; x_wconf 85' lang='lat' dir='ltr'><strong>haesistat.</strong></span> <span class='ocrx_word' id='word_1_257' title='bbox 1235 2905 1335 2966; x_wconf 90' lang='lat' dir='ltr'><strong>Obii-</strong></span> 
     </span>
     <span class='ocr_line' id='line_1_29' title="bbox 195 2975 1334 3060; baseline 0.007 -24"><span class='ocrx_word' id='word_1_258' title='bbox 195 2997 263 3037; x_wconf 88' lang='lat' dir='ltr'><strong>eere</strong></span> <span class='ocrx_word' id='word_1_259' title='bbox 290 2988 457 3058; x_wconf 90' lang='lat' dir='ltr'><strong>promptum</strong></span> <span class='ocrx_word' id='word_1_260' title='bbox 483 2987 561 3051; x_wconf 88' lang='lat' dir='ltr'><strong>erat,</strong></span> <span class='ocrx_word' id='word_1_261' title='bbox 591 2975 711 3036; x_wconf 87' lang='lat' dir='ltr'><strong>ubinam</strong></span> <span class='ocrx_word' id='word_1_262' title='bbox 737 2988 813 3036; x_wconf 89' lang='lat' dir='ltr'><strong>esset</strong></span> <span class='ocrx_word' id='word_1_263' title='bbox 836 2977 942 3038; x_wconf 88' lang='lat' dir='ltr'><strong>solium</strong></span> <span class='ocrx_word' id='word_1_264' title='bbox 969 2977 1041 3039; x_wconf 88' lang='lat' dir='ltr'><strong>illud</strong></span> <span class='ocrx_word' id='word_1_265' title='bbox 1065 2980 1203 3055; x_wconf 87' lang='lat' dir='ltr'><strong>Davidis,</strong></span> <span class='ocrx_word' id='word_1_266' title='bbox 1234 3003 1334 3060; x_wconf 85' lang='lat' dir='ltr'><strong>quum</strong></span> 
     </span>
     <span class='ocr_line' id='line_1_30' title="bbox 193 3051 1335 3150; baseline 0.01 -39"><span class='ocrx_word' id='word_1_267' title='bbox 193 3053 308 3138; x_wconf 84' lang='lat' dir='ltr'><strong>pridem</strong></span> <span class='ocrx_word' id='word_1_268' title='bbox 328 3052 438 3114; x_wconf 86' lang='lat' dir='ltr'><strong>abolita</strong></span> <span class='ocrx_word' id='word_1_269' title='bbox 459 3063 535 3114; x_wconf 86' lang='lat' dir='ltr'><strong>esset</strong></span> <span class='ocrx_word' id='word_1_270' title='bbox 554 3051 649 3113; x_wconf 89' lang='lat' dir='ltr'><strong>omnis</strong></span> <span class='ocrx_word' id='word_1_271' title='bbox 669 3052 796 3136; x_wconf 85' lang='lat' dir='ltr'><strong>dignitas</strong></span> <span class='ocrx_word' id='word_1_272' title='bbox 816 3054 943 3145; x_wconf 86' lang='lat' dir='ltr'><strong>imperii,</strong></span> <span class='ocrx_word' id='word_1_273' title='bbox 962 3067 1100 3148; x_wconf 72' lang='lat' dir='ltr'><strong>totusque</strong></span> <span class='ocrx_word' id='word_1_274' title='bbox 1116 3059 1191 3139; x_wconf 83' lang='lat' dir='ltr'><strong>regii</strong></span> <span class='ocrx_word' id='word_1_275' title='bbox 1203 3061 1335 3150; x_wconf 74' lang='lat' dir='ltr'><strong>generis</strong></span> 
     </span>
     <span class='ocr_line' id='line_1_31' title="bbox 194 3127 1334 3216; baseline 0.006 -25"><span class='ocrx_word' id='word_1_276' title='bbox 194 3129 350 3191; x_wconf 84' lang='lat' dir='ltr'><strong>exstinctus</strong></span> <span class='ocrx_word' id='word_1_277' title='bbox 369 3130 520 3212; x_wconf 83' lang='lat' dir='ltr'><strong>splendor.</strong></span> <span class='ocrx_word' id='word_1_278' title='bbox 560 3127 651 3190; x_wconf 85' lang='lat' dir='ltr'><strong>Certe</strong></span> <span class='ocrx_word' id='word_1_279' title='bbox 670 3130 694 3208; x_wconf 80' lang='lat' dir='ltr'><strong>si</strong></span> <span class='ocrx_word' id='word_1_280' title='bbox 714 3149 775 3188; x_wconf 87' lang='lat' dir='ltr'><strong>rem</strong></span> <span class='ocrx_word' id='word_1_281' title='bbox 797 3143 975 3191; x_wconf 81' lang='lat' dir='ltr'><strong>aestimasset</strong></span> <span class='ocrx_word' id='word_1_282' title='bbox 988 3132 1104 3200; x_wconf 79' lang='lat' dir='ltr'><strong>,iudicio</strong></span> <span class='ocrx_word' id='word_1_283' title='bbox 1130 3153 1240 3209; x_wconf 77' lang='lat' dir='ltr'><strong>carnus,</strong></span> <span class='ocrx_word' id='word_1_284' title='bbox 1268 3157 1334 3216; x_wconf 86' lang='lat' dir='ltr'><strong>pro</strong></span> 
     </span>
     <span class='ocr_line' id='line_1_32' title="bbox 194 3205 1335 3291; baseline 0.005 -25"><span class='ocrx_word' id='word_1_285' title='bbox 194 3205 292 3267; x_wconf 84' lang='lat' dir='ltr'><strong>sabula</strong></span> <span class='ocrx_word' id='word_1_286' title='bbox 313 3207 439 3268; x_wconf 84' lang='lat' dir='ltr'><strong>duxisset</strong></span> <span class='ocrx_word' id='word_1_287' title='bbox 480 3205 538 3266; x_wconf 88' lang='lat' dir='ltr'><strong>uod</strong></span> <span class='ocrx_word' id='word_1_288' title='bbox 558 3205 691 3266; x_wconf 85' lang='lat' dir='ltr'><strong>audierat</strong></span> <span class='ocrx_word' id='word_1_289' title='bbox 709 3205 746 3266; x_wconf 86' lang='lat' dir='ltr'><strong>ab</strong></span> <span class='ocrx_word' id='word_1_290' title='bbox 766 3207 894 3290; x_wconf 72' lang='lat' dir='ltr'><strong>bugeio.</strong></span> <span class='ocrx_word' id='word_1_291' title='bbox 922 3207 1024 3283; x_wconf 88' lang='lat' dir='ltr'><strong>Quare</strong></span> <span class='ocrx_word' id='word_1_292' title='bbox 1044 3229 1107 3270; x_wconf 93' lang='lat' dir='ltr'><strong>non</strong></span> <span class='ocrx_word' id='word_1_293' title='bbox 1127 3210 1248 3271; x_wconf 90' lang='lat' dir='ltr'><strong>dubium</strong></span> <span class='ocrx_word' id='word_1_294' title='bbox 1271 3226 1335 3291; x_wconf 88' lang='lat' dir='ltr'><strong>est,</strong></span> 
     </span>
     <span class='ocr_line' id='line_1_33' title="bbox 194 3227 1335 3380; baseline 0.007 -38"><span class='ocrx_word' id='word_1_295' title='bbox 194 3283 266 3366; x_wconf 91' lang='lat' dir='ltr'><strong>quin</strong></span> <span class='ocrx_word' id='word_1_296' title='bbox 283 3285 402 3376; x_wconf 88' lang='lat' dir='ltr'><strong>penitus</strong></span> <span class='ocrx_word' id='word_1_297' title='bbox 422 3227 621 3343; x_wconf 64' lang='lat' dir='ltr'><strong>debenesire</strong></span> <span class='ocrx_word' id='word_1_298' title='bbox 641 3281 852 3348; x_wconf 88' lang='lat' dir='ltr'><strong>instauratione</strong></span> <span class='ocrx_word' id='word_1_299' title='bbox 866 3305 1013 3380; x_wconf 83' lang='lat' dir='ltr'><strong>persuasa,</strong></span> <span class='ocrx_word' id='word_1_300' title='bbox 1023 3285 1067 3346; x_wconf 89' lang='lat' dir='ltr'><strong>rei</strong></span> <span class='ocrx_word' id='word_1_301' title='bbox 1077 3289 1241 3348; x_wconf 85' lang='lat' dir='ltr'><strong>secundum</strong></span> <span class='ocrx_word' id='word_1_302' title='bbox 1259 3309 1335 3350; x_wconf 88' lang='lat' dir='ltr'><strong>car-</strong></span> 
     </span>
     <span class='ocr_line' id='line_1_34' title="bbox 193 3357 1334 3454; baseline 0.008 -36"><span class='ocrx_word' id='word_1_303' title='bbox 193 3375 262 3420; x_wconf 89' lang='lat' dir='ltr'><strong>nem</strong></span> <span class='ocrx_word' id='word_1_304' title='bbox 282 3359 450 3423; x_wconf 80' lang='lat' dir='ltr'><strong>incredibili</strong></span> <span class='ocrx_word' id='word_1_305' title='bbox 469 3357 556 3418; x_wconf 85' lang='lat' dir='ltr'><strong>iacile</strong></span> <span class='ocrx_word' id='word_1_306' title='bbox 576 3359 673 3420; x_wconf 87' lang='lat' dir='ltr'><strong>iocum</strong></span> <span class='ocrx_word' id='word_1_307' title='bbox 694 3359 819 3421; x_wconf 88' lang='lat' dir='ltr'><strong>dederit.</strong></span> <span class='ocrx_word' id='word_1_308' title='bbox 856 3363 897 3421; x_wconf 79' lang='lat' dir='ltr'><strong>bt</strong></span> <span class='ocrx_word' id='word_1_309' title='bbox 915 3361 1071 3454; x_wconf 84' lang='lat' dir='ltr'><strong>probabile</strong></span> <span class='ocrx_word' id='word_1_310' title='bbox 1092 3374 1144 3437; x_wconf 83' lang='lat' dir='ltr'><strong>est,</strong></span> <span class='ocrx_word' id='word_1_311' title='bbox 1165 3375 1235 3425; x_wconf 88' lang='lat' dir='ltr'><strong>tuuc</strong></span> <span class='ocrx_word' id='word_1_312' title='bbox 1256 3385 1334 3446; x_wconf 86' lang='lat' dir='ltr'><strong>pas-</strong></span> 
     </span>
     <span class='ocr_line' id='line_1_35' title="bbox 192 3433 1335 3520; baseline 0.005 -23"><span class='ocrx_word' id='word_1_313' title='bbox 192 3438 247 3497; x_wconf 91' lang='lat' dir='ltr'><strong>sim</strong></span> <span class='ocrx_word' id='word_1_314' title='bbox 267 3437 446 3500; x_wconf 83' lang='lat' dir='ltr'><strong>celebratum</strong></span> <span class='ocrx_word' id='word_1_315' title='bbox 466 3433 554 3495; x_wconf 82' lang='lat' dir='ltr'><strong>fuisse</strong></span> <span class='ocrx_word' id='word_1_316' title='bbox 574 3435 741 3504; x_wconf 86' lang='lat' dir='ltr'><strong>vaticinium</strong></span> <span class='ocrx_word' id='word_1_317' title='bbox 762 3436 833 3498; x_wconf 89' lang='lat' dir='ltr'><strong>iilud</strong></span> <span class='ocrx_word' id='word_1_318' title='bbox 853 3438 965 3499; x_wconf 86' lang='lat' dir='ltr'><strong>Iesarae</strong></span> <span class='ocrx_word' id='word_1_319' title='bbox 984 3442 1050 3520; x_wconf 62' lang='lat'><strong>(1²1,</strong></span> <span class='ocrx_word' id='word_1_320' title='bbox 1069 3442 1128 3517; x_wconf 88' lang='lat'><strong>1.),</strong></span> <span class='ocrx_word' id='word_1_321' title='bbox 1148 3439 1199 3500; x_wconf 90' lang='lat' dir='ltr'><strong>ubi</strong></span> <span class='ocrx_word' id='word_1_322' title='bbox 1219 3463 1335 3504; x_wconf 87' lang='lat' dir='ltr'><strong>surcu-</strong></span> 
     </span>
     <span class='ocr_line' id='line_1_36' title="bbox 131 3511 1333 3596; baseline 0.006 -22"><span class='ocrx_word' id='word_1_323' title='bbox 131 3512 133 3528; x_wconf 91' lang='lat'>&#39;</span> <span class='ocrx_word' id='word_1_324' title='bbox 193 3513 252 3574; x_wconf 89' lang='lat' dir='ltr'><strong>inm</strong></span> <span class='ocrx_word' id='word_1_325' title='bbox 281 3515 363 3575; x_wconf 88' lang='lat' dir='ltr'><strong>Deus</strong></span> <span class='ocrx_word' id='word_1_326' title='bbox 391 3533 423 3571; x_wconf 90' lang='lat' dir='ltr'><strong>se</strong></span> <span class='ocrx_word' id='word_1_327' title='bbox 453 3511 642 3572; x_wconf 84' lang='lat' dir='ltr'><strong>excitaturum</strong></span> <span class='ocrx_word' id='word_1_328' title='bbox 674 3513 823 3594; x_wconf 88' lang='lat' dir='ltr'><strong>promittit</strong></span> <span class='ocrx_word' id='word_1_329' title='bbox 851 3533 885 3575; x_wconf 83' lang='lat' dir='ltr'><strong>ex</strong></span> <span class='ocrx_word' id='word_1_330' title='bbox 917 3527 1089 3596; x_wconf 89' lang='lat' dir='ltr'><strong>contempto</strong></span> <span class='ocrx_word' id='word_1_331' title='bbox 1118 3516 1177 3577; x_wconf 86' lang='lat' dir='ltr'><strong>Isai</strong></span> <span class='ocrx_word' id='word_1_332' title='bbox 1204 3528 1333 3581; x_wconf 69' lang='lat' dir='ltr'><strong>manco.</strong></span> 
     </span>
     <span class='ocr_line' id='line_1_37' title="bbox 191 3587 1335 3678; baseline 0.006 -28"><span class='ocrx_word' id='word_1_333' title='bbox 191 3591 281 3652; x_wconf 80' lang='lat' dir='ltr'><strong>Fides</strong></span> <span class='ocrx_word' id='word_1_334' title='bbox 301 3609 375 3672; x_wconf 82' lang='lat' dir='ltr'><strong>ergo</strong></span> <span class='ocrx_word' id='word_1_335' title='bbox 396 3587 432 3648; x_wconf 89' lang='lat' dir='ltr'><strong>de</strong></span> <span class='ocrx_word' id='word_1_336' title='bbox 452 3588 545 3678; x_wconf 72' lang='lat' dir='ltr'><strong>gratia</strong></span> <span class='ocrx_word' id='word_1_337' title='bbox 565 3589 624 3650; x_wconf 89' lang='lat' dir='ltr'><strong>Dei</strong></span> <span class='ocrx_word' id='word_1_338' title='bbox 643 3589 675 3649; x_wconf 92' lang='lat' dir='ltr'><strong>in</strong></span> <span class='ocrx_word' id='word_1_339' title='bbox 700 3591 798 3651; x_wconf 87' lang='lat' dir='ltr'><strong>anirno</strong></span> <span class='ocrx_word' id='word_1_340' title='bbox 819 3591 874 3651; x_wconf 84' lang='lat' dir='ltr'><strong>Vir</strong></span> <span class='ocrx_word' id='word_1_341' title='bbox 897 3591 952 3652; x_wconf 88' lang='lat' dir='ltr'><strong>inis</strong></span> <span class='ocrx_word' id='word_1_342' title='bbox 978 3603 1121 3673; x_wconf 89' lang='lat' dir='ltr'><strong>concepta</strong></span> <span class='ocrx_word' id='word_1_343' title='bbox 1143 3593 1263 3671; x_wconf 80' lang='lat' dir='ltr'><strong>effecit,</strong></span> <span class='ocrx_word' id='word_1_344' title='bbox 1283 3610 1335 3658; x_wconf 62' lang='lat' dir='ltr'><strong>xut</strong></span> 
     </span>
     <span class='ocr_line' id='line_1_38' title="bbox 96 3611 1332 3760; baseline 0.006 -35"><span class='ocrx_word' id='word_1_345' title='bbox 96 3716 98 3725; x_wconf 84' lang='lat'><strong>.</strong></span> <span class='ocrx_word' id='word_1_346' title='bbox 192 3668 256 3728; x_wconf 89' lang='lat' dir='ltr'><strong>sine</strong></span> <span class='ocrx_word' id='word_1_347' title='bbox 288 3677 489 3760; x_wconf 81' lang='lat' dir='ltr'><strong>contrpversra</strong></span> <span class='ocrx_word' id='word_1_348' title='bbox 519 3665 687 3727; x_wconf 85' lang='lat' dir='ltr'><strong>admitteret</strong></span> <span class='ocrx_word' id='word_1_349' title='bbox 711 3668 828 3728; x_wconf 86' lang='lat' dir='ltr'><strong>ailaturn</strong></span> <span class='ocrx_word' id='word_1_350' title='bbox 856 3611 913 3729; x_wconf 74' lang='lat' dir='ltr'><strong>ribi</strong></span> <span class='ocrx_word' id='word_1_351' title='bbox 945 3669 1080 3728; x_wconf 90' lang='lat' dir='ltr'><strong>nuntium</strong></span> <span class='ocrx_word' id='word_1_352' title='bbox 1112 3671 1148 3730; x_wconf 88' lang='lat' dir='ltr'><strong>de</strong></span> <span class='ocrx_word' id='word_1_353' title='bbox 1176 3671 1332 3755; x_wconf 88' lang='lat' dir='ltr'><strong>erigendo</strong></span> 
     </span>
     <span class='ocr_line' id='line_1_39' title="bbox 192 3741 1334 3828; baseline 0.006 -25"><span class='ocrx_word' id='word_1_354' title='bbox 192 3742 409 3804; x_wconf 85' lang='lat' dir='ltr'><strong>soiioDavidrs.</strong></span> <span class='ocrx_word' id='word_1_355' title='bbox 437 3741 469 3800; x_wconf 87' lang='lat' dir='ltr'><strong>si</strong></span> <span class='ocrx_word' id='word_1_356' title='bbox 490 3742 552 3822; x_wconf 88' lang='lat' dir='ltr'><strong>quis</strong></span> <span class='ocrx_word' id='word_1_357' title='bbox 573 3745 707 3826; x_wconf 86' lang='lat' dir='ltr'><strong>excipiat,</strong></span> <span class='ocrx_word' id='word_1_358' title='bbox 726 3743 814 3804; x_wconf 78' lang='lat' dir='ltr'><strong>fuisse</strong></span> <span class='ocrx_word' id='word_1_359' title='bbox 835 3746 923 3806; x_wconf 88' lang='lat' dir='ltr'><strong>etiam</strong></span> <span class='ocrx_word' id='word_1_360' title='bbox 943 3745 1021 3806; x_wconf 88' lang='lat' dir='ltr'><strong>aliud</strong></span> <span class='ocrx_word' id='word_1_361' title='bbox 1039 3747 1219 3822; x_wconf 80' lang='lat' dir='ltr'><strong>vaticinium,</strong></span> <span class='ocrx_word' id='word_1_362' title='bbox 1240 3753 1334 3828; x_wconf 90' lang='lat' dir='ltr'><strong>qnod</strong></span> 
     </span>
     <span class='ocr_line' id='line_1_40' title="bbox 193 3817 1331 3903; baseline 0.007 -25"><span class='ocrx_word' id='word_1_363' title='bbox 193 3821 288 3902; x_wconf 82' lang='lat' dir='ltr'><strong>Virgo</strong></span> <span class='ocrx_word' id='word_1_364' title='bbox 300 3818 390 3876; x_wconf 83' lang='lat' dir='ltr'><strong>filium</strong></span> <span class='ocrx_word' id='word_1_365' title='bbox 402 3817 528 3897; x_wconf 87' lang='lat' dir='ltr'><strong>paritura</strong></span> <span class='ocrx_word' id='word_1_366' title='bbox 545 3831 629 3896; x_wconf 81' lang='lat' dir='ltr'><strong>esset,</strong></span> <span class='ocrx_word' id='word_1_367' title='bbox 650 3821 829 3902; x_wconf 87' lang='lat' dir='ltr'><strong>respondeo,</strong></span> <span class='ocrx_word' id='word_1_368' title='bbox 849 3823 910 3882; x_wconf 89' lang='lat' dir='ltr'><strong>eius</strong></span> <span class='ocrx_word' id='word_1_369' title='bbox 925 3823 1145 3903; x_wconf 76' lang='lat' dir='ltr'><strong>mysterii&#39;tunc</strong></span> <span class='ocrx_word' id='word_1_370' title='bbox 1166 3824 1331 3886; x_wconf 86' lang='lat' dir='ltr'><strong>obscuram</strong></span> 
     </span>
     <span class='ocr_line' id='line_1_41' title="bbox 193 3893 1333 3982; baseline 0.006 -25"><span class='ocrx_word' id='word_1_371' title='bbox 193 3898 282 3958; x_wconf 82' lang='lat' dir='ltr'><strong>inisse</strong></span> <span class='ocrx_word' id='word_1_372' title='bbox 302 3893 445 3954; x_wconf 88' lang='lat' dir='ltr'><strong>notitiam.</strong></span> <span class='ocrx_word' id='word_1_373' title='bbox 484 3895 667 3958; x_wconf 87' lang='lat' dir='ltr'><strong>Nasciturum</strong></span> <span class='ocrx_word' id='word_1_374' title='bbox 690 3899 807 3978; x_wconf 88' lang='lat' dir='ltr'><strong>quidem</strong></span> <span class='ocrx_word' id='word_1_375' title='bbox 826 3897 883 3958; x_wconf 89' lang='lat' dir='ltr'><strong>sibi</strong></span> <span class='ocrx_word' id='word_1_376' title='bbox 895 3899 1008 3982; x_wconf 83' lang='lat' dir='ltr'><strong>Regem</strong></span> <span class='ocrx_word' id='word_1_377' title='bbox 1028 3897 1186 3980; x_wconf 89' lang='lat' dir='ltr'><strong>sperabant</strong></span> <span class='ocrx_word' id='word_1_378' title='bbox 1203 3902 1333 3980; x_wconf 66' lang='lat' dir='ltr'><strong>esum,</strong></span> 
     </span>
     <span class='ocr_line' id='line_1_42' title="bbox 192 3971 1329 4058; baseline 0.007 -25"><span class='ocrx_word' id='word_1_379' title='bbox 192 3975 245 4033; x_wconf 84' lang='lat' dir='ltr'><strong>sub</strong></span> <span class='ocrx_word' id='word_1_380' title='bbox 267 3993 325 4052; x_wconf 92' lang='lat' dir='ltr'><strong>quo</strong></span> <span class='ocrx_word' id='word_1_381' title='bbox 348 3971 448 4032; x_wconf 89' lang='lat' dir='ltr'><strong>beatus</strong></span> <span class='ocrx_word' id='word_1_382' title='bbox 470 3993 503 4032; x_wconf 88' lang='lat' dir='ltr'><strong>ac</strong></span> <span class='ocrx_word' id='word_1_383' title='bbox 520 3973 592 4034; x_wconf 78' lang='lat' dir='ltr'><strong>iclix</strong></span> <span class='ocrx_word' id='word_1_384' title='bbox 613 3988 688 4036; x_wconf 90' lang='lat' dir='ltr'><strong>esset</strong></span> <span class='ocrx_word' id='word_1_385' title='bbox 707 3976 765 4034; x_wconf 89' lang='lat' dir='ltr'><strong>Dei</strong></span> <span class='ocrx_word' id='word_1_386' title='bbox 787 3975 928 4058; x_wconf 84' lang='lat' dir='ltr'><strong>populus,</strong></span> <span class='ocrx_word' id='word_1_387' title='bbox 952 3975 1003 4038; x_wconf 83' lang='lat' dir='ltr'><strong>sed</strong></span> <span class='ocrx_word' id='word_1_388' title='bbox 1023 3977 1127 4036; x_wconf 91' lang='lat' dir='ltr'><strong>modus</strong></span> <span class='ocrx_word' id='word_1_389' title='bbox 1148 3979 1230 4056; x_wconf 88' lang='lat' dir='ltr'><strong>quasi</strong></span> <span class='ocrx_word' id='word_1_390' title='bbox 1252 3980 1329 4041; x_wconf 89' lang='lat' dir='ltr'><strong>velo</strong></span> 
     </span>
     <span class='ocr_line' id='line_1_43' title="bbox 191 4045 1329 4134; baseline 0.006 -25"><span class='ocrx_word' id='word_1_391' title='bbox 191 4047 368 4130; x_wconf 81' lang='lat' dir='ltr'><strong>interposito</strong></span> <span class='ocrx_word' id='word_1_392' title='bbox 388 4045 575 4127; x_wconf 74' lang='lat' dir='ltr'><strong>absconditus</strong></span> <span class='ocrx_word' id='word_1_393' title='bbox 595 4051 713 4112; x_wconf 75' lang='lat' dir='ltr'><strong>iniebat.</strong></span> <span class='ocrx_word' id='word_1_394' title='bbox 752 4053 834 4134; x_wconf 83' lang='lat' dir='ltr'><strong>Ergo</strong></span> <span class='ocrx_word' id='word_1_395' title='bbox 855 4051 928 4110; x_wconf 90' lang='lat' dir='ltr'><strong>nibil</strong></span> <span class='ocrx_word' id='word_1_396' title='bbox 940 4051 1055 4128; x_wconf 88' lang='lat' dir='ltr'><strong>mirum,</strong></span> <span class='ocrx_word' id='word_1_397' title='bbox 1072 4055 1098 4113; x_wconf 84' lang='lat' dir='ltr'><strong>si</strong></span> <span class='ocrx_word' id='word_1_398' title='bbox 1116 4055 1329 4134; x_wconf 86' lang='lat' dir='ltr'><strong>quaestionem</strong></span> 
     </span>
     <span class='ocr_line' id='line_1_44' title="bbox 191 4125 1329 4214; baseline 0.007 -28"><span class='ocrx_word' id='word_1_399' title='bbox 191 4138 292 4188; x_wconf 85' lang='lat' dir='ltr'><strong>movet</strong></span> <span class='ocrx_word' id='word_1_400' title='bbox 315 4137 414 4187; x_wconf 83' lang='lat' dir='ltr'><strong>sancta</strong></span> <span class='ocrx_word' id='word_1_401' title='bbox 438 4129 524 4210; x_wconf 77' lang='lat' dir='ltr'><strong>virgo</strong></span> <span class='ocrx_word' id='word_1_402' title='bbox 550 4129 588 4188; x_wconf 89' lang='lat' dir='ltr'><strong>de</strong></span> <span class='ocrx_word' id='word_1_403' title='bbox 612 4149 643 4188; x_wconf 88' lang='lat' dir='ltr'><strong>re</strong></span> <span class='ocrx_word' id='word_1_404' title='bbox 670 4125 727 4188; x_wconf 89' lang='lat' dir='ltr'><strong>sibi</strong></span> <span class='ocrx_word' id='word_1_405' title='bbox 751 4127 912 4209; x_wconf 84' lang='lat' dir='ltr'><strong>incognita.</strong></span> <span class='ocrx_word' id='word_1_406' title='bbox 958 4128 1051 4202; x_wconf 85' lang='lat' dir='ltr'><strong>Quod</strong></span> <span class='ocrx_word' id='word_1_407' title='bbox 1076 4143 1179 4214; x_wconf 46' lang='lat' dir='ltr'><strong>autem,</strong></span> <span class='ocrx_word' id='word_1_408' title='bbox 1200 4153 1235 4192; x_wconf 81' lang='lat' dir='ltr'><strong>ex</strong></span> <span class='ocrx_word' id='word_1_409' title='bbox 1258 4134 1329 4195; x_wconf 88' lang='lat' dir='ltr'><strong>eius</strong></span> 
     </span>
     <span class='ocr_line' id='line_1_45' title="bbox 191 4201 1328 4289; baseline 0.011 -30"><span class='ocrx_word' id='word_1_410' title='bbox 191 4202 289 4263; x_wconf 86' lang='lat' dir='ltr'><strong>&#39;verbis</strong></span> <span class='ocrx_word' id='word_1_411' title='bbox 308 4205 445 4285; x_wconf 84' lang='lat' dir='ltr'><strong>suspicati</strong></span> <span class='ocrx_word' id='word_1_412' title='bbox 464 4218 531 4266; x_wconf 89' lang='lat' dir='ltr'><strong>sunt</strong></span> <span class='ocrx_word' id='word_1_413' title='bbox 546 4201 678 4284; x_wconf 66' lang='lat' dir='ltr'><strong>cuidam,</strong></span> <span class='ocrx_word' id='word_1_414' title='bbox 698 4217 858 4284; x_wconf 86' lang='lat' dir='ltr'><strong>perpetuae</strong></span> <span class='ocrx_word' id='word_1_415' title='bbox 872 4206 1046 4288; x_wconf 82' lang='lat' dir='ltr'><strong>virginitatis</strong></span> <span class='ocrx_word' id='word_1_416' title='bbox 1067 4219 1245 4289; x_wconf 89' lang='lat' dir='ltr'><strong>conceptum</strong></span> <span class='ocrx_word' id='word_1_417' title='bbox 1270 4211 1328 4272; x_wconf 89' lang='lat' dir='ltr'><strong>ha-</strong></span> 
     </span>
     <span class='ocr_line' id='line_1_46' title="bbox 192 4279 1327 4365; baseline 0.008 -26"><span class='ocrx_word' id='word_1_418' title='bbox 192 4279 289 4342; x_wconf 85' lang='lat' dir='ltr'><strong>buisse</strong></span> <span class='ocrx_word' id='word_1_419' title='bbox 309 4294 424 4356; x_wconf 89' lang='lat' dir='ltr'><strong>voturn,</strong></span> <span class='ocrx_word' id='word_1_420' title='bbox 444 4281 529 4340; x_wconf 91' lang='lat' dir='ltr'><strong>nimis</strong></span> <span class='ocrx_word' id='word_1_421' title='bbox 550 4283 695 4341; x_wconf 88' lang='lat' dir='ltr'><strong>infirmnm</strong></span> <span class='ocrx_word' id='word_1_422' title='bbox 717 4293 774 4353; x_wconf 89' lang='lat' dir='ltr'><strong>cst,</strong></span> <span class='ocrx_word' id='word_1_423' title='bbox 793 4281 852 4342; x_wconf 91' lang='lat' dir='ltr'><strong>imo</strong></span> <span class='ocrx_word' id='word_1_424' title='bbox 873 4303 992 4362; x_wconf 84' lang='lat' dir='ltr'><strong>prorsus</strong></span> <span class='ocrx_word' id='word_1_425' title='bbox 1012 4281 1181 4344; x_wconf 82' lang='lat' dir='ltr'><strong>absurdrmr:</strong></span> <span class='ocrx_word' id='word_1_426' title='bbox 1202 4287 1327 4365; x_wconf 86' lang='lat' dir='ltr'><strong>perfide</strong></span> 
     </span>
     <span class='ocr_line' id='line_1_47' title="bbox 193 4355 1328 4444; baseline 0.007 -29"><span class='ocrx_word' id='word_1_427' title='bbox 193 4357 269 4420; x_wconf 87' lang='lat' dir='ltr'><strong>enim</strong></span> <span class='ocrx_word' id='word_1_428' title='bbox 290 4379 372 4440; x_wconf 80' lang='lat' dir='ltr'><strong>passa</strong></span> <span class='ocrx_word' id='word_1_429' title='bbox 392 4360 502 4432; x_wconf 83' lang='lat' dir='ltr'><strong>suisset,</strong></span> <span class='ocrx_word' id='word_1_430' title='bbox 522 4379 553 4418; x_wconf 85' lang='lat' dir='ltr'><strong>sc</strong></span> <span class='ocrx_word' id='word_1_431' title='bbox 572 4358 677 4418; x_wconf 87' lang='lat' dir='ltr'><strong>marito</strong></span> <span class='ocrx_word' id='word_1_432' title='bbox 695 4355 845 4428; x_wconf 85' lang='lat' dir='ltr'><strong>collocari,</strong></span> <span class='ocrx_word' id='word_1_433' title='bbox 865 4371 1053 4444; x_wconf 66' lang='lat' dir='ltr'><strong>senatumque</strong></span> <span class='ocrx_word' id='word_1_434' title='bbox 1068 4360 1199 4444; x_wconf 74' lang='lat' dir='ltr'><strong>coniugii</strong></span> <span class='ocrx_word' id='word_1_435' title='bbox 1213 4361 1328 4430; x_wconf 75' lang='lat' dir='ltr'><strong>foedus</strong></span> 
     </span>
    </p>
   </div>
   <div class='ocr_carea' id='block_1_7' title="bbox 0 0 1388 4834">
    <p class='ocr_par' dir='ltr' id='par_1_8' title="bbox 0 0 1388 4834">
     <span class='ocr_line' id='line_1_48' title="bbox 0 0 1388 4834; baseline 0 0"><span class='ocrx_word' id='word_1_436' title='bbox 0 0 1388 4834; x_wconf 95' lang='lat' dir='ltr'><strong> </strong></span> 
     </span>
    </p>
   </div>
  </div>
 </body>
</html>
