2768 4834
372 249 439 328 (att
457 246 541 310 lesus
558 245 642 332 dtgit
661 245 885 332 Caperuuumi)
1135 251 1195 320 121

7 399 9 464 :
55 401 141 464 eodm
163 400 273 486 gentis
298 399 545 494 ingratitudinem
569 401 680 494 carpit,
705 391 868 484 quodiam
892 399 1008 482 pridem
1031 400 1194 494 solitirtnt

53 481 111 540 irre
129 498 243 538 omnes
265 498 305 538 eo
333 477 485 558 rndrgmus
503 478 666 540 Dominum
688 490 899 553 contemnere,
925 498 985 559 quo
1014 498 1136 560 proprus
1156 479 1194 552 ad

7 569 8 584 ¹
55 579 100 616 eos
120 565 305 615 accesserat.
343 555 420 614 Nam
442 553 491 634 qui
511 554 618 616 lactum
639 565 693 631 est,
711 566 746 616 ut
762 553 915 618 mulierem
936 553 1194 618 extraneamDeus
1308 568 1314 594 1¹
1376 569 1377 594 t

54 631 234 768 praetulerit
251 629 393 723 omnibus
412 630 571 706 Israelitis,
595 631 653 692 nisi
672 631 754 712 quod
775 630 812 691 ab
832 631 877 693 his
896 631 1022 692 reiectus
1041 631 1195 711 Propheta
1280 629 1288 647 ¹

54 720 233 846 iibllms
249 729 283 766 ¹¹¹
308 706 540 844 “lirul'ill?
550 728 725 848 ,ttttt
738 719 857 861 titt-,²¹35
871 706 1194 864 iilirnilrllffi

54 861 109 942 puli
129 861 234 922 Israel
293 861 404 921 Sensus
424 881 458 922 cr
478 880 498 921 o
520 871 578 938 est,
599 860 677 922 idem
698 861 832 923 accidere
852 861 933 942 quod
954 859 1040 936 olim,
1058 871 1094 920 ut
1110 860 1194 924 Deus

55 937 156 1028 procul
179 939 323 999 virmtem
342 957 424 1027 suam
444 881 480 998 al
497 936 612 1000 alienos
631 938 816 1014 transmittat,
836 937 904 1019 quia
924 937 1124 1000 adomesticis
1142 957 1194 998 re-

55 1016 187 1096 pellitur.
236 1014 357 1074 Interea
375 1013 524 1096 significat
544 1014 694 1089 Christus,
718 1015 792 1074 nihil
812 1035 847 1076 ex
865 1035 917 1077 sna
937 1013 1033 1098 gloria
1057 1013 1194 1089 diminui,

56 1093 131 1171 quod
152 1111 173 1152 a
196 1091 402 1152 conterraneis
412 1090 463 1150 vili
486 1089 617 1151 cuditur:
637 1090 797 1171 quiaDeuu
815 1111 879 1154 non
895 1091 960 1153 sine
979 1111 1084 1152 eorum
1103 1091 1194 1174 igno-

54 1169 143 1306 :gli
161 1166 1195 1325 ιξΙΞιιιΡὲἒὲἔῗιιῗίιιῶιὶυἰιἰέιίἓῖιῖιιεεῖιᾛιὲιξῖἳξιειωεειιὶὶῗέἕιξῖἰῖιυξ0ἰὲτέιὲ
1223 1185 1225 1200 Ι

55 1325 145 1382 modo
166 1320 342 1382 retunditur
363 1319 453 1380 stulta
473 1319 568 1382 earnis
612 1318 746 1394 loriatio,
773 1337 863 1399 quum
881 1319 1012 1380 videmus
1029 1319 1194 1380 Dominum

58 1398 175 1478 pluere,
195 1417 260 1456 non
279 1397 372 1458 modo
393 1395 445 1458 ubi
464 1407 497 1457 et
515 1339 634 1488 qnando
653 1395 747 1456 risum
767 1406 820 1471 est,
839 1394 942 1455 sedin
960 1417 997 1455 au
1051 1395 1075 1454 is
1093 1415 1194 1456 remo-

56 1477 100 1544 t's,
115 1473 298 1565 posthabita
309 1485 390 1534 terra
403 1493 489 1553 quam
507 1472 566 1534 srbi
584 1473 616 1534 in
637 1470 817 1532 domicilium
829 1471 969 1554 elegerdt.
1033 1491 1104 1532 orro
1123 1471 1194 1532 binc

57 1551 232 1634 colligenda
252 1561 298 1610 est
315 1549 463 1632 generalis
483 1548 630 1625 doctrina,
649 1559 782 1610 nostrum
802 1569 866 1609 non
886 1569 948 1610 esse
958 1546 1028 1608 Deo
1048 1546 1081 1608 in
1100 1545 1195 1608 bene·
1239 1597 1247 1608 ,

58 1627 128 1688 ficiis
153 1627 216 1688 suis
237 1625 440 1706 dispensandis
463 1625 666 1707 praescribere
686 1624 812 1705 aliquam
831 1624 944 1708 legem,
969 1624 1042 1716 quin
1065 1643 1120 1684 suo
1145 1643 1194 1684 ar-

58 1703 149 1765 bitrio
162 1702 284 1764 infimos
302 1715 335 1766 et
354 1703 623 1784 contemptissimus
642 1701 761 1763 honore
771 1702 922 1784 dignetur,
940 1699 1043 1782 primis
1061 1699 1195 1762 reiectisc

58 1801 112 1841 nec
132 1780 312 1860 obstrepere
332 1777 376 1840 fas
396 1797 471 1852 esse,
489 1780 515 1840 si
531 1779 678 1852 ordinem,
698 1777 750 1858 qui
768 1779 880 1839 arridet
897 1789 1001 1838 nostro
1020 1775 1142 1852 indicio,
1161 1785 1196 1838 nt

59 1857 221 1937 plurimum
240 1867 401 1936 pervertat.
439 1855 583 1916 Tenenda
604 1856 722 1936 quidem
743 1853 947 1917 estantitbesis
965 1853 1195 1919 interlsraelem

60 1931 251 2024 etprosanas
277 1943 400 2024 gentes,
423 1933 476 2024 sed
498 1953 613 2023 nusum
637 1943 765 2023 statuere
786 1943 922 2024 oportet,
950 1929 1048 2022 nullos
1069 1951 1128 2068 pro
1151 1929 1194 2022 ria

60 2011 207 2161 tttttff
226 2007 485 2160 totl'ttltt
503 2007 1197 2163 {iltdrttt¹⁵tt⁰ttttrtttfttnltd

59 2165 210 2244 suscipere
230 2172 263 2222 ct
280 2162 406 2223 adorare
423 2183 544 2234 *necesse
564 2173 617 2223 est.

132 2247 183 2310 ⁶18.
221 2239 342 2315 Repletc'
358 2253 426 2300 sum
439 2243 495 2300 iro.
536 2238 710 2330 Senserunt,
730 2259 869 2330 quorsum
887 2235 1194 2329 tenderenttilluduo

62 2314 861 2483 {tlttt,t‘tlltttlltt’dtttedt
876 2313 1079 2470 giilessrill
1097 2325 1220 2460 “inii

64 2491 147 2548 quum
174 2471 332 2530 advirum
357 2469 451 2550 pungi
470 2467 617 2530 dederent
637 2485 746 2528 eorum
761 2465 977 2539 conscientiae,
1000 2475 1035 2524 ut
1052 2463 1196 2526 correctis

63 2547 118 2606 mis
135 2547 215 2610 vitiis
235 2545 401 2606 remedium
421 2553 614 2625 quaererent,
632 2553 746 2602 tantum
765 2555 894 2624 aguntur
913 2541 946 2604 in
963 2541 1105 2604 furorem.
1143 2538 1195 2600 Sic

63 2623 142 2704 impii
160 2645 226 2684 non
245 2622 344 2684 solnm
365 2621 578 2684 contumaciter
596 2617 737 2680 resistunt
753 2617 814 2678 Dei
833 2616 964 2692 iudiciis,
983 2615 1036 2678 sed
1054 2614 1197 2676 atrociter
1292 2639 1293 2644 ¹

63 2699 92 2762 in
117 2701 179 2763 eius
208 2720 313 2765 servos
336 2699 502 2782 insurgunt.
552 2696 633 2757 Hinc
658 2705 795 2776 apparet,
820 2704 960 2774 quantam
982 2691 1043 2754 vim
1066 2689 1197 2753 babeant

62 2777 303 2859 bbiurgationes,
324 2795 400 2856 quac
425 2773 652 2856 proficiscuntur
675 2793 692 2834 a
715 2771 775 2832 Dei
795 2769 922 2853 Spiritu:
953 2789 1022 2832 nam
1040 2765 1123 2828 rabie
1146 2765 1197 2826 in-

64 2855 211 2916 llammant
230 2873 337 2915 eorum
357 2851 481 2928 animos,
500 2850 551 2932 qui
570 2849 708 2910 libenter.
718 2867 767 2910 eas
786 2847 949 2911 eluderent
987 2845 1084 2906 Porro
1105 2863 1220 2929 quum,

64 2931 202 3006 ridemus,
221 2941 283 2990 tam
303 2926 465 2990 virulentas
485 2948 548 2990 esse
566 2926 720 2988 bominum
738 2937 863 3001 mentes,
881 2923 1070 2986 utinsaniant
1088 2931 1195 2983 comma
1271 2943 1278 2950 ·

65 3007 157 3068 Deum
187 3004 313 3068 simulac
343 3005 472 3087 asperius
497 3015 676 3078 tractantur,
703 3002 851 3139 petendus
880 3000 970 3061 nobis
995 3010 1040 3061 est
1066 2996 1195 3078 Spiritus
1321 3000 1324 3012 ¹

65 3083 312 3157 mansuetudinis,
330 3101 369 3142 ne
389 3082 420 3142 in
439 3082 498 3142 boc
517 3080 634 3142 exitiale
652 3079 762 3140 belum
781 3079 861 3140 idem
880 3077 965 3139 sutor
983 3097 1039 3137 nos
1058 3074 1194 3155 abripiat.
1225 3111 1228 3122 ·

68 3158 164 3234 Quum
190 3161 264 3220 dicit
287 3160 400 3234 Lucas,
424 3159 521 3219 lesum
545 3177 600 3239 per
622 3155 749 3218 mediam
775 3155 893 3216 turbam
917 3154 1070 3229 transisse,
1100 3151 1195 3214 etita

67 3235 192 3317 clapsum
213 3257 277 3297 esse
298 3255 401 3298 eorum
419 3234 565 3308 manibus,
583 3233 728 3317 significat
747 3231 900 3306 divinitus,
919 3249 975 3290 nec
995 3229 1059 3290 sine
1077 3227 1195 3367 inimi

66 3313 204 3374 miraculo
230 3324 368 3393 ereptum
388 3331 450 3376 esse
476 3333 510 3372 ex
529 3309 678 3392 praesenti
699 3319 806 3370 morte.
828 3371 833 3376 ,
852 3307 923 3382 Quo
944 3305 1078 3387 exemplo
1124 3325 1196 3366 oce·

70 3408 136 3464 mur,
156 3388 345 3469 qnanmmvis
365 3385 729 3469 praevaleantadversarii,
747 3397 783 3444 ut
800 3383 860 3445 rita
879 3395 982 3444 nostra
1003 3403 1106 3445 eorum
1125 3381 1194 3443 libi-

70 3463 124 3524 dini
142 3466 277 3528 rubiecta
288 3465 434 3539 rideatur,
452 3463 604 3528 victricem
623 3475 722 3527 tamen
740 3481 858 3598 semper
876 3458 1011 3520 soreDei
1031 3459 1197 3541 potentiam

68 3543 101 3602 ad
123 3565 179 3604 nos
204 3543 385 3616 servandos,
409 3561 497 3621 quam
518 3540 567 3601 din
591 3559 647 3602 uos
671 3539 704 3600 in
722 3559 793 3599 mun
817 3558 835 3598 o
860 3537 991 3612 retinere
1015 3535 1110 3612 volet,
1133 3533 1196 3595 sive
1293 3552 1297 3566 ‘

68 3620 193 3680 coustrin
218 3631 250 3679 at
272 3617 391 3680 illorum
417 3637 537 3694 munus,
559 3616 621 3680 rive
648 3613 751 3678 oculos
776 3613 921 3680 coecitate
945 3613 1110 3694 percutiat,
1135 3610 1197 3672 sive

68 3693 169 3778 obstup
204 3695 284 3758 aciat
302 3713 406 3758 corum
424 3705 538 3756 mentes
558 3705 590 3755 et
608 3692 723 3760 cordas
1210 3757 1215 3800 Ι

104 3973 187 4061 (att.)
216 3961 391 4048 ΜΑΤΤΗ.
424 3977 482 4041 tv:
528 3976 578 4041 13.
607 3971 789 4042 Etrelictu
816 3969 997 4049 Nazareth,
1032 3963 1198 4056 proiectus

67 4078 219 4147 habitarit
247 4081 283 4144 in
304 4077 528 4163 capernaum,
560 4097 643 4164 quae
673 4085 722 4141 est
741 4072 820 4140 urbs
839 4073 996 4146 maritima
1021 4070 1056 4135 in
1077 4067 1199 4139 finibus
1222 4101 1228 4140 ι

69 4179 214 4248 Sebulon
236 4187 271 4245 et
289 4176 454 4267 Nupbtali,
475 4177 527 4246 14.
547 4177 598 4266 Ut
615 4174 820 4262 impleretur,
841 4170 931 4261 qood
953 4169 1071 4236 dictum
1093 4170 1200 4236 fueret

68 4303 124 4364 por
150 4281 288 4350 lesaiam
316 4277 526 4365 Prophetam,
554 4277 735 4354 dicentem,
777 4277 827 4341 15.
861 4273 965 4338 Terra
987 4267 1137 4338 Sebulon
1167 4279 1200 4336 ot

69 4391 151 4450 terre
177 4377 339 4472 Napbtali
364 4383 450 4454 iuxta
475 4381 560 4452 rium
587 4381 698 4460 maris,
722 4375 809 4450 rrltra
837 4371 1024 4454 Iordanem,
1050 4369 1202 4458 Galilaea
