2768 4834
468 261 602 322 0nar10
622 275 660 324 xn
679 273 806 323 moure.
1145 271 1203 336 m

59 407 120 466 din
143 409 349 500 praescribit:
385 431 498 493 nempe
518 424 551 472 ut
569 414 684 476 sincere
705 425 735 475 et
755 413 835 475 bona
856 414 914 474 lide
934 415 1014 475 inter
1032 433 1065 476 se
1084 429 1204 479 eontra-

58 485 111 542 iant
132 483 293 576 qumes,
329 489 411 568 quia
440 502 510 550 tunc
534 509 597 549 non
623 491 747 552 minoris
773 492 831 552 erit
853 490 1003 552 sermonis
1023 493 1205 572 simplicitas,

57 581 124 640 quan
142 575 181 622 srt
201 564 429 636 iusiurandum
449 566 527 626 inter
546 587 624 643 eos,
645 569 696 649 qui
715 567 912 636 sinceritatem
932 589 994 629 non
1014 567 1126 630 colunt.
1163 571 1212 630 Es

54 651 117 730 certe
141 639 216 699 baec
246 641 383 720 optima
411 655 456 702 est
481 643 665 736 corrigendis
689 644 766 706 vitiis
796 645 888 720 ratio,
918 657 1024 706 notare
1049 644 1150 706 fontes
1170 665 1205 706 ex

54 715 141 792 qubus
159 729 304 778 manant.
340 719 441 780 Unde
462 729 541 780 tanta
562 721 676 781 iurandi
698 721 876 801 proclivitas,
896 721 952 781 nisi
992 721 1052 782 uod
1072 721 1103 781 in
1123 731 1205 782 tanta

53 793 174 866 sanitate,
194 793 228 854 in
251 805 307 854 tot
331 783 500 869 fallaciis(
500 796 710 873 inconstantia,
727 797 866 858 futilitate
887 797 960 858 nillil
972 743 1206 861 lamerediturl
1284 823 1290 832 ¹

53 867 208 930 laudarem
230 869 339 954 igitur
365 873 398 932 in
420 873 516 933 verbis
538 873 644 934 nostris
664 886 696 935 et
714 875 907 935 constantiam
925 875 1050 956 requirit
1060 866 1206 950 Christus,

53 967 81 1004 ae
100 948 204 1008 iurare
224 948 374 1029 amplius
401 968 520 1010 necesse
545 950 592 1011 sit.
636 951 787 1030 Repetitio
812 951 891 1012 enirn
916 963 975 1012 mm
1001 949 1206 1012 affirmationis

11 1032 12 1076 1
52 1043 121 1100 quun
140 1025 332 1108 negationis
358 1027 419 1086 buc
437 1037 567 1106 spectat,
592 1026 675 1088 dictis
695 1026 802 1088 nostris
821 1029 955 1090 standum
977 1049 1056 1102 esse,
1082 1041 1116 1090 ut
1134 1028 1206 1088 inde

11 1195 13 1250 l

10 1285 13 1400 l

51 1111 178 1234 appareat
204 1101 410 1194 ingenuitas.
454 1102 533 1176 Quia
559 1113 657 1164 autern
682 1104 755 1164 baec
779 1125 848 1165 vcra
868 1117 912 1166 est
931 1117 962 1164 et
980 1104 1111 1186 legitima
1131 1125 1206 1166 con-

51 1185 83 1233 tn
103 1177 170 1237 endi
197 1191 308 1254 ratio,
343 1178 402 1239 ubi
427 1199 489 1238 non
510 1179 588 1240 aliud
609 1179 639 1238 ia
660 1178 760 1260 lingua
781 1180 891 1240 babent
910 1181 1044 1242 homines
1065 1203 1152 1262 quiam
1170 1181 1204 1240 in

51 1253 136 1329 corde,
157 1256 360 1334 pronuntiat
371 1255 516 1329 Christus,
536 1277 569 1316 ex
588 1256 666 1316 malo
687 1276 749 1316 esse
770 1255 910 1348 quiequid
929 1257 1005 1317 ultra
1028 1270 1087 1318 est:
1108 1276 1206 1337 neque

52 1331 116 1390 eain
135 1333 213 1391 mibi
236 1333 406 1414 probatur
466 1332 610 1392 orundam
631 1331 787 1412 expositio,
806 1332 1006 1394 iusiurandum
1026 1335 1088 1394 eius
1102 1333 1206 1414 culpae

51 1405 147 1496 debere
167 1409 293 1482 tribui,
323 1409 383 1488 qui
402 1350 489 1468 fidius
509 1407 645 1489 loquenti
665 1429 727 1468 non
747 1407 846 1470 babet.
885 1407 946 1469 Sed
967 1408 1117 1484 Christus,
1136 1429 1207 1469 meo

52 1483 164 1560 iudicio,
197 1505 237 1546 ex
260 1485 432 1550 hominum
450 1485 529 1544 vitiis
549 1505 668 1566 manare
689 1485 793 1559 docet,
827 1486 907 1564 qnod
928 1485 1024 1546 iurare
1044 1497 1207 1568 cogunturs

54 1561 106 1636 quia
124 1562 149 1621 si
170 1561 262 1624 inter
285 1583 350 1624 eos
368 1561 485 1644 vigeret
502 1561 582 1622 bona
603 1561 693 1636 fides,
711 1561 737 1622 si
755 1561 829 1620 varii
849 1582 912 1622 non
932 1575 1031 1624 essent
1048 1583 1105 1624 nec
1124 1561 1207 1623 llexi-

53 1635 139 1718 loqui,
165 1639 323 1700 tolerent
347 1658 412 1697 eam
431 1637 646 1718 simplicitatem
668 1659 754 1718 quam
775 1637 866 1699 dictat
885 1650 997 1698 natura.
1034 1640 1142 1720 Neque
1161 1650 1208 1698 ta-

55 1733 111 1773 nen
130 1717 299 1806 sequitur,
324 1713 400 1794 quin
420 1713 530 1776 licitum
550 1715 589 1775 sit
607 1715 720 1790 iurare,
742 1715 857 1796 quoties
877 1714 907 1775 id
927 1716 1084 1777 necessitas
1103 1726 1208 1796 postu·

54 1789 100 1880 lat,
137 1811 210 1872 qma
247 1813 354 1876 purus
388 1802 431 1850 est
462 1793 618 1853 multarum
644 1813 743 1852 rerum
766 1813 849 1868 usus,
887 1809 1010 1873 quarum
1034 1791 1139 1856 vitiosa
1164 1801 1209 1852 est

55 1885 140 1950 ongo.
841 1909 848 1920 ι
883 1889 885 1896 ‘

9 2013 11 2096 l
89 2075 173 2156 (49.)
213 2073 406 2142 mnTTfl.
428 2073 469 2138 V.
503 2073 562 2140 38:
576 2033 720 2139 Audistis
741 2071 830 2162 quod
852 2073 972 2160 dictum
993 2074 1100 2153 luerit,
1119 2071 1209 2140 Ocu·

58 2171 114 2242 lum
130 2183 201 2266 ‘pro
227 2171 358 2250 oculo,
390 2185 422 2240 ct
444 2173 573 2240 dentem
594 2196 655 2262 pro
678 2173 786 2241 dente.
827 2175 878 2240 39.
905 2177 948 2241 At
970 2195 1032 2262 ego
1054 2175 1130 2242 diuo
1151 2195 1209 2240 vo·

59 2273 115 2356 bis,
146 2279 203 2346 Ne
241 2277 410 2342 resistatis
436 2271 535 2341 malo:
569 2273 629 2341 sed
658 2277 802 2362 quisquis
827 2275 997 2362 impegerit
1022 2274 1148 2364 alapam
1174 2273 1210 2340 in

61 2375 219 2444 dexteram
245 2388 342 2443 tuam
363 2375 535 2454 maxillam,
570 2373 707 2443 obverte
728 2373 777 2440 illi
800 2383 831 2440 et
852 2373 1000 2442 alteram:
1030 2377 1083 2442 to.
1108 2375 1150 2442 Et
1170 2374 1210 2450 si,

63 2483 110 2563 qui
129 2490 246 2546 tecum
272 2475 358 2544 velit
377 2477 500 2544 iudicio
519 2474 735 2556 contendere,
755 2495 796 2540 ac
816 2477 955 2541 tualeam
976 2486 1062 2541 tuam
1083 2473 1210 2550 tollere,

64 2583 207 2664 permitte
232 2577 289 2643 illi
313 2587 346 2643 et
367 2575 649 2662 palliandam
670 2577 779 2663 quite
801 2573 946 2660 adegerit
967 2573 1010 2640 ad
1026 2572 1211 2644 milliarium

65 2701 164 2760 mum,
187 2679 289 2746 abito
315 2701 388 2744 eum
409 2677 468 2744 illo
490 2677 568 2746 duo.

141 2813 257 2884 LUC.
278 2811 337 2878 Vl.
382 2812 433 2878 29.
460 2811 656 2878 Percutienti
686 2821 717 2878 te
739 2813 772 2876 in
792 2807 950 2876 maxillam
969 2804 1092 2897 praebe
1113 2817 1147 2876 et
1167 2805 1212 2874 al-

68 2923 179 2983 teram:
204 2927 243 2981 et
265 2912 309 2980 ab
331 2935 389 2990 eo,
410 2915 466 3001 qui
489 2913 595 2980 aulert
615 2911 673 2978 tibi
694 2911 843 3000 pallium,
862 2913 958 2978 etiam
979 2911 1120 2976 tunicam
1141 2905 1213 2977 noli

70 3017 260 3102 probibere.
292 3015 344 3081 30.
366 3013 464 3080 Omni
487 3025 592 3080 autem
615 3017 753 3100 exigenti
776 3011 833 3080 abs
853 3024 897 3091 te,
918 3009 1041 3078 tribue:
1062 3021 1095 3078 et
1107 3008 1151 3077 ab
1162 3031 1213 3090 eo,

71 3121 120 3204 qui
143 3118 259 3184 aulcrt
280 3135 366 3203 quae
386 3126 441 3181 tua
460 3127 543 3194 sunt,
564 3137 606 3182 ne
628 3137 791 3202 reposcas.

144 3316 257 3376 matth.
277 3319 326 3380 38.
360 3313 483 3376 Oculum
500 3313 658 3390 montio.
688 3315 745 3374 llic
756 3313 829 3373 alius
840 3331 925 3373 error
934 3309 1102 3392 corrigitur,
1121 3311 1215 3391 quod,

75 3393 255 3472 quumDeus
265 3390 377 3452 iudices
388 3403 418 3451 et
427 3392 611 3474 magistratus
622 3392 762 3474 snaLegc
772 3387 899 3450 iussisset
909 3387 1029 3449 iniurias
1041 3387 1104 3470 pari
1114 3407 1213 3470 poena

75 3469 185 3544 ulcisci,
206 3469 333 3550 quisque
353 3488 390 3528 eo
409 3479 561 3550 praetextu
581 3467 638 3529 sibi
657 3468 801 3528 ultionem
820 3466 962 3526 sumebat
993 3465 1077 3547 Ergo
1095 3485 1127 3526 se
1162 3485 1213 3524 ec-

75 3566 228 3606 smenon
251 3544 410 3626 putabant,
435 3546 527 3606 modo
548 3565 586 3605 ne
607 3566 695 3624 quem
715 3543 829 3624 priores
850 3543 1044 3617 lacesserent,
1072 3541 1124 3604 sed
1155 3541 1214 3600 aesi

75 3643 130 3714 par
153 3622 219 3715 pari
243 3623 454 3702 rependerent
500 3620 634 3683 Christus
659 3632 757 3681 autem
777 3631 880 3682 contra
900 3621 1055 3693 admouet,
1084 3615 1215 3696 wamiis

77 3699 223 3759 iudicibus
242 3699 381 3759 mandata
399 3698 438 3758 sit
456 3699 619 3759 eommunis
638 3697 790 3770 defensio,
810 3709 841 3756 et
860 3695 988 3756 ordinati
1006 3695 1066 3756 sint
1084 3692 1214 3759 vindices

79 3775 114 3835 ad
138 3776 327 3838 cohibendos
352 3775 503 3854 improbos
522 3797 557 3836 ac
576 3776 633 3836 viru
655 3796 758 3838 eorum
778 3773 1011 3864 reprimendam,
1039 3768 1149 3830 debere
1169 3778 1215 3828 ta-

79 3873 143 3913 men
163 3875 257 3913 unum
282 3871 407 3931 nemque
426 3853 574 3950 patienter
594 3852 672 3913 ierre
692 3851 785 3912 illatas
805 3850 861 3910 sibi
880 3847 1009 3910 iniurias.

152 3935 202 3996 ³9.
276 3933 453 3990 anuum
476 3929 564 3989 molo.
607 3926 724 4010 Duplex
748 3939 792 3987 est
811 3925 965 3988 resistendi
983 3920 1101 3982 modus:
1130 3919 1216 3995 alter,

101 4029 137 4068 uo
162 4006 287 4068 innoxie
312 4027 443 4067 arcemus
468 4006 604 4080 iniurias,
632 4005 708 4066 alter
733 4023 792 4085 quo
818 4002 992 4064 retaliamus.
1037 3997 1216 4078 Quanquam

83 4027 216 4147 iuratus
237 4085 297 4145 suis
318 4104 380 4142 non
401 4082 561 4164 permittit,
580 4095 613 4141 ut
631 4083 690 4144 rim
710 4083 739 4142 ri
758 4078 922 4162 repellant,
942 4095 1004 4136 non
1023 4083 1123 4134 tamen
1164 4096 1215 4137 ru-

83 4163 171 4240 bibet,
193 4160 268 4241 quin
291 4161 449 4220 deflectant
467 4158 503 4220 ab
525 4159 631 4218 iniusta
651 4159 802 4220 violentia.
841 4153 933 4232 Atqui
953 4150 1042 4242 buius·
1058 4097 1162 4212 tocill

81 4240 120 4301 lus
145 4240 238 4302 nobis
259 4237 386 4316 optimus
406 4259 470 4298 esse
491 4246 589 4318 potest
608 4236 768 4316 interpres,
789 4235 856 4293 dum
877 4229 959 4290 iubet
978 4239 1076 4308 potrus
1095 4230 1216 4290 vincere

80 4319 186 4380 malurn
207 4319 305 4388 bono,
327 4335 412 4396 quam
432 4326 465 4373 ut
484 4312 634 4373 maleficiis
651 4325 805 4384 certemus,
824 4311 860 4371 ad
874 4309 1215 4398 Romanoscap.12,17.

83 4397 221 4460 nauata
242 4405 295 4456 est·
307 4392 384 4454 eain
405 4392 556 4454 antithesis
575 4391 652 4456 iuter
671 4389 774 4452 vitium
795 4400 825 4450 et
845 4395 1070 4448 correctionem.
1102 4383 1159 4446 llic
1179 4382 1216 4442 de

1163 4173 1215 4212 tu-
