2814 4846
1169 174 1182 208 Ι

138 220 178 284 28
353 179 470 278 ἓΕῦΤ.
489 211 574 274 xm.
613 225 785 276 semones
806 226 850 280 ar
868 224 1081 274 ramosas.

139 384 258 444 struem
276 371 394 438 horrea
416 391 501 449 mea,
534 380 567 436 et
586 371 708 436 maiora
734 363 910 458 exstruam,
944 379 977 436 et
998 368 1076 435 illuc
1097 370 1309 458 congregabo
1376 409 1399 446 -r

131 469 265 553 omnia,
286 497 369 562 quae
390 487 465 542 nata
485 484 559 540 sunt
579 473 668 550 mihi,
691 484 723 540 et
743 471 833 540 bona
853 494 933 539 mea.
975 475 1025 538 ts.
1046 475 1088 540 Et
1111 473 1217 539 dicam
1240 477 1309 540 ani-

139 603 211 648 mae
233 599 340 658 meae,
367 577 497 657 Anima,
523 574 625 642 habes
651 575 750 643 multa
772 575 860 642 bona
881 579 1024 664 reposita
1046 581 1080 642 in
1101 600 1206 644 annos
1226 578 1310 644 mul-

140 697 206 753 tos:
237 685 420 770 requiesce,
452 678 602 759 comede,
635 675 738 758 bibe,
760 679 875 766 gaude.
923 681 974 744 20.
1002 679 1093 746 Dixit
1122 692 1229 746 autem
1258 680 1306 746 illi

138 789 246 862 Deus,
277 780 396 860 Stulte,
428 781 489 844 hac
511 794 607 849 nocte
630 785 765 848 animam
787 794 871 848 tuam
893 791 1043 868 repetent
1065 783 1192 850 abste:
1220 805 1306 871 qnae

138 911 219 956 vero
240 887 374 973 parasti,
407 888 458 949 cui
482 886 616 954 cedent?
656 887 709 953 21.
737 887 792 953 Sic
819 891 875 975 qui
895 884 1141 967 reconditsihi,
1173 910 1237 954 nec
1258 899 1306 956 est

140 1015 215 1080 erga
234 991 342 1056 Deum
365 987 464 1056 dives.
866 1000 871 1010 '

214 1146 261 1207 13.
304 1137 366 1210 Dic
387 1140 490 1219 faurtn
517 1153 549 1200 ut
573 1137 690 1200 divident.
733 1139 876 1220 Rogatus.
881 1137 1055 1275 R'qminus,
1086 1151 1120 1200 nt
1149 1139 1303 1201 arbitrium

138 1217 276 1297 suscipiat
295 1215 422 1278 familiae
442 1217 661 1292 herciscundae,
682 1218 739 1277 hoc
756 1217 879 1277 lacerer
940 1216 970 1276 it.
999 1215 1102 1290 Quum
1121 1217 1175 1277 boc
1195 1219 1231 1276 ad
1251 1218 1302 1278 so-

136 1295 261 1358 veudam
282 1293 442 1354 fraternam
461 1293 653 1354 concordiam
672 1293 799 1369 laceret,
838 1293 948 1354 Christi
975 1305 1072 1352 autem
1097 1293 1225 1354 officium
1251 1295 1303 1368 sit,

137 1391 201 1432 non
220 1367 334 1431 lantum
353 1370 545 1450 reconciliare
566 1370 699 1431 homines
718 1371 803 1446 Deo,
834 1369 886 1430 sed
911 1369 946 1429 ad
970 1380 1101 1429 mutuum
1127 1389 1304 1430 consensum

138 1449 296 1520 adducere,
316 1447 465 1526 quaeritur
476 1447 545 1526 quid
558 1467 662 1507 causae
674 1445 831 1522 obstiterit,
873 1446 1007 1506 uominus
1028 1445 1110 1506 litem
1130 1446 1210 1506 inter
1228 1446 1304 1508 duos

136 1527 244 1587 fratres
263 1523 423 1598 dirimeret
461 1523 542 1583 Duas
562 1535 659 1583 autem
700 1523 835 1604 raecipue
851 1467 943 1582 luisse
964 1543 1063 1582 causas
1087 1535 1225 1604 apparet,
1250 1545 1304 1584 cur

30 1626 33 1644 ’
138 1602 175 1664 ab
196 1601 297 1662 ollicio
317 1600 422 1661 arbitri
441 1599 623 1659 abstinuerit.
687 1600 792 1658 rimum
813 1619 918 1660 cavere
936 1598 1044 1672 voluit,
1065 1621 1154 1678 quum
1173 1599 1230 1658 sibi
1249 1601 1302 1667 Iu-

138 1679 204 1742 daei
215 1691 366 1739 terrenum
376 1675 415 1734 fin
440 1687 525 1736 erent
535 1675 658 1736 blessiae
669 1695 850 1758 regnumne
863 1696 923 1756 quo
936 1675 1069 1753 exemplo
1080 1675 1304 1735 erroremillum

138 1755 240 1816 aleret.
280 1751 397 1827 Quodsi
416 1777 426 1812 ι
450 1773 498 1810 um
517 1752 657 1812 vidissent
671 1751 864 1812 haereditates
878 1751 991 1832 partiri,
1007 1763 1075 1810 mot
1093 1773 1208 1831 sparsus
1229 1753 1303 1812 luis-

138 1843 184 1894 set
202 1831 263 1891 eius
284 1829 353 1889 lacti
372 1847 482 1888 mmor.
521 1827 567 1886 Ita
587 1847 603 1887 a
622 1826 721 1887 multis
731 1841 847 1919 sperata
863 1829 966 1890 luisset
984 1828 1106 1888 carnalis
1124 1828 1304 1910 redemptio,

138 1908 186 1969 cui
204 1905 290 1966 nimis
309 1905 415 1985 cupide
434 1903 602 1964 inhiabant:
620 1904 750 1984 improbi
768 1905 934 1980 iactassent,
954 1925 1019 1964 enm
1039 1925 1085 1965 res
1101 1925 1192 1965 novas
1203 1905 1304 1966 moliri

137 1995 303 2062 statumque
321 1980 449 2042 Romani
467 1979 585 2060 imperii
604 1979 781 2042 convellere.
808 1982 910 2057 Quare
929 1981 1003 2041 nihil
1023 1981 1126 2042 melius
1146 1981 1202 2041 luit
1235 2003 1302 2042 uam

137 2059 196 2122 hoc
210 2059 273 2119 dari
282 2078 467 2138 responsum,
487 2077 522 2117 ex
538 2076 596 2136 quo
608 2057 811 2140 intelligerent
822 2079 934 2134 omues,
953 2058 1104 2139 spirituale
1115 2078 1178 2118 esse
1191 2004 1303 2118 Christi

136 2157 272 2220 regnum.
310 2135 462 2195 Discamus
483 2153 557 2216 ergo
578 2145 609 2193 et
627 2155 682 2196 nos
701 2133 801 2195 sobrie
820 2134 907 2194 nobis
926 2147 1108 2215 temperare,
1138 2156 1195 2195 nec
1216 2135 1300 2214 quic-

137 2234 226 2295 quam
245 2210 367 2295 aggredi
387 2211 468 2292 quud
487 2211 518 2270 in
538 2211 683 2270 sinistram
703 2223 816 2292 partem
835 2211 912 2272 trahi
932 2223 1028 2290 queat.
1067 2211 1186 2271 Deinde
1205 2209 1303 2273 uoluit

137 2291 226 2350 etiam
241 2289 387 2350 Dominus
407 2289 485 2348 iuter
504 2287 626 2368 politica
646 2288 730 2348 huius
750 2289 852 2348 mundi
870 2288 993 2368 imperia
1013 2299 1044 2349 et
1061 2287 1211 2349 Ecclesiae
1230 2310 1302 2349 suae

136 2365 271 2450 regimen
293 2365 473 2427 discernere:
496 2376 559 2426 erat
578 2365 657 2426 enim
676 2377 789 2428 creatus
803 2387 819 2426 a
831 2365 919 2426 Patre
940 2367 1056 2441 doctor,
1077 2365 1127 2445 qui
1139 2365 1223 2426 verbi
1233 2364 1300 2448 gla-

137 2443 188 2504 dio
208 2455 321 2504 secaret
339 2441 537 2524 cogitationes
557 2453 588 2502 et
599 2442 732 2518 allectus,
751 2455 781 2503 et
793 2454 962 2522 penetraret
973 2441 1004 2502 iu
1017 2441 1126 2502 animas
1137 2442 1303 2518 huminum,

136 2521 320 2604 magistratus
339 2539 411 2580 vero
432 2539 495 2578 non
515 2529 587 2591 erat,
607 2518 658 2599 qui
676 2519 871 2580 haereditates
891 2518 1042 2580 divideret.
1080 2520 1126 2578 Ita
1147 2517 1303 2580 damnatur

135 2597 235 2678 Papae
256 2608 286 2656 et
304 2617 424 2657 suorum
444 2593 647 2670 latrocinium,
667 2597 733 2686 qui,
754 2617 843 2675 quum
861 2595 1013 2656 Ecclesiae
1032 2617 1064 2655 se
1085 2615 1147 2656 esse
1168 2607 1301 2675 pastores
1360 2661 1367 2674 ,

136 2674 318 2748 obtendant,
340 2672 480 2734 invadere
499 2683 599 2732 tamen
620 2693 682 2731 ausr
700 2684 769 2733 sunt
786 2682 935 2732 terrenam
955 2693 989 2732 ac
1009 2671 1164 2752 profanam
1183 2671 1302 2732 iurisdi-

136 2751 276 2826 ctionem,
297 2770 371 2828 quae
391 2748 428 2809 ab
449 2769 553 2808 eorum
572 2747 673 2808 olficio
694 2748 822 2812 dissidet
841 2749 908 2808 Erit
920 2749 998 2809 enim
1018 2749 1127 2828 aliquid
1146 2769 1200 2840 per
1219 2770 1251 2808 se
1263 2749 1301 2808 li-

136 2829 242 2901 citum,
269 2827 348 2906 quod
368 2845 430 2885 non
450 2835 549 2884 tamen
569 2823 750 2904 quibuslibet
768 2826 935 2886 conveniet.
974 2825 1105 2886 Accessit
1123 2836 1210 2885 ctram
1230 2847 1302 2886 meo

135 2899 245 2963 iudicio
266 2902 353 2961 tertia
373 2901 555 2980 particularis
575 2900 667 2974 ratio,
699 2901 766 2978 quia
791 2900 905 2962 scilicet
928 2901 1049 2963 videbat
1068 2901 1201 2962 Christus
1222 2903 1302 2962 hunc

135 2977 296 3051 hominem,
315 2977 419 3038 relicta
440 2977 586 3048 doctrina,
606 2977 774 3038 domesticis
793 2978 851 3038 suis
870 2979 1032 3038 commodis
1043 2977 1223 3056 prospicere.
1243 2980 1302 3046 nr,

136 3076 194 3135 que
214 3054 261 3114 hic
281 3051 401 3114 morbus
421 3052 543 3112 nimium
561 3051 608 3114 vul
632 3052 687 3112 aris
709 3066 768 3126 est,
796 3065 830 3113 ut
855 3053 939 3113 multi
958 3053 1152 3134 Evangelium
1173 3055 1303 3133 professi

136 3129 197 3191 eius
217 3141 369 3210 praetextu
389 3127 470 3190 abuti
490 3149 552 3188 non
570 3073 708 3190 dubitent
726 3131 763 3190 ad
783 3133 947 3214 augendam
966 3151 1029 3192 rem
1049 3130 1250 3207 domesticam,
1272 3143 1304 3191 et

136 3205 249 3267 Christi
268 3205 479 3266 auctoritatem
491 3205 550 3266 suis
569 3205 846 3285 lucrispraeterere.
872 3209 938 3268 lloc
959 3205 1107 3268 coniicere
1128 3221 1302 3298 promptum

135 3296 180 3343 est
200 3303 235 3342 ex
254 3281 468 3344 circumstantia
489 3282 715 3345 exhoitationis:
734 3283 790 3344 uisi
810 3283 887 3344 enim
908 3283 997 3346 homo
1017 3283 1067 3343 ille
1083 3284 1241 3366 Evangelii
1260 3285 1301 3344 ti-

133 3359 198 3419 tulo
220 3358 323 3418 abusus
345 3369 422 3418 esset
439 3359 475 3418 ad
495 3378 577 3418 suum
599 3371 764 3439 quaestum,
784 3381 845 3421 non
864 3359 966 3422 luisset
985 3361 1050 3421 data
1068 3358 1188 3423 Christo
1209 3382 1301 3423 occa-

83 3489 86 3496 ,
134 3435 178 3496 sio
199 3435 380 3495 damnandae
391 3435 538 3495 avaritiae.
569 3433 732 3496 Contentus
746 3458 818 3520 ergo
830 3436 897 3496 satis
909 3436 1048 3511 ostendit,
1068 3428 1206 3497 heticium
1219 3438 1301 3498 huuc

134 3512 223 3574 luisse
244 3511 417 3604 discipulum
464 3511 544 3572 cuius
570 3512 682 3574 animus
706 3515 738 3576 in
757 3513 835 3594 agria
858 3513 907 3572 vel
927 3513 1030 3574 loculis
1056 3513 1203 3580 demersus
1226 3526 1304 3574 crab

133 3589 231 3650 Porro
252 3589 337 3654 nimus
356 3589 421 3648 insu
433 3609 464 3648 se
483 3588 694 3670 Anabaptistae
714 3611 748 3650 ex
767 3591 825 3650 hoc
845 3609 989 3670 responso
1009 3589 1157 3664 inserunt,
1178 3612 1241 3650 non
1260 3590 1300 3649 li-

134 3687 202 3730 cere
221 3665 336 3727 homini
356 3662 525 3742 Christiano
547 3665 739 3726 haereditates
759 3665 877 3746 partiri,
905 3687 937 3726 se
957 3667 1148 3746 interponere
1170 3667 1301 3727 lorensi-

133 3743 188 3804 bus
208 3743 347 3825 negotiis,
365 3742 413 3806 vel
434 3741 553 3878 aliquod
574 3741 658 3802 obire
679 3743 765 3804 civile
785 3763 898 3804 munus.
936 3743 1042 3821 Neque
1062 3743 1139 3802 enim
1161 3742 1301 3804 Christus

134 3841 150 3880 a
170 3821 284 3901 reipsa
305 3819 419 3901 arguit,
445 3840 475 3879 se
516 3839 531 3877 a
552 3840 602 3878 sua
621 3820 793 3880 vocatione:
814 3820 881 3900 quia
902 3819 981 3880 enim
1001 3820 1151 3879 ordinatus
1171 3840 1188 3878 a
1208 3819 1301 3886 Patre

132 3909 198 3956 erat
216 3897 246 3956 iu
267 3896 353 3956 alium
375 3895 479 3969 linem,
510 3915 541 3954 se
566 3893 692 3956 iudicem
719 3916 781 3956 esse
802 3907 906 3979 negat,
940 3895 1090 3975 quianon
1112 3895 1221 3954 habeat
1239 3897 1302 3958 tale

132 3975 310 4032 mandatum.
350 3973 431 4032 llaec
450 3970 541 4052 igitur
560 3970 658 4054 vigeat
676 3972 754 4032 inter
773 3973 953 4057 nosregula,
971 3984 1006 4031 ut
1024 3993 1055 4032 se
1076 3971 1200 4052 quisque
1219 3974 1301 4036 intra

133 4049 295 4110 vocationis
316 4048 431 4112 divinae
450 4059 542 4112 metas
562 4048 723 4108 contiueat.
747 4081 750 4086 ·

209 4129 255 4188 15.
298 4123 404 4185 Videte
421 4138 448 4184 et
466 4137 567 4184 cavae.
606 4123 737 4184 Primum
762 4125 799 4191 ab
825 4126 944 4194 auaritia
969 4146 1037 4187 srros
1063 4137 1186 4187 revocat
1206 4125 1298 4194 Chri-

132 4211 206 4262 stus:
227 4201 334 4261 deindc
354 4212 387 4259 ut
406 4213 518 4260 mentes
538 4201 654 4280 penitus
674 4201 710 4262 ab
733 4202 789 4262 hoc
800 4203 907 4262 morbo
919 4213 1036 4284 purget,
1055 4203 1144 4263 vitam
1164 4216 1300 4264 nostram

133 4275 273 4368 negatio
293 4274 471 4336 abundantia
492 4277 661 4338 consistere.
688 4277 804 4353 Quibus
824 4279 920 4342 verbis
940 4290 1060 4338 notatur
1081 4280 1148 4340 lons
1168 4291 1199 4339 et
1217 4280 1299 4339 inte-

132 4373 195 4422 rtur
215 4352 314 4435 origo,
330 4353 408 4414 unde
427 4354 548 4420 scaturit
566 4355 668 4424 insane
687 4354 816 4422 habendi
827 4355 978 4437 cupiditas.
1006 4355 1086 4431 Quia
1104 4357 1185 4426 euim
1205 4355 1299 4439 vulgo
