2764 4854
116 199 175 259 aii
340 189 457 252 SECT.
480 190 560 250 xlx.
601 201 733 248 enuisti
753 199 871 247 iussio
893 201 934 246 ur
956 199 1054 246 noris.

121 348 221 420 Deus,
241 344 309 404 dum
329 365 384 404 nos
399 338 533 404 'exarmat
544 363 585 434 ,ac
607 341 738 404 destituit
757 341 839 401 omui
858 339 982 414 virtute,
1000 349 1033 398 ut
1053 337 1090 398 de
1111 337 1209 398 nihilo
1234 351 1296 398 tre-

123 423 266 501 pidemus,
285 433 442 500 postquam
462 420 620 480 abiecimus
641 418 702 480 eins
721 419 868 478 timorem.
907 417 981 476 Nam
1000 415 1025 474 si
1045 415 1075 474 iu
1098 415 1192 476 corde
1210 415 1298 478 Petri

123 499 266 580 viguisset
284 496 394 556 solidus
415 495 473 556 ltei
491 495 597 570 timor,
628 495 769 554 invictum
789 493 890 556 luisset
930 492 1184 574 ropuguaculuiu:
1216 514 1297 552 nunc

125 587 223 636 autem
244 574 338 634 nudus
359 585 390 632 et
408 572 525 632 inermis
547 573 638 654 longe
663 572 757 632 adhuc
778 591 795 631 a
815 514 948 650 periculo
970 568 1146 648 expavescit.

201 657 248 717 70.
286 650 412 726 Negavit
434 670 533 710 caram
557 647 695 708 οηιηὶὂω.
741 649 825 708 Haec
851 645 1067 708 circumstantia
1098 645 1215 706 crimen
1247 665 1296 704 ex-

125 739 257 808 aggerat,
277 727 358 806 quod
370 727 474 788 Petrus
485 726 517 785 iu
527 725 703 808 abnegando
716 724 855 806 magistro
868 743 906 782 ne
917 721 1033 782 turbam
1045 721 1167 802 quidem
1179 723 1295 782 mstium

125 806 235 864 veritus
255 815 307 864 est.
346 805 387 862 Et
406 801 542 863 consulto
564 802 621 862 hoc
642 801 805 881 exprimere
825 797 920 860 voluit
934 798 1079 878 'Spiritus
1099 808 1133 857 ut
1152 798 1221 879 ipse
1242 799 1296 858 bo-

121 879 235 940 tninum
262 891 437 960 conspectus
464 899 518 938 nos
545 879 580 937 ad
612 878 797 938 retinendam
829 876 898 936 fidei
928 875 1149 936 consessionem
1175 875 1300 935 animet.

11 956 19 967 “
125 956 201 1017 Nam
220 957 245 1016 si
266 975 364 1015 coram
389 955 512 1016 infirmis
533 953 684 1014 Christum
707 953 905 1044 abnegamus,
935 951 1003 1031 quia
1028 961 1133 1012 nostro
1160 950 1300 1033 exemplo

20 3887 22 3934 ;
130 3881 178 3920 cas
199 3863 230 3922 ti

127 1033 261 1093 concussi
281 1032 447 1105 labascunt,
474 1031 598 1112 totidem
618 1030 765 1112 perdimus
785 1049 895 1089 animas
915 1039 1055 1108 quantuni
1075 1027 1108 1086 iu
1128 1029 1222 1088 nobis
1242 1041 1300 1088 est:

126 1110 150 1168 si
175 1129 247 1170 vero
272 1129 372 1169 coram
397 1107 493 1188 impiis
519 1108 577 1168 Dei
603 1105 858 1186 contemptoribus
884 1117 914 1164 et
938 1103 1095 1240 Evangelii
1123 1105 1298 1165 adversariis

127 1184 278 1246 Christum
297 1185 463 1246 fraudamus
483 1183 585 1244 debito
607 1183 793 1257 testimonio,
816 1181 947 1242 omnium
967 1180 1028 1241 ludi
1052 1181 1098 1241 rio
1120 1181 1298 1260 exponimus

125 1282 239 1324 sacrum
259 1262 320 1322 eius
341 1281 461 1322 nomen.
499 1259 641 1339 Denique
663 1260 739 1321 sicut
764 1259 848 1320 fortis
875 1269 906 1318 et
931 1257 1026 1318 libera
1050 1257 1207 1318 confessio
1234 1259 1298 1339 pios

126 1359 229 1400 omues
250 1337 399 1413 aedificat,
430 1358 464 1398 ac
487 1336 656 1412 incredulos
674 1333 850 1416 pudefacit,
880 1335 920 1394 ita
943 1332 1072 1394 defectio
1095 1333 1248 1413 publicam
1268 1336 1300 1394 iii

125 1415 259 1476 Ecclesia
288 1415 356 1475 hdci
388 1414 502 1475 ruinam
531 1424 561 1473 et
589 1434 678 1474 sanae
710 1412 863 1472 doetrinae
895 1411 1038 1491 probrum
1068 1431 1173 1470 seeum
1199 1413 1299 1472 trabit.

125 1491 210 1574 Ergo
232 1510 292 1571 quo
312 1489 437 1572 quisque
457 1491 550 1574 magis
571 1491 691 1564 eminet,
703 1487 767 1550 «sibi
779 1487 919 1548 attentius
939 1498 1054 1548 caveat:
1074 1487 1146 1566 quia
1168 1509 1185 1547 a
1205 1491 1298 1569 gradu

125 1589 181 1628 suo
202 1567 335 1629 excidere
355 1589 417 1628 non
437 1577 552 1647 potest,
571 1567 643 1646 quin
663 1565 754 1647 magis
774 1575 890 1626 noceat
927 1564 1026 1625 Porro
1046 1563 1146 1624 forma
1166 1563 1297 1647 abnega-

127 1645 235 1719 tionis,
265 1663 339 1724 quae
365 1643 414 1705 hic
439 1644 575 1726 ponitur,
603 1643 828 1703 satisostendit
854 1638 927 1700 nihil
951 1661 1002 1700 sua
1022 1639 1128 1700 astutia
1150 1641 1297 1720 prolicere

125 1720 248 1782 miseros
267 1721 427 1800 sophistas,
459 1721 508 1800 qui
533 1719 677 1800 ambiguis
703 1729 733 1777 et
751 1718 918 1796 flexiloquis
943 1715 1117 1798 ambagibus
1137 1717 1298 1800 effugiunt,

125 1797 288 1878 siquando
309 1797 345 1857 ad
366 1797 543 1856 reddendam
569 1795 637 1855 fidei
664 1815 734 1854 suae
758 1795 905 1854 rationem
925 1805 1080 1854 vocentur.
1119 1793 1194 1854 Non
1214 1796 1297 1854 abiu·
1370 1816 1371 1842 i

127 1885 173 1934 rat
192 1873 300 1933 diserte
319 1872 426 1932 Petrus
450 1883 542 1932 totam
561 1873 642 1932 Euan
668 1871 717 1931 elii
737 1869 917 1945 doctrinam,
942 1881 1057 1929 tautum
1077 1881 1174 1930 necat
1191 1892 1225 1931 se
1243 1872 1294 1931 bu·
1371 1914 1372 1926 ,

125 1949 236 2008 minem
256 1949 385 2010 novisse:
416 1949 483 2020 sed,
514 1949 582 2038 quia
602 1892 725 2027 oblique
744 1948 798 2010 sub
821 1944 930 2008 Christi
972 1966 1077 2006 ersoua
1107 1915 1291 2008 dblataere-

127 2024 306 2105 demptionis
325 2023 421 2085 lucem
440 2045 471 2084 se
495 2025 556 2098 elit,
577 2023 683 2086 foedae
703 2035 734 2084 et
753 2025 846 2104 turpis
866 1966 1006 2104 perfidae
1027 2021 1197 2084 damnatur.
1231 2025 1289 2084 hu-
1372 2010 1373 2034 ¹

127 2102 223 2162 dierat
241 2121 338 2182 nuper
356 2121 390 2162 ex
410 2045 610 2174 orellomiui‚
628 2099 801 2162 sacrificium
820 2098 889 2160 Deo
909 2110 1024 2190 gratum
1045 2119 1111 2160 esse
1132 2099 1204 2160 fidei
1219 2121 1288 2161 can·
1373 2106 1374 2124 ³

129 2175 304 2239 sessionem:
343 2177 461 2238 minime
481 2197 554 2260 ergo
575 2175 744 2238 excusabilis
765 2187 810 2238 est
828 2189 965 2258 negatio,
1004 2197 1080 2255 quae
1101 2177 1202 2238 Deum
1218 2173 1288 2258 legi-
1374 2202 1375 2212 ¹

128 2253 202 2316 timo
223 2255 302 2316 cultu
323 2265 354 2314 et
373 2253 522 2316 Christum
544 2275 597 2314 suo
618 2253 734 2314 honore
754 2251 936 2313 frustratur:
958 2253 1129 2314 Teneamus
1151 2273 1237 2336 ergo,
1254 2255 1291 2312 si-

128 2331 224 2392 mulac
251 2331 413 2411 asimplici
439 2342 469 2392 et
493 2331 621 2412 ingenua
642 2329 752 2394 Christi
777 2329 964 2410 professione
993 2329 1173 2406 disceditur,
1203 2335 1293 2413 ipsum

129 2408 263 2469 frustrari
281 2409 309 2468 le
333 2407 415 2469 itimo
434 2408 615 2469 testimonio.

204 2491 251 2552 51.
331 2483 385 2544 i'da't
412 2507 477 2545 eam
506 2484 607 2545 altera
667 2485 711 2544 Ex
739 2483 833 2544 blanci
863 2483 962 2546 verbis
994 2484 1096 2564 potius
1129 2485 1297 2560 coniicitur,

129 2561 254 2626 eandem
274 2561 362 2622 fuisse
382 2561 532 2622 ancillam:
553 2572 633 2621 certe
653 2561 738 2623 aliam
759 2581 776 2620 a
795 2561 895 2642 priore
917 2561 1005 2622 luisse
1018 2581 1080 2621 non
1093 2563 1245 2642 exprimit.
1262 2563 1296 2622 In

51 2697 56 2712 ,
129 2660 168 2699 eo
189 2649 288 2698 tamen
307 2637 381 2698 nihil
400 2659 432 2698 re
456 2637 614 2720 ugnantiae
634 2648 697 2712 est,
726 2637 794 2718 quia
814 2637 972 2718 probabile
991 2647 1051 2712 est,
1070 2659 1244 2700 sermonem
1261 2639 1296 2700 ab

129 2735 188 2775 una
208 2660 528 2794 prolectumvolitasse
554 2733 608 2793 per
627 2714 759 2774 omnium
786 2735 854 2790 ora,
892 2727 926 2776 ut
949 2713 1043 2794 prima
1068 2713 1119 2776 illa
1146 2717 1248 2778 multis
1271 2729 1299 2776 et

129 2792 246 2870 saepius
263 2791 451 2864 indicaverit,
477 2811 511 2851 ac
529 2789 615 2850 simul
635 2789 708 2850 aliae
728 2789 873 2852 subierint
893 2793 929 2852 ad
950 2791 1188 2852 confirmandum
1208 2805 1241 2854 et
1260 2795 1299 2852 la-

132 2867 189 2928 tius
208 2887 276 2947 spui
299 2868 406 2928 endum
426 2867 488 2927 eius
507 2867 656 2928 iudicium.
680 2867 747 2948 lgna
762 2866 892 2928 Ioannes
912 2879 1021 2942 narrat,
1039 2887 1104 2928 uon
1125 2869 1165 2929 ab
1187 2871 1299 2944 ancilla,

130 2943 183 3004 sed
204 2963 221 3003 a
241 2887 326 3006 tuillsa
347 2943 498 3003 hominum
517 2944 648 3004 secundo
661 2953 797 3026 rogatum
808 2943 896 3004 fuisse
907 2944 1042 3005 Petrum:
1064 2945 1146 3004 uude
1166 2957 1299 3026 apparet,

130 3039 245 3092 vocem,
263 3039 339 3098 quae
358 3020 395 3078 ab
415 3019 520 3079 ancilla
539 3031 717 3096 manaverat,
736 3031 888 3099 exceptam
900 3021 989 3082 fuisse
1008 3042 1025 3081 a
1044 3021 1115 3082 viris
1127 3022 1299 3096 astantibus,

154 3096 185 3154 ui
204 3095 326 3155 Petrum
347 3095 477 3186 aggressi
496 3106 572 3155 suut
610 3095 700 3156 Aliud
720 3109 765 3156 est
784 3097 863 3156 inter
881 3097 1013 3158 Marcum
1033 3097 1220 3188 etreliqua:
1242 3111 1298 3158 tres

153 3171 303 3232 'crimem
325 3191 393 3251 quia
411 3171 462 3232 ille
481 3171 627 3252 duplicem
647 3172 847 3254 gallicantum
860 3186 1082 3249 commemorat,
1102 3174 1154 3235 alii
1167 3195 1242 3236 vero
1256 3176 1284 3235 di
1290 3213 1300 3224 ·

131 3258 218 3322 cunt,
248 3259 319 3308 tuuc
338 3248 455 3308 demum
475 3249 615 3309 cecinisse
635 3249 761 3331 gallum,
802 3261 848 3310 ost
870 3271 935 3309 uam
955 3262 1001 3310 ter
1020 3251 1187 3310 Dominum
1207 3251 1299 3312 abue-

71 3350 75 3361 ·
130 3335 229 3408 gasset
247 3323 360 3384 Petrus.
400 3325 461 3386 Sed
481 3325 565 3386 huius
586 3346 704 3417 quoque
724 3347 765 3386 uo
817 3271 926 3386 solutio
937 3347 1001 3387 uon
1013 3327 1142 3388 difficilis
1156 3340 1212 3402 cst,
1255 3329 1299 3388 uia

132 3399 205 3461 nihil
225 3402 404 3486 contraripm
424 3401 548 3463 aliorum
567 3402 707 3463 historiae
726 3403 820 3464 relect
838 3403 968 3464 Marcus:
988 3404 1041 3464 sed
1080 3405 1141 3464 uod
1153 3403 1197 3463 illi
1206 3351 1296 3464 silen-

130 3477 175 3537 tio
195 3488 399 3568 praetereunt,
429 3478 598 3559 explicatius
617 3477 715 3540 tradit
753 3480 778 3538 E
803 3499 822 3538 o
843 3479 961 3559 quidem
981 3501 1042 3540 uon
1059 3425 1190 3554 dubito,
1209 3503 1297 3561 quum

131 3551 266 3615 Christus
285 3555 378 3615 Petro
397 3555 525 3630 diceret,
555 3555 729 3634 Priusquam
749 3499 842 3638 gallus
863 3567 976 3630 cantet,
995 3567 1132 3616 notatum
1154 3557 1238 3617 fuisse
1256 3556 1294 3616 ab

132 3650 170 3692 eo
190 3630 380 3714 gallicinium,
400 3633 480 3712 quod
501 3630 604 3691 multas
623 3633 701 3692 v'ces
721 3631 752 3690 in
770 3653 800 3692 se
814 3633 953 3712 repetitas
966 3633 1115 3694 continet:
1137 3633 1295 3694 nonenim

131 3707 222 3769 semel
242 3718 354 3768 tantum
374 3720 484 3769 canunt
504 3706 584 3787 galli,
602 3655 653 3768 sed
673 3708 788 3798 saepius
808 3709 916 3768 iterant
932 3721 1032 3770 cautus
1044 3731 1127 3770 suos:
1149 3707 1234 3770 unius
1252 3721 1297 3768 ta-

131 3805 199 3844 men
218 3784 247 3844 vi
270 3785 337 3847 iliae
357 3784 477 3846 nonnisi
497 3805 586 3842 unum
602 3783 786 3866 gallicinium
807 3785 922 3844 dicitur.
946 3787 1029 3866 Ergo
1042 3785 1220 3858 Matthaeus,
1238 3787 1301 3846 Lu-

249 3805 377 3922 loanues
403 3862 523 3922 Petrum
550 3872 597 3919 ter
622 3861 787 3920 Dominum
813 3862 973 3942 abnegasse
998 3862 1100 3922 dicunt
1119 3875 1190 3923 ante
1209 3865 1298 3924 baem

130 3936 285 4020 gallicinii:
315 3939 431 3998 Marcus
462 3937 707 3997 circumstantiam
734 3958 822 3998 unam
849 3937 1011 4000 distinctius
1036 3939 1188 4028 exprimit,
1218 3939 1299 4076 guod

21 4049 23 4056 ›
130 4013 242 4074 seilicet
261 4013 344 4073 brevi
364 4013 506 4093 temporis
525 4013 622 4104 spatio
642 4034 734 4092 usque
755 4014 793 4073 ad
813 4015 927 4074 tertiani
946 4015 1178 4104 abnegationem
1203 4038 1219 4075 a
1245 4017 1297 4076 dn-

130 4101 192 4148 ctus
213 4089 302 4148 luerit
323 4089 440 4163 Petrus,
459 4102 490 4150 et
510 4111 606 4170 primo
628 4102 714 4150 cantii
735 4091 903 4152 admonitus
923 4113 984 4150 non
1005 4093 1173 4182 resipuerit.
1198 4091 1298 4152 Porro

23 4207 25 4228 ,
130 4185 191 4222 non
212 4159 351 4240 dicemus,
371 4164 449 4226 inter
469 4165 611 4246 profanos
632 4167 788 4227 historicos
808 4187 870 4228 esse
892 4167 1056 4239 dissidium,
1075 4191 1100 4228 si
1121 4191 1197 4229 unus
1240 4169 1298 4228 uis-

23 4239 24 4262 *
128 4238 205 4314 piam
225 4259 272 4328 pes
292 4240 327 4298 ab
349 4241 412 4300 aliis
432 4241 556 4302 intactas
580 4241 692 4304 recitet.
732 4246 815 4326 Ergo
837 4266 1001 4324 quanquam
1022 4244 1135 4306 diversa
1149 4191 1299 4306 esthlarci

24 4323 26 4392 ζ
125 4324 272 4388 narratio,
303 4336 364 4374 nun
395 4328 493 4379 tamen
520 4339 587 4380 cum
617 4319 679 4380 aliis
708 4332 829 4402 pugnat.
869 4323 936 4382 lloc
956 4341 1028 4382 iero
1049 4332 1154 4384 notatu
1175 4322 1296 4403 dignum
