2766 4834
202 282 260 348 tto
302 248 305 258 i
365 277 518 342 seculo
540 241 608 340 [Vs
628 277 708 338 lesu
728 289 914 374 raurrsuus
934 288 977 339 ur
997 295 1210 358 usurario.x

85 447 89 454 '
204 435 312 494 Satana
332 419 516 516 iugulentur,
545 424 647 492 sulse
672 421 800 490 inermes
823 430 963 512 produnt
1001 431 1347 496 demessuimus

203 517 263 584 est,
293 532 346 570 cur
370 521 429 569 tam
455 508 636 588 impotenter
661 517 808 588 grassetur
828 508 935 582 Satan,
967 520 997 568 et
1022 511 1127 590 passim
1152 509 1210 570 tim
1232 512 1347 573 multos

203 587 344 668 abripiat,
363 585 418 645 uisi
439 583 506 664 quia
526 603 629 644 eorum
649 583 794 664 ignaviam
816 587 847 644 et
865 583 947 644 verbi
967 584 1011 644 sui
1031 599 1234 678 contemptum
1255 589 1346 648 Deus

202 665 360 724 ulciscitur.
398 661 486 720 Nunc
507 659 709 720 excutiendum
730 658 817 719 nobis
836 671 880 719 est
900 661 988 720 Mosis
1009 663 1225 740 testimonium,
1258 667 1346 756 quod

204 739 336 800 Christus
357 737 426 805 citat
451 736 556 815 (Dent.
575 745 611 811 8,
630 739 683 814 3,).
723 734 810 818 Falso
837 738 953 816 quidam
979 740 1014 798 sd
1040 740 1219 830 spiritualem
1249 753 1345 802 vitans

92 801 113 840 κ’
167 857 178 872 -
204 819 392 896 detorquent,
426 813 485 873 acsi
506 813 613 874 dictum
635 809 729 885 essetg
760 812 869 872 animas
889 835 950 873 non
972 815 1012 873 ali
1036 815 1139 875 visibili
1157 837 1254 896 pane,
1287 821 1345 879 sed

202 893 262 952 Dei
280 891 383 951 verbo.
421 891 477 950 Est
494 890 522 950 id
544 891 659 970 quidem
679 890 711 948 in
729 909 760 948 se
780 910 896 964 verum,
926 893 977 951 sed
998 891 1056 950 alio
1076 892 1203 972 respexit
1223 895 1344 955 Moses:

202 989 269 1028 nam
290 989 379 1048 quum
398 967 494 1026 nullus
516 967 553 1026 ad
572 987 689 1025 manum
710 967 907 1046 essetpauis‚
928 981 1138 1028 commemorat
1158 971 1228 1028 ltlau
1251 972 1345 1030 luisse

204 1043 464 1106 extraordinarium
484 1042 654 1122 alimentum
674 1042 798 1122 populo‚
821 1035 854 1102 ut'
873 1043 929 1104 hoc
949 1045 1128 1104 documento
1148 1057 1288 1106 testatum
1308 1047 1343 1106 iu

203 1142 292 1182 omne
316 1119 558 1200 tempusliertt,
590 1119 740 1180 homiuum
765 1119 854 1180 vitam
874 1141 935 1180 non
957 1141 1018 1181 esse
1039 1122 1178 1189 inclusam
1193 1123 1229 1181 iu
1250 1145 1344 1204 pune,

202 1199 255 1258 sed
276 1198 407 1278 pendere
428 1217 445 1255 a
465 1208 542 1283 putu,
559 1207 589 1254 et
609 1195 800 1274 beneplacito
818 1195 886 1255 Dei.
926 1199 1030 1276 ltaque
1053 1199 1174 1257 ocultumv
1193 1219 1255 1258 uon
1283 1223 1343 1280 pro

80 1347 86 1354 Ι
203 1273 486 1356 docuissemus,
515 1271 567 1332 sed
591 1291 648 1352 pro
674 1273 794 1332 decreto
820 1274 901 1352 quod
920 1273 1002 1332 Deus
1030 1273 1206 1354 publicavit,
1238 1279 1344 1356 quoad

201 1351 344 1412 tuendum
369 1361 490 1410 naturae
521 1348 656 1410 ordinem
688 1359 718 1408 et
746 1348 887 1408 fovendas
920 1363 1077 1411 creaturas.
1095 1355 1103 1376 '
1121 1352 1166 1410 Ne
1189 1371 1226 1411 ue
1258 1353 1343 1412 enim

203 1428 339 1488 conditos
359 1449 375 1486 a
396 1445 427 1486 se
447 1426 580 1486 homines
601 1423 715 1498 abiicit,
739 1425 790 1484 sed
812 1445 845 1485 ea
867 1425 934 1510 lege
954 1427 1042 1486 v'tam
1061 1427 1118 1487 illis
1138 1373 1285 1502 iniundit‚
1304 1443 1344 1488 ut

202 1504 293 1566 semel
314 1503 409 1564 datam
428 1501 542 1562 assidue
561 1502 711 1562 sustineat.
751 1499 801 1560 Sic
825 1502 898 1561 dicit
916 1506 963 1584 Ap
1002 1505 1076 1564 tolus
1103 1503 1343 1584 (Hebr.1‚3.)‚

122 1580 125 1588 ’
204 1581 303 1642 omnia
321 1579 457 1641 sustineri
477 1577 594 1660 potenti
614 1578 675 1638 eius
695 1577 802 1638 verbo:
823 1577 880 1638 hoc
902 1592 963 1656 est,
982 1583 1114 1662 vegetari
1134 1591 1228 1640 totum
1249 1603 1342 1641 mun-

203 1659 289 1732 dum,
319 1669 350 1717 et
378 1653 506 1746 singulas
534 1654 594 1714 eius
620 1667 718 1733 partes
746 1654 775 1712 iu
802 1675 855 1715 suo
880 1676 1000 1718 manere
1025 1669 1102 1716 statu
1127 1669 1200 1716 nutu
1220 1658 1283 1718 eius
1305 1681 1342 1720 ae

106 1723 136 1752 '⁶
203 1737 342 1808 decreto,
381 1751 461 1791 eurus
492 1730 771 1810 potentissumis
795 1743 833 1790 ot·
856 1731 992 1793 deorsum
1017 1734 1126 1814 ubique
1151 1734 1341 1796 diffunditur.

204 1810 382 1890 Quanquam
401 1827 475 1889 ergo
495 1827 571 1886 pauc
590 1807 744 1882 vestimur,
764 1806 826 1866 nou
847 1820 944 1868 taruen
966 1811 1047 1890 punis
1067 1811 1167 1871 virtuti
1185 1824 1341 1945 amissum

201 1887 281 1950 serre
301 1887 389 1946 vitam
411 1883 511 1956 decet,
542 1883 595 1943 sed
614 1903 737 1946 arcanae
763 1883 891 1966 gratiae,
926 1891 1012 1966 quani
1032 1888 1102 1968 paui
1121 1886 1237 1946 Deusa
1281 1909 1341 1948 uos

103 1999 109 2004 -
202 1963 365 2045 pascendos
385 1960 517 2040 inspirat.
556 1961 645 2020 Unde
665 1961 754 2024 etiam
772 1962 896 2022 alteuuu
907 1964 1048 2043 sequitur,
1067 1964 1177 2038 Deum,
1197 1964 1246 2042 qui
1256 1985 1342 2026 nunc

203 2061 280 2121 pane
302 2037 395 2097 utitur
418 2037 448 2096 in
473 2049 605 2098 nostrum
630 2037 815 2108 alimentum,
845 2037 944 2112 aliter,
975 2040 1091 2119 quoties
1115 2039 1209 2100 visum
1237 2039 1341 2116 suerit,

203 2118 338 2177 daturum
362 2125 396 2172 ut
418 2113 554 2174 vivamus.
601 2113 676 2173 Item
703 2115 756 2175 hae
776 2113 867 2173 ltlosis
891 2117 1038 2176 sententia
1059 2119 1213 2180 damnatur
1232 2137 1340 2176 eorum

201 2207 316 2274 stupor,
336 2190 440 2270 quibus
453 2191 586 2249 saturitas
608 2202 638 2250 et
657 2190 835 2251 abundantia
855 2211 910 2271 pro
930 2193 987 2252 vita
1010 2205 1062 2254 est.
1100 2193 1221 2253 Deinde
1241 2196 1342 2254 corri-

202 2271 283 2353 gitur
299 2267 465 2328 diiludeutia
485 2278 516 2327 et
535 2287 624 2346 prava
643 2268 829 2340 sollicitudo,
862 2289 937 2358 quae
958 2291 1013 2328 uos
1031 2271 1067 2329 ud
1108 2271 1257 2330 uaerenda
1278 2271 1340 2330 illi-

202 2347 259 2408 eita
278 2343 527 2424 media'impellit.
565 2345 664 2421 Atque
691 2345 748 2405 lauc
773 2349 893 2424 proprie
915 2345 1051 2428 dirigitur
1071 2291 1182 2408 cirisi
1209 2367 1340 2426 respou-

199 2445 279 2484 sum:
310 2421 351 2482 sic
377 2422 415 2482 de
439 2421 521 2480 vletu
544 2431 574 2479 et
599 2420 720 2500 reliquis
745 2422 908 2502 praesentis
934 2423 1011 2483 vitae
1030 2423 1165 2484 subsidiis
1187 2423 1340 2484 fidendum

114 2530 123 2547 ι
201 2500 412 2573 esseDeo‚‹ue
433 2499 585 2578 quisquam
606 2509 738 2558 nostrum
758 2498 887 2580 praescri
909 2511 952 2558 tas
972 2499 1008 2562 ab
1030 2520 1066 2559 eo
1079 2513 1169 2560 metas
1181 2500 1338 2562 transiliat.

202 2577 319 2652 Quodsi
351 2595 457 2656 panem
490 2591 532 2634 ex·
553 2573 698 2654 lapidibus
729 2587 848 2656 praeter
908 2577 934 2635 ei
965 2577 1147 2650 ruaudatum²
1187 2577 1339 2639 conficere

201 2655 336 2716 Christus
355 2651 438 2710 uelas
459 2651 631 2723 essedusit,
655 2649 748 2711 multo
769 2653 862 2732 minus
884 2674 918 2712 er
938 2651 1103 2727 fraudibus,
1123 2653 1249 2734 rapinis,
1271 2656 1340 2716 vio-

200 2731 307 2806 lentia,
331 2727 469 2792 caedibus
488 2726 596 2787 victum
616 2749 720 2808 parare
740 2728 818 2790 licet.
911 2767 918 2776 ·

241 2977 325 3058 (32.)
366 2972 537 3042 ΜΑΤΤΗ.
563 2976 619 3042 lv.
668 2977 699 3042 5.
729 2976 824 3042 Tunc
851 2981 980 3044 assumit
1014 3001 1086 3044 eum
1116 2976 1268 3044 diabolus
1301 2981 1338 3044 in

199 3090 340 3146 sanctam
362 3078 535 3152 civitatem,
573 3088 605 3142 ot
624 3077 734 3142 statuit
756 3099 839 3148 eum¹
858 3100 956 3164 super
978 3077 1188 3165 pinnaculum
1208 3079 1339 3166 templi:
1373 3109 1377 3122 ·

121 3177 140 3262 j
199 3182 230 3244 6.
258 3179 412 3266 Dicitque
437 3176 501 3268 illi,
532 3175 568 3242 Si
597 3177 698 3242 Filius
728 3199 763 3244 es
790 3179 870 3256 Dei,
904 3184 1079 3268 praecipita
1108 3191 1139 3245 te
1166 3181 1339 3248 deorsum:

199 3281 353 3366 scriptum
376 3288 425 3346 est
446 3280 548 3355 enim,
569 3277 703 3364 Angelis
723 3282 789 3344 suis
810 3257 976 3345 mandabit
998 3281 1039 3346 de
1061 3292 1108 3358 te,
1132 3291 1165 3345 et
1185 3282 1337 3348 trionibus

192 3380 317 3448 ‘tollent
348 3391 397 3456 te,
428 3399 472 3449 ne
507 3379 638 3464 qutando
669 3381 825 3481 impingas
857 3379 908 3466 ad,
927 3380 1067 3468 lapidem
1095 3381 1211 3468 pedem
1227 3367 1337 3450 'tuum

200 3483 229 3547 7.
251 3483 336 3547 Dixit
360 3479 411 3545 illi
431 3481 530 3558 lesus,
551 3481 690 3544 Rursum
712 3483 863 3567 scriptun
885 3492 941 3561 est,
962 3483 1036 3548 Nou
1060 3479 1200 3548 tentabis
1221 3485 1335 3550 Douri-

98 3635 101 3661 ,
198 3603 275 3648 ιιιιιιι
296 3582 403 3648 Deum
426 3593 522 3646 tuum.
565 3583 750 3646 ultumum
773 3585 903 3668 assumit
925 3605 997 3648 eum
1020 3583 1171 3649 diabolus
1193 3588 1227 3652 in
1242 3605 1335 3652 mon·

197 3697 262 3750 tem
285 3682 444 3750 excelsum
465 3679 578 3758 valde,
611 3693 643 3747 et
663 3693 890 3748 commonstrat
911 3686 943 3750 ei
965 3689 1073 3758 omitia
1093 3707 1192 3770 regnu
1213 3687 1336 3767 muudi,

199 3798 232 3850 et
252 3784 386 3870 gloriam
409 3783 553 3848 illorum:
573 3785 605 3846 9.
627 3783 669 3847 Et
691 3783 775 3847 dicit
790 3781 848 3862 illi,
870 3785 959 3850 Haec
981 3786 1170 3852 omuiutibi
1186 3787 1284 3864 dubo,
1305 3793 1333 3854 si

75 3913 84 3928 ·
199 3896 376 3973 prostratus
393 3884 586 3950 adoraveris
607 3905 667 3950 me.
711 3887 759 3947 10.
783 3885 878 3950 'l'uno
899 3885 976 3952 dicit
998 3885 1046 3951 illi
1069 3888 1174 3966 lesus,
1196 3887 1261 3953 Abi
1277 3890 1335 3954 Sa-

199 3999 287 4050 taua:
307 3987 461 4070 scriptum
484 3995 531 4052 est
553 3987 652 4062 enim,
672 3985 847 4052 Dominum
870 3987 977 4053 Deum
1000 3998 1086 4053 tuum
1109 3989 1279 4068 adorabis,
1300 4003 1333 4056 et

198 4085 288 4152 illum
311 4084 414 4150 solum
437 4085 534 4152 coles.
577 4087 626 4150 11.
648 4087 743 4151 'l'unc
764 4089 880 4152 omittit
901 4086 990 4152 illum
1011 4087 1178 4169 diabolus,
1200 4103 1232 4156 et
1254 4115 1334 4157 ecce

199 4185 315 4270 Angeli
339 4197 559 4264 accesserunt,
581 4199 613 4258 et
634 4184 855 4252 ministrabant
878 4191 916 4254 ei.
1249 4195 1259 4214 ⁶

280 4301 419 4368 MARC.
441 4303 465 4369 l.
506 4287 556 4404 2¹3.
575 4304 617 4369 Et
638 4303 754 4390 Augeli
775 4304 996 4372 ministrabunt
1018 4309 1056 4372 ei.

281 4420 382 4488 LUC.
403 4419 458 4484 lv.
501 4421 530 4486 5.
550 4421 764 4489 Etsubdurit
784 4421 874 4488 illum
888 4422 1038 4489 diabolus
1059 4425 1091 4491 iu
1114 4434 1256 4491 montem
1280 4445 1333 4490 ex-
