2756 4838
228 249 232 256 ’
309 259 388 337 (166.
428 257 498 318 Duo
518 258 601 318 coeci
620 257 716 319 Iesum
737 258 953 338 acclamantes.)
1151 267 1208 328 18³
1253 269 1255 274 ’

122 411 169 473 29.
208 405 429 484 Egredtmsbus
458 409 527 469 illia.
578 411 693 492 Argute
723 411 779 472 sibi
811 411 958 472 Osiander
977 401 1063 472 ¹visus
1095 424 1139 472 est
1170 435 1204 472 eii

57 503 141 543 coeco
167 503 229 544 uno
255 497 384 564 quatuor
408 487 514 545 lacere.
562 487 657 577 Atqui
680 487 740 548 eius
767 499 933 548 commento
959 488 1031 548 nihil
1051 500 1095 548 est
1112 490 1204 570 magis

57 559 196 619 frivolum.
238 560 318 635 Quia
336 561 456 621 videbat
474 563 674 654 Evangelistas
694 564 723 622 in
744 563 894 624 nonnullis
913 565 1009 626 verbis
1028 565 1204 643 discrepare,

57 636 129 710 linxit
148 636 199 696 nui
221 657 312 696 coeco
332 638 362 696 in
383 639 447 717 ipso
468 638 548 698 urhis
567 659 700 720 ingressu
718 639 864 700 redditum
885 661 946 700 esse
965 641 1072 700 visum:
1098 661 1202 700 secun·-

56 712 114 770 dum
133 733 207 773 vero
229 723 258 772 et
278 715 351 774 duos
371 715 443 774 alios
463 715 642 775 illuminatos
662 737 735 790 esse,
754 737 842 796 quoni
860 714 941 778 illinc
957 719 1088 779 Christus
1109 715 1203 776 disce·
1251 786 1254 797 γ

54 788 136 847 deret
174 789 268 868 niqui
287 790 328 865 sic
350 791 532 850 conveniunt
553 812 653 852 omnes
674 793 923 867 circumstantiae,
953 806 987 853 ut
1009 813 1096 852 nemo
1115 813 1202 852 sanus

54 865 145 923 credat
170 863 299 925 diversas
327 865 461 926 historias
481 867 608 928 tractari.
649 868 770 928 Scilicet
792 875 839 944 (ut
863 869 918 928 alia
943 869 1089 944 omittam)
1113 890 1201 948 quum

53 940 170 1016 primum
191 942 229 1000 ad
248 942 394 1001 silentium
416 944 514 1003 conati
534 956 630 1005 essent
641 945 760 1025 adigere
772 945 881 1007 Christi
893 947 1025 1020 comites,
1045 957 1202 1024 etpraetei·

55 1035 127 1093 spern
148 1039 230 1076 suain
250 1019 345 1082 sanari
364 1019 518 1094 vidissent,
548 1041 614 1080 moa
633 1020 710 1080 idem
730 1033 891 1081 tentassent
909 1023 940 1081 in
961 1021 1053 1082 tribus
1071 1019 1199 1112 reliquis.

53 1091 106 1150 Sed
125 1093 198 1152 nihil
220 1115 295 1174 opus
316 1105 360 1154 est
370 1095 484 1178 singula
496 1097 643 1232 persequi,
665 1118 697 1156 ex
718 1098 821 1175 quibus
841 1110 946 1177 sponte
966 1098 1057 1188 quivis
1078 1097 1200 1178 colliget

51 1189 105 1226 rein
124 1191 212 1230 unam
233 1180 264 1230 et
283 1171 404 1231 eandem
424 1171 546 1231 narrari.
609 1174 645 1233 ed
666 1173 793 1233 offendit
805 1174 1009 1252 discrepantia,
1030 1175 1109 1252 quod
1122 1175 1198 1234 Mat-

49 1244 140 1304 thaeus
160 1258 191 1306 et
211 1249 325 1306 Marcus
345 1247 515 1308 miraculum
539 1249 586 1308 rel
605 1249 642 1316 ,in
668 1270 729 1308 uno
756 1269 850 1310 coeco
874 1250 921 1310 vel
947 1250 1061 1310 duobus
1087 1249 1197 1308 editum

49 1318 126 1380 luisse
146 1323 259 1396 dicunt,
280 1343 368 1401 quum
390 1324 523 1384 Christus
542 1324 600 1383 iarn
621 1343 655 1384 ex
674 1324 748 1388 urbe
769 1345 900 1406 egressus
912 1325 1011 1392 iloret:
1031 1325 1127 1385 Lucas
1144 1345 1196 1382 an-

48 1405 99 1454 tem
118 1399 277 1478 idlactum
299 1421 361 1460 csse
382 1411 607 1475 commemoret,
626 1413 781 1480 autequam
803 1401 832 1460 in
846 1401 950 1490 tirbpm
969 1401 1092 1460 veniret.
1131 1401 1194 1460 De-

47 1470 107 1531 inde
128 1477 208 1554 qnod
229 1475 345 1536 Marcus
366 1475 499 1536 etLucas
520 1497 581 1536 non
601 1476 657 1536 nisi
677 1477 714 1536 de
734 1497 826 1536 coeco
845 1499 906 1536 uno
927 1477 1098 1556 loquuntur,
1118 1475 1196 1534 blat-

47 1547 138 1609 thaeus
156 1572 231 1611 vero
254 1552 326 1611 duos
347 1553 510 1645 coniungit.
551 1551 612 1612 Sed
633 1573 721 1612 cuum
732 1554 864 1626 sciamus,
885 1555 941 1613 hoc
961 1551 1066 1632 passim
1087 1571 1192 1611 occur·
1244 1567 1249 1578 ⁸

47 1643 105 1684 rere
125 1627 154 1686 iri
174 1628 386 1708 Evangelistis,
413 1639 495 1688 utin
516 1633 618 1688 eadem
639 1593 757 1688 historia
776 1641 851 1690 uotis
867 1640 1037 1721 praetereat
1056 1627 1137 1709 quod
1156 1627 1193 1688 ab

45 1699 100 1759 aliis
115 1703 233 1779 dicitur,
253 1716 284 1762 et
302 1725 414 1764 rursum
436 1705 516 1783 quod
537 1703 574 1764 ab
596 1704 652 1764 illis
672 1717 786 1766 tacetur
805 1703 909 1765 clarius
929 1705 1066 1784 exponat,
1087 1725 1195 1764 novum

45 1777 85 1834 vel
103 1777 234 1840 insolens
258 1781 287 1838 in
315 1781 462 1859 praesenti
486 1781 555 1842 loco
581 1781 675 1841 videri
701 1802 762 1841 non
790 1780 888 1844 debet.
926 1783 994 1864 Ego
1019 1780 1135 1860 quidem
1155 1781 1196 1839 ita
1260 1827 1263 1838 .
1311 1793 1343 1821 ·'

45 1854 181 1930 coniicio,
207 1857 276 1916 dum
296 1855 362 1930 urbi
382 1858 635 1937 appropinquaret
655 1857 805 1930 Christus,
831 1879 952 1918 coecum
972 1857 1128 1917 clamasse:
1142 1855 1195 1916 sed

45 1949 125 2006 quuin
157 1954 231 2012 prae
257 1933 381 2012 strepitu
413 1953 473 1994 non
505 1946 581 1994 esset
606 1934 733 2008 auditus,
771 1935 849 1995 viam
875 1934 1023 1995 obsedisse
1051 1933 1082 1992 in
1114 1930 1195 1993 urbis

48 2025 168 2084 egressu,
188 2021 220 2068 et
239 2019 308 2069 tunc
329 2010 444 2069 demum
464 2008 550 2070 fnisse
571 2031 587 2069 a
609 2011 727 2072 Christo
748 2021 891 2072 vocatum.
932 2012 1036 2100 ltaque
1055 2009 1164 2083 Lucas,
1178 2031 1196 2068 a

43 2101 107 2140 iero
148 2085 275 2165 iincipio
302 2107 436 2161 exorsus,
474 2107 536 2146 uon
583 2107 645 2145 erse
667 2087 746 2146 nitur
770 2098 863 2146 totam
888 2098 1104 2158 narrationem,
1143 2086 1193 2146 sed

44 2105 158 2220 transilit
171 2158 281 2220 Christi
295 2162 452 2239 hospitium
473 2162 503 2219 in
525 2107 613 2220 oilie:
634 2107 683 2221 alii
703 2175 800 2222 autern
820 2163 879 2222 duo
899 2162 994 2221 solmn
1013 2173 1128 2238 tempus
1149 2172 1194 2220 at-

46 2232 172 2314 tingunt,
205 2237 288 2317 quod
307 2237 426 2316 propius
446 2237 587 2295 miraculo
609 2237 671 2306 luit
717 2237 897 2300 Coniectura
915 2248 1012 2295 autem
1032 2234 1194 2369 probabilis
1267 2283 1269 2290 .

45 2321 90 2382 cst,
109 2325 141 2372 ut
160 2333 249 2390 saepe
262 2311 404 2385 Christus,
424 2311 510 2371 sideni
522 2311 672 2368 honiiiiuni
685 2309 812 2390 probare
824 2311 939 2388 volens,
959 2332 1009 2370 eos
1023 2330 1037 2369 a
1053 2310 1193 2444 iquantis-

45 2405 89 2460 per
113 2388 245 2460 distulit,
285 2385 390 2445 eodem
411 2387 539 2446 examine
565 2385 595 2444 in
621 2385 678 2446 boc
703 2407 795 2448 coeco
819 2387 908 2446 fuisse
934 2408 1025 2446 nsum.
1089 2387 1195 2446 ecundi

45 2463 104 2522 nodi
126 2484 269 2542 perquam
290 2461 381 2521 facilis
402 2474 445 2521 est
464 2461 585 2522 solutio:
606 2482 673 2520 nam
686 2473 716 2520 et
728 2462 942 2536 alibividimus,
960 2483 1051 2520 unum
1072 2462 1193 2521 daemo-

43 2537 148 2598 niacum
170 2559 185 2597 a
207 2539 308 2597 Marco
330 2549 358 2596 et
369 2537 449 2598 Luca
469 2537 580 2612 referri,
593 2549 734 2608 sanatum,
754 2537 805 2598 ubi
818 2536 980 2598 Matthaeus
1002 2537 1075 2596 duos
1096 2537 1193 2597 nomi-

43 2625 94 2686 nat,
113 2614 199 2675 sicuti
220 2625 250 2674 et
271 2613 424 2674 hocloco.
462 2615 568 2692 Neque
587 2623 685 2672 tamen
706 2613 774 2673 ideo
793 2615 873 2673 inter
890 2634 921 2673 se
942 2612 1096 2672 dissident:
1118 2612 1190 2690 quin

42 2691 131 2762 potius
152 2689 314 2770 probabilis
335 2701 378 2750 est
398 2690 577 2762 coniectura,
597 2710 685 2767 quum
697 2689 783 2749 initio
798 2703 902 2749 coecus
914 2709 988 2748 uuus
1002 2687 1114 2749 Christi
1160 2709 1192 2747 a·

44 2763 103 2824 tiam
123 2767 314 2847 imploraret,
333 2767 394 2826 eius
415 2765 547 2845 exemplo
568 2777 746 2825 commotum
767 2767 853 2826 luisse
874 2763 1012 2838 alterurn,
1031 2708 1192 2842 atquczac

43 2843 192 2904 occasione
217 2844 311 2903 visum
338 2842 451 2902 duobus
476 2863 538 2905 esse
563 2841 716 2901 redditum.
762 2841 810 2902 De
835 2861 895 2900 uno
919 2860 992 2901 reio
1010 2851 1124 2900 tantum
1145 2839 1192 2899 lo-

43 2919 116 2990 quuti
135 2931 204 2980 sunt
223 2921 338 2980 Marcus
358 2931 388 2979 et
408 2917 516 2990 Iiucas,
547 2918 593 2976 vel
614 2918 680 2996 quia
702 2930 764 2978 erat
783 2917 901 2996 notior,
930 2916 977 2977 vel
999 2915 1066 2995 quia
1085 2916 1116 2974 in
1136 2915 1189 2976 illo

42 2997 211 3056 nonninus
235 2996 351 3078 insigne
380 2993 493 3054 virtutis
514 2993 623 3054 Christi
644 2994 794 3074 specimen
818 3004 882 3054 erat
905 3013 991 3127 quain
1016 2992 1046 3051 in
1068 2993 1190 3052 duobus.

44 3063 125 3129 Certe
144 3085 269 3152 propter
289 3071 437 3131 celebrem
457 3070 593 3130 notitiam
603 3071 720 3128 videtur
732 3092 798 3130 eum
811 3081 915 3149 praeto
929 3069 982 3128 isse
993 3071 1119 3142 lllarcirs,
1140 3069 1190 3148 qni

43 3151 93 3202 lam
112 3147 202 3238 ipsius
230 3169 315 3228 quam
341 3148 430 3227 patris
456 3167 565 3206 nomen
588 3146 729 3226 exprimit
773 3147 841 3205 Nori
864 3145 942 3205 enim
960 3145 1006 3204 vel
1028 3144 1189 3204 claritatem

42 3235 160 3350 ppiieris,
180 3225 227 3285 vel
248 3225 360 3284 divitias
381 3224 579 3284 commendat:
599 3243 666 3281 nam
678 3223 828 3282 mendicus
841 3233 904 3282 erat
920 3243 953 3282 ex
973 3221 1072 3280 infima
1091 3220 1189 3300 plebe.

69 3297 122 3356 nde
142 3314 279 3380 apparet,
306 3301 373 3379 quia
391 3299 481 3381 vulgo
502 3311 572 3358 nota
593 3309 655 3357 erat
675 3299 736 3357 eius
760 3298 921 3374 calamitas,
950 3297 1079 3358 nobilius
1100 3297 1189 3358 luisse

42 3370 202 3436 miraculum
222 3377 254 3436 iii
275 3377 335 3436 eius
355 3395 490 3456 persona.
530 3375 611 3434 llaec
630 3373 702 3432 mihi
721 3377 797 3434 ratio
818 3395 883 3434 esse
899 3375 1025 3448 videtur,
1049 3395 1100 3434 cur
1122 3395 1188 3433 euin

41 3447 127 3508 solum
147 3453 303 3512 nominent
322 3453 436 3511 Marcus
456 3462 486 3510 et
505 3450 614 3522 Lucas,
640 3451 675 3510 de
696 3450 790 3519 altero
809 3461 937 3524 taceant,
979 3449 1008 3508 ui
1029 3461 1092 3508 erat
1110 3448 1192 3508 veliit

42 3519 157 3586 inferior
176 3529 314 3590 accessio.
353 3528 516 3586 Matthaeus
536 3537 632 3585 autem
653 3526 785 3586 oculatus
804 3527 886 3589 testis
905 3547 943 3586 ne
959 3473 982 3585 h

43 3605 162 3673 quanvis
182 3605 275 3686 magis
295 3602 462 3675 obscurum,
481 3601 715 3681 praetermittere
734 3601 836 3662 voluit

107 3684 154 3743 ³0.
191 3681 334 3754 Doiiilne,
362 3682 501 3738 miserere.
540 3677 607 3736 Dixi
628 3697 738 3767 nuper,
768 3677 883 3736 initium
904 3675 1049 3737 clamandi
1070 3673 1105 3733 ab
1126 3695 1187 3733 uno

43 3765 98 3810 esse
116 3754 237 3816 lactum:
257 3758 309 3817 sed
328 3755 450 3814 alterum
471 3752 557 3814 facile
575 3753 691 3833 impulit
710 3753 809 3812 similis
821 3753 987 3825 necessitas,
1006 3761 1040 3810 ut
1058 3769 1089 3809 se
1111 3769 1187 3828 quo-

42 3841 93 3900 que
112 3831 292 3916 adiungeret.
331 3830 426 3891 Porro
455 3850 517 3889 non
547 3829 696 3910 vulgarem
723 3828 842 3890 Christo
869 3832 1015 3888 bonorem
1040 3824 1188 3900 deterunt,

43 3911 168 3984 petentes
193 3921 227 3968 nt
251 3908 295 3968 sui
319 3907 453 3966 misertus
472 3919 630 3965 succurrat
674 3907 832 3966 Persuasos
851 3905 928 3964 enirn
949 3902 1036 3962 luisse
1057 3913 1188 3980 oportet,

41 3993 68 4031 m
87 3979 144 4041 eius
162 4005 251 4044 manu
271 4006 332 4045 esse
353 3981 488 4043 auxilium
500 3981 547 4040 rel
559 3981 729 4076 remedium,
750 4001 810 4059 quo
822 3980 964 4062 egebant:
984 3978 1035 4038 sed
1053 3977 1144 4060 magis
1156 3979 1187 4038 in

43 4068 75 4108 ⁸0
93 4061 247 4134 spectanda
268 4071 312 4121 est
331 4061 462 4140 ipsorum
480 4057 562 4132 lides,
603 4059 662 4116 uod
673 4058 808 4118 Messiam
825 4056 965 4146 latentur,
984 4075 1071 4134 quem
1082 4055 1187 4115 scimus

42 4121 93 4186 hoc
113 4133 210 4218 elogio
232 4148 364 4197 notatum
384 4135 472 4194 fuisse
493 4153 508 4192 a
530 4133 568 4193 ud
583 4079 723 4194 ludaeos.
744 4131 844 4194 Consu
868 4131 933 4190 iunt
951 4132 1041 4212 igitur
1053 4131 1089 4189 ad
1099 4131 1187 4192 Chri-

42 4211 118 4279 stum,
137 4231 198 4271 non
218 4213 307 4273 modo
327 4225 466 4291 tanquam
486 4154 528 4269 ad
541 4209 722 4300 Prophetam
742 4151 919 4288 quemlihet,
944 4209 995 4267 sed
1014 4207 1048 4266 ad
1068 4209 1186 4268 unicum

44 4277 134 4343 salutis
153 4300 312 4363 auctorem,
351 4289 381 4348 ui
400 4308 416 4347 a
436 4285 504 4346 Deo
524 4306 681 4366 promissus
700 4286 804 4345 fuerat
845 4283 967 4345 Clamor
984 4284 1187 4344 vehementiae

43 4351 159 4424 attactu
176 4363 316 4426 indicium
331 4311 400 4425 luit
429 4365 503 4424 Nam
516 4383 605 4444 quum
623 4362 743 4438 scirent,
755 4381 793 4448 ⁸se
813 4360 890 4441 apud
910 4360 1066 4441 plerosque
1086 4361 1188 4420 odiose

985 3546 1041 3585 unc
1061 3525 1189 3606 quidem,
1293 3593 1297 3602 1
