<?xml version="1.0" encoding="UTF-8"?>
<!DOCTYPE html PUBLIC "-//W3C//DTD XHTML 1.0 Transitional//EN"
    "http://www.w3.org/TR/xhtml1/DTD/xhtml1-transitional.dtd">
<html xmlns="http://www.w3.org/1999/xhtml" xml:lang="en" lang="en">
 <head>
  <title>
</title>
<meta http-equiv="Content-Type" content="text/html;charset=utf-8" />
  <meta name='ocr-system' content='tesseract 3.04.00' />
  <meta name='ocr-capabilities' content='ocr_page ocr_carea ocr_par ocr_line ocrx_word'/>
</head>
<body>
  <div class='ocr_page' id='page_1' title='image "./innovumtestamen00calvgoog_0338.png"; bbox 0 0 2790 4838; ppageno 0'>
   <div class='ocr_carea' id='block_1_1' title="bbox 324 243 1188 329">
    <p class='ocr_par' dir='ltr' id='par_1_1' title="bbox 324 243 1188 329">
     <span class='ocr_line' id='line_1_1' title="bbox 324 243 1188 329; baseline 0.014 -29"><span class='ocrx_word' id='word_1_1' title='bbox 324 245 387 322; x_wconf 80' lang='grc'><strong>(92.</strong></span> <span class='ocrx_word' id='word_1_2' title='bbox 409 243 624 329; x_wconf 66' lang='lat' dir='ltr'><strong>Testimonium</strong></span> <span class='ocrx_word' id='word_1_3' title='bbox 645 243 713 306; x_wconf 87' lang='lat' dir='ltr'>Iesu</span> <span class='ocrx_word' id='word_1_4' title='bbox 733 243 770 304; x_wconf 90' lang='lat' dir='ltr'>de</span> <span class='ocrx_word' id='word_1_5' title='bbox 790 243 931 322; x_wconf 81' lang='lat' dir='ltr'>Ioanne.)</span> <span class='ocrx_word' id='word_1_6' title='bbox 1084 311 1090 322; x_wconf 67' lang='grc'><strong>,</strong></span> <span class='ocrx_word' id='word_1_7' title='bbox 1131 247 1188 312; x_wconf 72' lang='lat' dir='ltr'>aut</span> 
     </span>
    </p>
   </div>
   <div class='ocr_carea' id='block_1_2' title="bbox 10 388 1187 602">
    <p class='ocr_par' dir='ltr' id='par_1_2' title="bbox 10 388 1187 602">
     <span class='ocr_line' id='line_1_2' title="bbox 40 388 1186 492; baseline 0.001 -29"><span class='ocrx_word' id='word_1_8' title='bbox 40 409 166 464; x_wconf 85' lang='lat' dir='ltr'>rerunt.</span> <span class='ocrx_word' id='word_1_9' title='bbox 213 399 265 464; x_wconf 79' lang='lat'>14.</span> <span class='ocrx_word' id='word_1_10' title='bbox 300 397 341 463; x_wconf 89' lang='lat' dir='ltr'>Et</span> <span class='ocrx_word' id='word_1_11' title='bbox 362 401 391 464; x_wconf 85' lang='lat' dir='ltr'>si</span> <span class='ocrx_word' id='word_1_12' title='bbox 411 397 507 476; x_wconf 84' lang='lat' dir='ltr'>vultis</span> <span class='ocrx_word' id='word_1_13' title='bbox 528 388 685 484; x_wconf 87' lang='lat' dir='ltr'>recipere,</span> <span class='ocrx_word' id='word_1_14' title='bbox 707 404 849 486; x_wconf 76' lang='lat' dir='ltr'>ipsecst</span> <span class='ocrx_word' id='word_1_15' title='bbox 867 401 971 478; x_wconf 81' lang='lat' dir='ltr'>Elias,</span> <span class='ocrx_word' id='word_1_16' title='bbox 993 402 1048 492; x_wconf 85' lang='lat' dir='ltr'>qni</span> <span class='ocrx_word' id='word_1_17' title='bbox 1071 412 1186 466; x_wconf 76' lang='lat' dir='ltr'>ventu·-</span> 
     </span>
     <span class='ocr_line' id='line_1_3' title="bbox 10 495 1187 602; baseline 0.004 -40"><span class='ocrx_word' id='word_1_18' title='bbox 10 523 12 562; x_wconf 81' lang='lat' dir='ltr'>t</span> <span class='ocrx_word' id='word_1_19' title='bbox 41 524 91 565; x_wconf 86' lang='lat' dir='ltr'>rus</span> <span class='ocrx_word' id='word_1_20' title='bbox 117 499 198 566; x_wconf 81' lang='lat' dir='ltr'>erit.</span> <span class='ocrx_word' id='word_1_21' title='bbox 244 500 295 565; x_wconf 84' lang='lat'>15.</span> <span class='ocrx_word' id='word_1_22' title='bbox 318 499 385 585; x_wconf 89' lang='lat' dir='ltr'>Qui</span> <span class='ocrx_word' id='word_1_23' title='bbox 407 500 505 564; x_wconf 84' lang='lat' dir='ltr'>hahet</span> <span class='ocrx_word' id='word_1_24' title='bbox 527 495 688 567; x_wconf 85' lang='lat' dir='ltr'>aure&#39;s&#39;ad</span> <span class='ocrx_word' id='word_1_25' title='bbox 712 501 923 602; x_wconf 81' lang='lat' dir='ltr'>audiendum,</span> <span class='ocrx_word' id='word_1_26' title='bbox 938 497 1062 602; x_wconf 48' lang='lat' dir='ltr'>dudlei·</span> <span class='ocrx_word' id='word_1_27' title='bbox 1183 499 1187 508; x_wconf 84' lang='lat'>&#39;</span> 
     </span>
    </p>
   </div>
   <div class='ocr_carea' id='block_1_3' title="bbox 10 624 1262 1929">
    <p class='ocr_par' dir='ltr' id='par_1_3' title="bbox 10 624 1262 1929">
     <span class='ocr_line' id='line_1_4' title="bbox 10 624 1190 720; baseline 0.003 -24"><span class='ocrx_word' id='word_1_28' title='bbox 10 641 11 650; x_wconf 75' lang='grc'>’</span> <span class='ocrx_word' id='word_1_29' title='bbox 122 633 229 700; x_wconf 88' lang='lat' dir='ltr'><strong>LUC.</strong></span> <span class='ocrx_word' id='word_1_30' title='bbox 253 633 325 696; x_wconf 89' lang='lat' dir='ltr'>Vll.</span> <span class='ocrx_word' id='word_1_31' title='bbox 367 634 417 698; x_wconf 75' lang='lat' dir='ltr'>tt</span> <span class='ocrx_word' id='word_1_32' title='bbox 452 633 493 697; x_wconf 83' lang='lat' dir='ltr'>Et</span> <span class='ocrx_word' id='word_1_33' title='bbox 526 657 621 720; x_wconf 84' lang='lat' dir='ltr'>quum</span> <span class='ocrx_word' id='word_1_34' title='bbox 653 624 878 700; x_wconf 73' lang='lat' dir='ltr'>disccsuissent</span> <span class='ocrx_word' id='word_1_35' title='bbox 906 637 1011 714; x_wconf 82' lang='lat' dir='ltr'>nuntii</span> <span class='ocrx_word' id='word_1_36' title='bbox 1040 631 1190 714; x_wconf 66' lang='lat' dir='ltr'>dononisr&#39;</span> 
     </span>
     <span class='ocr_line' id='line_1_5' title="bbox 42 733 1187 824; baseline 0 -26"><span class='ocrx_word' id='word_1_37' title='bbox 42 738 148 820; x_wconf 88' lang='lat' dir='ltr'>eoepit</span> <span class='ocrx_word' id='word_1_38' title='bbox 177 735 290 799; x_wconf 86' lang='lat' dir='ltr'>dicere</span> <span class='ocrx_word' id='word_1_39' title='bbox 318 733 360 800; x_wconf 89' lang='lat' dir='ltr'>ad</span> <span class='ocrx_word' id='word_1_40' title='bbox 388 733 498 798; x_wconf 79' lang='lat' dir='ltr'>turbas</span> <span class='ocrx_word' id='word_1_41' title='bbox 527 735 568 800; x_wconf 87' lang='lat' dir='ltr'>de</span> <span class='ocrx_word' id='word_1_42' title='bbox 600 737 734 810; x_wconf 78' lang='lat' dir='ltr'>Ioanne,</span> <span class='ocrx_word' id='word_1_43' title='bbox 767 736 856 820; x_wconf 81' lang='lat' dir='ltr'>Quid</span> <span class='ocrx_word' id='word_1_44' title='bbox 888 739 988 802; x_wconf 77' lang='lat' dir='ltr'>visuri</span> <span class='ocrx_word' id='word_1_45' title='bbox 1017 739 1187 824; x_wconf 72' lang='lat' dir='ltr'>cristis&#39;u’rr¹</span> 
     </span>
     <span class='ocr_line' id='line_1_6' title="bbox 43 834 1188 923; baseline -0.001 -23"><span class='ocrx_word' id='word_1_46' title='bbox 43 837 227 904; x_wconf 83' lang='lat' dir='ltr'>desertum?</span> <span class='ocrx_word' id='word_1_47' title='bbox 257 834 463 910; x_wconf 86' lang='lat' dir='ltr'>arundiuem,</span> <span class='ocrx_word' id='word_1_48' title='bbox 494 857 579 921; x_wconf 74' lang='lat' dir='ltr'>quae</span> <span class='ocrx_word' id='word_1_49' title='bbox 609 845 706 900; x_wconf 88' lang='lat' dir='ltr'>vento</span> <span class='ocrx_word' id='word_1_50' title='bbox 733 839 979 922; x_wconf 79' lang='lat' dir='ltr'>agitatur?,25.</span> <span class='ocrx_word' id='word_1_51' title='bbox 1007 837 1073 903; x_wconf 86' lang='lat' dir='ltr'>Sed</span> <span class='ocrx_word' id='word_1_52' title='bbox 1103 835 1188 923; x_wconf 79' lang='lat' dir='ltr'>quid</span> 
     </span>
     <span class='ocr_line' id='line_1_7' title="bbox 43 935 1262 1008; baseline 0.005 -8"><span class='ocrx_word' id='word_1_53' title='bbox 43 939 150 1000; x_wconf 77' lang='lat' dir='ltr'>existit</span> <span class='ocrx_word' id='word_1_54' title='bbox 173 938 296 1001; x_wconf 82' lang='lat' dir='ltr'>visuri?</span> <span class='ocrx_word' id='word_1_55' title='bbox 334 937 493 1002; x_wconf 86' lang='lat' dir='ltr'>hominem</span> <span class='ocrx_word' id='word_1_56' title='bbox 516 935 668 1000; x_wconf 88' lang='lat' dir='ltr'>mollibus</span> <span class='ocrx_word' id='word_1_57' title='bbox 689 938 1072 1004; x_wconf 74' lang='lat' dir='ltr'>vestimentis-indutum?</span> <span class='ocrx_word' id='word_1_58' title='bbox 1104 959 1185 1008; x_wconf 76' lang='lat' dir='ltr'>occo</span> <span class='ocrx_word' id='word_1_59' title='bbox 1257 1001 1262 1006; x_wconf 91' lang='lat'>.</span> 
     </span>
     <span class='ocr_line' id='line_1_8' title="bbox 42 1033 1185 1132; baseline 0.003 -34"><span class='ocrx_word' id='word_1_60' title='bbox 42 1039 93 1122; x_wconf 89' lang='lat' dir='ltr'>qui</span> <span class='ocrx_word' id='word_1_61' title='bbox 121 1039 158 1101; x_wconf 91' lang='lat' dir='ltr'>in</span> <span class='ocrx_word' id='word_1_62' title='bbox 190 1039 309 1100; x_wconf 81' lang='lat' dir='ltr'>vestitu</span> <span class='ocrx_word' id='word_1_63' title='bbox 337 1033 511 1121; x_wconf 84' lang='lat' dir='ltr'>splendido</span> <span class='ocrx_word' id='word_1_64' title='bbox 539 1044 572 1124; x_wconf 57' lang='lat' dir='ltr'>,et</span> <span class='ocrx_word' id='word_1_65' title='bbox 601 1033 725 1100; x_wconf 87' lang='lat' dir='ltr'>deliciis</span> <span class='ocrx_word' id='word_1_66' title='bbox 754 1050 863 1122; x_wconf 77' lang='lat' dir='ltr'>agunt,</span> <span class='ocrx_word' id='word_1_67' title='bbox 895 1041 927 1104; x_wconf 91' lang='lat' dir='ltr'>in</span> <span class='ocrx_word' id='word_1_68' title='bbox 956 1038 1037 1103; x_wconf 86' lang='lat' dir='ltr'>aulis</span> <span class='ocrx_word' id='word_1_69' title='bbox 1071 1043 1185 1132; x_wconf 42' lang='lat' dir='ltr'>regum:</span> 
     </span>
     <span class='ocr_line' id='line_1_9' title="bbox 41 1124 1186 1226; baseline 0.001 -24"><span class='ocrx_word' id='word_1_70' title='bbox 41 1149 120 1202; x_wconf 83' lang='lat' dir='ltr'>sunt.</span> <span class='ocrx_word' id='word_1_71' title='bbox 163 1139 217 1201; x_wconf 75' lang='lat'>26.</span> <span class='ocrx_word' id='word_1_72' title='bbox 240 1136 307 1202; x_wconf 89' lang='lat' dir='ltr'>Sed</span> <span class='ocrx_word' id='word_1_73' title='bbox 331 1137 407 1223; x_wconf 92' lang='lat' dir='ltr'>quid</span> <span class='ocrx_word' id='word_1_74' title='bbox 429 1124 528 1200; x_wconf 86' lang='lat' dir='ltr'>visuri</span> <span class='ocrx_word' id='word_1_75' title='bbox 551 1140 676 1202; x_wconf 63' lang='lat' dir='ltr'>crinis?</span> <span class='ocrx_word' id='word_1_76' title='bbox 719 1139 930 1224; x_wconf 86' lang='lat' dir='ltr'>Prophetarn?</span> <span class='ocrx_word' id='word_1_77' title='bbox 964 1143 1076 1226; x_wconf 85' lang='lat' dir='ltr'>utique</span> <span class='ocrx_word' id='word_1_78' title='bbox 1104 1138 1186 1204; x_wconf 75' lang='lat' dir='ltr'>dico&#39;</span> 
     </span>
     <span class='ocr_line' id='line_1_10' title="bbox 40 1235 1202 1326; baseline 0.003 -26"><span class='ocrx_word' id='word_1_79' title='bbox 40 1239 132 1304; x_wconf 80' lang='lat' dir='ltr'>robis</span> <span class='ocrx_word' id='word_1_80' title='bbox 156 1247 192 1302; x_wconf 88' lang='lat' dir='ltr'>et</span> <span class='ocrx_word' id='word_1_81' title='bbox 213 1235 288 1322; x_wconf 81' lang='lat' dir='ltr'>plus</span> <span class='ocrx_word' id='word_1_82' title='bbox 310 1258 403 1324; x_wconf 88' lang='lat' dir='ltr'>quam</span> <span class='ocrx_word' id='word_1_83' title='bbox 417 1237 619 1321; x_wconf 87' lang='lat' dir='ltr'>Prophetarn.</span> <span class='ocrx_word' id='word_1_84' title='bbox 648 1239 699 1302; x_wconf 80' lang='lat'>27.</span> <span class='ocrx_word' id='word_1_85' title='bbox 723 1241 783 1302; x_wconf 86' lang='lat' dir='ltr'>Hic</span> <span class='ocrx_word' id='word_1_86' title='bbox 805 1249 861 1315; x_wconf 87' lang='lat' dir='ltr'>est,</span> <span class='ocrx_word' id='word_1_87' title='bbox 883 1240 924 1302; x_wconf 86' lang='lat' dir='ltr'>de</span> <span class='ocrx_word' id='word_1_88' title='bbox 947 1261 1013 1326; x_wconf 86' lang='lat' dir='ltr'>quo</span> <span class='ocrx_word' id='word_1_89' title='bbox 1027 1242 1202 1324; x_wconf 77' lang='lat' dir='ltr'>scripturn·-</span> 
     </span>
     <span class='ocr_line' id='line_1_11' title="bbox 42 1335 1184 1426; baseline 0.002 -24"><span class='ocrx_word' id='word_1_90' title='bbox 42 1350 102 1416; x_wconf 86' lang='lat' dir='ltr'>cst,</span> <span class='ocrx_word' id='word_1_91' title='bbox 129 1339 220 1403; x_wconf 85' lang='lat' dir='ltr'>Ecce</span> <span class='ocrx_word' id='word_1_92' title='bbox 244 1340 335 1402; x_wconf 86' lang='lat' dir='ltr'>mitto</span> <span class='ocrx_word' id='word_1_93' title='bbox 358 1335 505 1422; x_wconf 77' lang='lat' dir='ltr'><strong>angelum</strong></span> <span class='ocrx_word' id='word_1_94' title='bbox 528 1359 631 1404; x_wconf 89' lang='lat' dir='ltr'>mcum</span> <span class='ocrx_word' id='word_1_95' title='bbox 655 1351 728 1402; x_wconf 89' lang='lat' dir='ltr'>autc</span> <span class='ocrx_word' id='word_1_96' title='bbox 749 1339 861 1404; x_wconf 78' lang='lat' dir='ltr'>facicm</span> <span class='ocrx_word' id='word_1_97' title='bbox 883 1352 984 1417; x_wconf 82' lang='lat' dir='ltr'>trram,</span> <span class='ocrx_word' id='word_1_98' title='bbox 1011 1341 1066 1426; x_wconf 90' lang='lat' dir='ltr'>qui</span> <span class='ocrx_word' id='word_1_99' title='bbox 1087 1359 1184 1426; x_wconf 60' lang='lat' dir='ltr'>praed</span> 
     </span>
     <span class='ocr_line' id='line_1_12' title="bbox 42 1438 1180 1526; baseline 0 -21"><span class='ocrx_word' id='word_1_100' title='bbox 42 1439 170 1526; x_wconf 85' lang='lat' dir='ltr'>parabit</span> <span class='ocrx_word' id='word_1_101' title='bbox 193 1441 277 1503; x_wconf 78' lang='lat' dir='ltr'>viam</span> <span class='ocrx_word' id='word_1_102' title='bbox 300 1448 383 1526; x_wconf 83' lang='lat' dir='ltr'>tuaru</span> <span class='ocrx_word' id='word_1_103' title='bbox 407 1449 481 1502; x_wconf 86' lang='lat' dir='ltr'>onte</span> <span class='ocrx_word' id='word_1_104' title='bbox 504 1447 551 1504; x_wconf 72' lang='lat' dir='ltr'>te,</span> <span class='ocrx_word' id='word_1_105' title='bbox 586 1439 636 1503; x_wconf 79' lang='lat'>28.</span> <span class='ocrx_word' id='word_1_106' title='bbox 659 1441 745 1504; x_wconf 87' lang='lat' dir='ltr'><strong>Dico</strong></span> <span class='ocrx_word' id='word_1_107' title='bbox 769 1443 852 1506; x_wconf 88' lang='lat' dir='ltr'>enirn</span> <span class='ocrx_word' id='word_1_108' title='bbox 875 1438 983 1516; x_wconf 85' lang='lat' dir='ltr'>vohis,</span> <span class='ocrx_word' id='word_1_109' title='bbox 1011 1441 1114 1508; x_wconf 84' lang='lat' dir='ltr'>maior</span> <span class='ocrx_word' id='word_1_110' title='bbox 1133 1441 1180 1505; x_wconf 88' lang='lat' dir='ltr'>in·</span> 
     </span>
     <span class='ocr_line' id='line_1_13' title="bbox 42 1536 1180 1626; baseline -0.002 -20"><span class='ocrx_word' id='word_1_111' title='bbox 42 1555 87 1606; x_wconf 91' lang='lat' dir='ltr'>ter</span> <span class='ocrx_word' id='word_1_112' title='bbox 107 1551 207 1606; x_wconf 79' lang='lat' dir='ltr'>natos</span> <span class='ocrx_word' id='word_1_113' title='bbox 232 1561 271 1604; x_wconf 86' lang='lat' dir='ltr'>cx</span> <span class='ocrx_word' id='word_1_114' title='bbox 292 1536 482 1604; x_wconf 87' lang='lat' dir='ltr'>mulieribus</span> <span class='ocrx_word' id='word_1_115' title='bbox 503 1539 664 1623; x_wconf 80' lang='lat' dir='ltr'><strong>Propheta</strong></span> <span class='ocrx_word' id='word_1_116' title='bbox 687 1541 807 1605; x_wconf 87' lang='lat' dir='ltr'>loanne</span> <span class='ocrx_word' id='word_1_117' title='bbox 822 1542 962 1626; x_wconf 84' lang='lat' dir='ltr'>Baptista</span> <span class='ocrx_word' id='word_1_118' title='bbox 985 1539 1094 1604; x_wconf 82' lang='lat' dir='ltr'>nullus</span> <span class='ocrx_word' id='word_1_119' title='bbox 1117 1551 1180 1604; x_wconf 73' lang='lat' dir='ltr'>este</span> 
     </span>
     <span class='ocr_line' id='line_1_14' title="bbox 41 1637 1180 1728; baseline -0.004 -22"><span class='ocrx_word' id='word_1_120' title='bbox 41 1653 181 1708; x_wconf 83' lang='lat' dir='ltr'>attamen</span> <span class='ocrx_word' id='word_1_121' title='bbox 208 1643 267 1726; x_wconf 89' lang='lat' dir='ltr'>qui</span> <span class='ocrx_word' id='word_1_122' title='bbox 300 1642 447 1704; x_wconf 86' lang='lat' dir='ltr'>minimus</span> <span class='ocrx_word' id='word_1_123' title='bbox 486 1649 534 1703; x_wconf 87' lang='lat' dir='ltr'>est</span> <span class='ocrx_word' id='word_1_124' title='bbox 566 1643 734 1726; x_wconf 80' lang='lat' dir='ltr'>iuregno</span> <span class='ocrx_word' id='word_1_125' title='bbox 769 1639 847 1720; x_wconf 86' lang='lat' dir='ltr'>Del,</span> <span class='ocrx_word' id='word_1_126' title='bbox 888 1643 994 1728; x_wconf 86' lang='lat' dir='ltr'>¹maior</span> <span class='ocrx_word' id='word_1_127' title='bbox 1026 1651 1074 1704; x_wconf 88' lang='lat' dir='ltr'>est</span> <span class='ocrx_word' id='word_1_128' title='bbox 1108 1637 1180 1704; x_wconf 92' lang='lat' dir='ltr'>illo:</span> 
     </span>
     <span class='ocr_line' id='line_1_15' title="bbox 42 1727 1182 1838; baseline -0.003 -31"><span class='ocrx_word' id='word_1_129' title='bbox 42 1745 131 1809; x_wconf 77' lang='lat' dir='ltr'>xvi:</span> <span class='ocrx_word' id='word_1_130' title='bbox 173 1743 223 1806; x_wconf 81' lang='lat'>16.</span> <span class='ocrx_word' id='word_1_131' title='bbox 245 1741 312 1804; x_wconf 81' lang='lat' dir='ltr'>Lex</span> <span class='ocrx_word' id='word_1_132' title='bbox 335 1753 366 1805; x_wconf 89' lang='lat' dir='ltr'>ct</span> <span class='ocrx_word' id='word_1_133' title='bbox 388 1740 570 1831; x_wconf 76' lang='lat' dir='ltr'>Prophetae</span> <span class='ocrx_word' id='word_1_134' title='bbox 592 1765 693 1828; x_wconf 88' lang='lat' dir='ltr'>usquc</span> <span class='ocrx_word' id='word_1_135' title='bbox 717 1743 756 1808; x_wconf 85' lang='lat' dir='ltr'>ad</span> <span class='ocrx_word' id='word_1_136' title='bbox 781 1745 949 1809; x_wconf 87' lang='lat' dir='ltr'>loannem:</span> <span class='ocrx_word' id='word_1_137' title='bbox 973 1741 1014 1807; x_wconf 88' lang='lat' dir='ltr'>ab</span> <span class='ocrx_word' id='word_1_138' title='bbox 1038 1762 1078 1806; x_wconf 87' lang='lat' dir='ltr'>eo</span> <span class='ocrx_word' id='word_1_139' title='bbox 1101 1727 1182 1838; x_wconf 48' lang='lat' dir='ltr'>tenu-1</span> 
     </span>
     <span class='ocr_line' id='line_1_16' title="bbox 41 1841 1181 1929; baseline -0.004 -20"><span class='ocrx_word' id='word_1_140' title='bbox 41 1865 122 1929; x_wconf 89' lang='lat' dir='ltr'>pore</span> <span class='ocrx_word' id='word_1_141' title='bbox 143 1864 280 1929; x_wconf 80' lang='lat' dir='ltr'>regnum</span> <span class='ocrx_word' id='word_1_142' title='bbox 293 1842 356 1904; x_wconf 88' lang='lat' dir='ltr'>Dei</span> <span class='ocrx_word' id='word_1_143' title='bbox 378 1846 594 1921; x_wconf 84' lang='lat' dir='ltr'>annuntiatur,</span> <span class='ocrx_word' id='word_1_144' title='bbox 617 1855 648 1908; x_wconf 90' lang='lat' dir='ltr'>ot</span> <span class='ocrx_word' id='word_1_145' title='bbox 670 1865 782 1910; x_wconf 77' lang='lat' dir='ltr'>ornnes</span> <span class='ocrx_word' id='word_1_146' title='bbox 802 1849 836 1910; x_wconf 89' lang='lat' dir='ltr'>in</span> <span class='ocrx_word' id='word_1_147' title='bbox 859 1844 941 1910; x_wconf 91' lang='lat' dir='ltr'>illud</span> <span class='ocrx_word' id='word_1_148' title='bbox 962 1847 1025 1908; x_wconf 79' lang='lat' dir='ltr'>nim</span> <span class='ocrx_word' id='word_1_149' title='bbox 1048 1841 1181 1908; x_wconf 58' lang='lat' dir='ltr'>fuciunt»</span> 
     </span>
    </p>
   </div>
   <div class='ocr_carea' id='block_1_4' title="bbox 42 1987 1283 4451">
    <p class='ocr_par' dir='ltr' id='par_1_4' title="bbox 42 1987 1257 3072">
     <span class='ocr_line' id='line_1_17' title="bbox 116 1987 1176 2057; baseline -0.003 -3"><span class='ocrx_word' id='word_1_150' title='bbox 116 1993 223 2054; x_wconf 80' lang='lat' dir='ltr'>hlatth.</span> <span class='ocrx_word' id='word_1_151' title='bbox 243 1999 273 2057; x_wconf 84' lang='lat'>7·</span> <span class='ocrx_word' id='word_1_152' title='bbox 312 1987 453 2050; x_wconf 70' lang='lat' dir='ltr'>Euntibus</span> <span class='ocrx_word' id='word_1_153' title='bbox 471 2007 565 2052; x_wconf 66' lang='lat' dir='ltr'>oweno</span> <span class='ocrx_word' id='word_1_154' title='bbox 581 1992 642 2052; x_wconf 77' lang='lat' dir='ltr'>illie</span> <span class='ocrx_word' id='word_1_155' title='bbox 660 2007 711 2053; x_wconf 81' lang='lat' dir='ltr'>etc.</span> <span class='ocrx_word' id='word_1_156' title='bbox 752 1993 949 2056; x_wconf 82' lang='lat' dir='ltr'><strong>Commendat</strong></span> <span class='ocrx_word' id='word_1_157' title='bbox 970 1991 1104 2052; x_wconf 81' lang='lat' dir='ltr'>Christus</span> <span class='ocrx_word' id='word_1_158' title='bbox 1123 1991 1176 2051; x_wconf 88' lang='lat' dir='ltr'>Io-</span> 
     </span>
     <span class='ocr_line' id='line_1_18' title="bbox 42 2063 1174 2150; baseline -0.004 -20"><span class='ocrx_word' id='word_1_159' title='bbox 42 2093 145 2131; x_wconf 85' lang='lat' dir='ltr'>annem</span> <span class='ocrx_word' id='word_1_160' title='bbox 168 2069 296 2150; x_wconf 84' lang='lat' dir='ltr'>populo,</span> <span class='ocrx_word' id='word_1_161' title='bbox 316 2079 347 2127; x_wconf 89' lang='lat' dir='ltr'>ut</span> <span class='ocrx_word' id='word_1_162' title='bbox 366 2068 506 2128; x_wconf 87' lang='lat' dir='ltr'>memoria</span> <span class='ocrx_word' id='word_1_163' title='bbox 528 2063 754 2148; x_wconf 80' lang='lat' dir='ltr'>repetantquod</span> <span class='ocrx_word' id='word_1_164' title='bbox 774 2063 927 2132; x_wconf 83' lang='lat' dir='ltr'>aridiorant</span> <span class='ocrx_word' id='word_1_165' title='bbox 947 2092 980 2130; x_wconf 84' lang='lat' dir='ltr'>ex</span> <span class='ocrx_word' id='word_1_166' title='bbox 1001 2069 1076 2148; x_wconf 90' lang='lat' dir='ltr'>ipso,</span> <span class='ocrx_word' id='word_1_167' title='bbox 1097 2067 1174 2126; x_wconf 83' lang='lat' dir='ltr'>eius-</span> 
     </span>
     <span class='ocr_line' id='line_1_19' title="bbox 43 2143 1257 2226; baseline -0.005 -20"><span class='ocrx_word' id='word_1_168' title='bbox 43 2170 97 2226; x_wconf 86' lang='lat' dir='ltr'>que</span> <span class='ocrx_word' id='word_1_169' title='bbox 118 2145 292 2208; x_wconf 84' lang='lat' dir='ltr'>testirrtonio</span> <span class='ocrx_word' id='word_1_170' title='bbox 313 2143 441 2204; x_wconf 79' lang='lat' dir='ltr'>habeant</span> <span class='ocrx_word' id='word_1_171' title='bbox 458 2145 553 2204; x_wconf 84' lang='lat' dir='ltr'>fidem.</span> <span class='ocrx_word' id='word_1_172' title='bbox 594 2146 723 2210; x_wconf 78' lang='lat' dir='ltr'>Celebre</span> <span class='ocrx_word' id='word_1_173' title='bbox 744 2148 822 2208; x_wconf 86' lang='lat' dir='ltr'>enim</span> <span class='ocrx_word' id='word_1_174' title='bbox 843 2159 905 2207; x_wconf 85' lang='lat' dir='ltr'>erat</span> <span class='ocrx_word' id='word_1_175' title='bbox 924 2147 1014 2226; x_wconf 83' lang='lat' dir='ltr'>vulgo</span> <span class='ocrx_word' id='word_1_176' title='bbox 1036 2145 1097 2204; x_wconf 85' lang='lat' dir='ltr'>eius</span> <span class='ocrx_word' id='word_1_177' title='bbox 1117 2163 1174 2201; x_wconf 86' lang='lat' dir='ltr'>no·</span> <span class='ocrx_word' id='word_1_178' title='bbox 1255 2203 1257 2210; x_wconf 67' lang='grc'><em>,</em></span> 
     </span>
     <span class='ocr_line' id='line_1_20' title="bbox 42 2219 1176 2300; baseline -0.004 -18"><span class='ocrx_word' id='word_1_179' title='bbox 42 2245 123 2297; x_wconf 83' lang='lat' dir='ltr'>rnen,</span> <span class='ocrx_word' id='word_1_180' title='bbox 144 2237 176 2286; x_wconf 89' lang='lat' dir='ltr'>et</span> <span class='ocrx_word' id='word_1_181' title='bbox 196 2223 363 2282; x_wconf 87' lang='lat' dir='ltr'>honorifice</span> <span class='ocrx_word' id='word_1_182' title='bbox 384 2222 420 2280; x_wconf 91' lang='lat' dir='ltr'>de</span> <span class='ocrx_word' id='word_1_183' title='bbox 441 2221 713 2300; x_wconf 60' lang='lat' dir='ltr'>conloquebantur:</span> <span class='ocrx_word' id='word_1_184' title='bbox 736 2223 870 2284; x_wconf 86' lang='lat' dir='ltr'>doctrina</span> <span class='ocrx_word' id='word_1_185' title='bbox 891 2235 989 2283; x_wconf 79' lang='lat' dir='ltr'>autern</span> <span class='ocrx_word' id='word_1_186' title='bbox 1009 2221 1123 2280; x_wconf 88' lang='lat' dir='ltr'>minore</span> <span class='ocrx_word' id='word_1_187' title='bbox 1143 2219 1176 2278; x_wconf 93' lang='lat' dir='ltr'>in</span> 
     </span>
     <span class='ocr_line' id='line_1_21' title="bbox 42 2297 1192 2380; baseline -0.006 -20"><span class='ocrx_word' id='word_1_188' title='bbox 42 2303 137 2380; x_wconf 88' lang='lat' dir='ltr'>pretio</span> <span class='ocrx_word' id='word_1_189' title='bbox 160 2311 234 2372; x_wconf 80' lang='lat' dir='ltr'>erat,</span> <span class='ocrx_word' id='word_1_190' title='bbox 254 2299 314 2358; x_wconf 89' lang='lat' dir='ltr'>imo</span> <span class='ocrx_word' id='word_1_191' title='bbox 336 2298 421 2376; x_wconf 86' lang='lat' dir='ltr'>pauci</span> <span class='ocrx_word' id='word_1_192' title='bbox 442 2310 540 2372; x_wconf 76' lang='lat' dir='ltr'>erant,</span> <span class='ocrx_word' id='word_1_193' title='bbox 560 2299 610 2376; x_wconf 89' lang='lat' dir='ltr'>qui</span> <span class='ocrx_word' id='word_1_194' title='bbox 629 2299 817 2358; x_wconf 86' lang='lat' dir='ltr'>attenderent</span> <span class='ocrx_word' id='word_1_195' title='bbox 836 2302 871 2360; x_wconf 87' lang='lat' dir='ltr'>ad</span> <span class='ocrx_word' id='word_1_196' title='bbox 893 2300 954 2358; x_wconf 81' lang='lat' dir='ltr'>eius</span> <span class='ocrx_word' id='word_1_197' title='bbox 973 2297 1192 2376; x_wconf 86' lang='lat' dir='ltr'>ministerium.¹</span> 
     </span>
     <span class='ocr_line' id='line_1_22' title="bbox 44 2369 1176 2453; baseline -0.005 -17"><span class='ocrx_word' id='word_1_198' title='bbox 44 2379 315 2440; x_wconf 79' lang='lat' dir='ltr'>hdruonet&#39;autcnr</span> <span class='ocrx_word' id='word_1_199' title='bbox 342 2374 490 2448; x_wconf 85' lang='lat' dir='ltr'>Christus,</span> <span class='ocrx_word' id='word_1_200' title='bbox 521 2394 572 2434; x_wconf 90' lang='lat' dir='ltr'>eos</span> <span class='ocrx_word' id='word_1_201' title='bbox 598 2393 718 2453; x_wconf 84' lang='lat' dir='ltr'>operam</span> <span class='ocrx_word' id='word_1_202' title='bbox 743 2375 860 2448; x_wconf 55' lang='lat' dir='ltr'>lusisset</span> <span class='ocrx_word' id='word_1_203' title='bbox 891 2375 942 2453; x_wconf 91' lang='lat' dir='ltr'>qui</span> <span class='ocrx_word' id='word_1_204' title='bbox 969 2375 1030 2438; x_wconf 79' lang='lat' dir='ltr'>eius</span> <span class='ocrx_word' id='word_1_205' title='bbox 1056 2369 1176 2432; x_wconf 88' lang='lat' dir='ltr'>videndi</span> 
     </span>
     <span class='ocr_line' id='line_1_23' title="bbox 43 2447 1176 2531; baseline -0.008 -16"><span class='ocrx_word' id='word_1_206' title='bbox 43 2477 125 2514; x_wconf 79' lang='lat' dir='ltr'>causa</span> <span class='ocrx_word' id='word_1_207' title='bbox 145 2453 176 2514; x_wconf 88' lang='lat' dir='ltr'>in</span> <span class='ocrx_word' id='word_1_208' title='bbox 198 2449 346 2512; x_wconf 82' lang='lat' dir='ltr'>desertum</span> <span class='ocrx_word' id='word_1_209' title='bbox 367 2452 494 2531; x_wconf 81' lang='lat' dir='ltr'>proiecti</span> <span class='ocrx_word' id='word_1_210' title='bbox 516 2463 609 2524; x_wconf 83' lang='lat' dir='ltr'>erant,</span> <span class='ocrx_word' id='word_1_211' title='bbox 630 2451 687 2511; x_wconf 90' lang='lat' dir='ltr'>nisi</span> <span class='ocrx_word' id='word_1_212' title='bbox 707 2463 880 2512; x_wconf 78' lang='lat' dir='ltr'>reverenter</span> <span class='ocrx_word' id='word_1_213' title='bbox 898 2462 1011 2511; x_wconf 86' lang='lat' dir='ltr'>ruentes</span> <span class='ocrx_word' id='word_1_214' title='bbox 1031 2460 1062 2508; x_wconf 89' lang='lat' dir='ltr'>et</span> <span class='ocrx_word' id='word_1_215' title='bbox 1080 2447 1176 2508; x_wconf 80' lang='lat' dir='ltr'>studia</span> 
     </span>
     <span class='ocr_line' id='line_1_24' title="bbox 42 2526 1177 2612; baseline -0.009 -22"><span class='ocrx_word' id='word_1_216' title='bbox 42 2553 88 2591; x_wconf 76' lang='lat' dir='ltr'>sua</span> <span class='ocrx_word' id='word_1_217' title='bbox 109 2530 264 2612; x_wconf 84' lang='lat' dir='ltr'>applicent</span> <span class='ocrx_word' id='word_1_218' title='bbox 283 2529 319 2588; x_wconf 86' lang='lat' dir='ltr'>ad</span> <span class='ocrx_word' id='word_1_219' title='bbox 340 2527 401 2588; x_wconf 82' lang='lat' dir='ltr'>eius</span> <span class='ocrx_word' id='word_1_220' title='bbox 421 2527 594 2589; x_wconf 75' lang='lat' dir='ltr'>taurinam.</span> <span class='ocrx_word' id='word_1_221' title='bbox 633 2527 737 2606; x_wconf 86' lang='lat' dir='ltr'>Itaque</span> <span class='ocrx_word' id='word_1_222' title='bbox 756 2547 856 2588; x_wconf 83' lang='lat' dir='ltr'>sensus</span> <span class='ocrx_word' id='word_1_223' title='bbox 874 2526 1034 2588; x_wconf 86' lang='lat' dir='ltr'>verborum</span> <span class='ocrx_word' id='word_1_224' title='bbox 1054 2533 1107 2596; x_wconf 72' lang='lat' dir='ltr'>est,</span> <span class='ocrx_word' id='word_1_225' title='bbox 1127 2543 1177 2580; x_wconf 83' lang='lat' dir='ltr'>voe</span> 
     </span>
     <span class='ocr_line' id='line_1_25' title="bbox 42 2593 1175 2672; baseline -0.011 -4"><span class='ocrx_word' id='word_1_226' title='bbox 42 2613 141 2668; x_wconf 65' lang='lat' dir='ltr'>ericus</span> <span class='ocrx_word' id='word_1_227' title='bbox 159 2611 193 2666; x_wconf 80' lang='lat' dir='ltr'>in</span> <span class='ocrx_word' id='word_1_228' title='bbox 206 2593 362 2666; x_wconf 64' lang='lat' dir='ltr'>decenum.</span> <span class='ocrx_word' id='word_1_229' title='bbox 403 2605 498 2664; x_wconf 87' lang='lat' dir='ltr'>Stulta</span> <span class='ocrx_word' id='word_1_230' title='bbox 520 2604 644 2665; x_wconf 88' lang='lat' dir='ltr'>omnino</span> <span class='ocrx_word' id='word_1_231' title='bbox 664 2616 694 2664; x_wconf 87' lang='lat' dir='ltr'>et</span> <span class='ocrx_word' id='word_1_232' title='bbox 712 2602 834 2666; x_wconf 86' lang='lat' dir='ltr'>ridicula</span> <span class='ocrx_word' id='word_1_233' title='bbox 855 2603 955 2663; x_wconf 80' lang='lat' dir='ltr'>luisset</span> <span class='ocrx_word' id='word_1_234' title='bbox 975 2599 1092 2672; x_wconf 81' lang='lat' dir='ltr'>levitas,</span> <span class='ocrx_word' id='word_1_235' title='bbox 1119 2597 1175 2656; x_wconf 86' lang='lat' dir='ltr'>nisi</span> 
     </span>
     <span class='ocr_line' id='line_1_26' title="bbox 43 2677 1175 2771; baseline -0.011 -27"><span class='ocrx_word' id='word_1_236' title='bbox 43 2683 264 2746; x_wconf 83' lang='lat' dir='ltr'>certum-finem</span> <span class='ocrx_word' id='word_1_237' title='bbox 284 2682 408 2744; x_wconf 87' lang='lat' dir='ltr'>haberet</span> <span class='ocrx_word' id='word_1_238' title='bbox 425 2695 519 2742; x_wconf 81' lang='lat' dir='ltr'>vestra</span> <span class='ocrx_word' id='word_1_239' title='bbox 540 2681 699 2762; x_wconf 77' lang='lat' dir='ltr'>profectio.</span> <span class='ocrx_word' id='word_1_240' title='bbox 738 2681 828 2771; x_wconf 78' lang='lat' dir='ltr'>Atqui</span> <span class='ocrx_word' id='word_1_241' title='bbox 851 2699 948 2760; x_wconf 88' lang='lat' dir='ltr'>neque</span> <span class='ocrx_word' id='word_1_242' title='bbox 967 2677 1068 2736; x_wconf 90' lang='lat' dir='ltr'>mundi</span> <span class='ocrx_word' id='word_1_243' title='bbox 1088 2694 1175 2764; x_wconf 77' lang='lat' dir='ltr'>porn-</span> 
     </span>
     <span class='ocr_line' id='line_1_27' title="bbox 43 2750 1178 2840; baseline -0.011 -18"><span class='ocrx_word' id='word_1_244' title='bbox 43 2783 118 2840; x_wconf 75' lang='lat' dir='ltr'>pm,</span> <span class='ocrx_word' id='word_1_245' title='bbox 138 2779 237 2840; x_wconf 84' lang='lat' dir='ltr'>neque</span> <span class='ocrx_word' id='word_1_246' title='bbox 258 2760 368 2840; x_wconf 84' lang='lat' dir='ltr'>aliquid</span> <span class='ocrx_word' id='word_1_247' title='bbox 388 2759 531 2819; x_wconf 78' lang='lat' dir='ltr'>ludicrum</span> <span class='ocrx_word' id='word_1_248' title='bbox 552 2757 718 2837; x_wconf 79' lang='lat' dir='ltr'>quaesistis,</span> <span class='ocrx_word' id='word_1_249' title='bbox 738 2758 789 2818; x_wconf 87' lang='lat' dir='ltr'>sed</span> <span class='ocrx_word' id='word_1_250' title='bbox 808 2757 894 2818; x_wconf 78' lang='lat' dir='ltr'>vohis</span> <span class='ocrx_word' id='word_1_251' title='bbox 914 2753 1099 2837; x_wconf 87' lang='lat' dir='ltr'>propositum</span> <span class='ocrx_word' id='word_1_252' title='bbox 1120 2750 1178 2810; x_wconf 80' lang='lat' dir='ltr'>furt</span> 
     </span>
     <span class='ocr_line' id='line_1_28' title="bbox 44 2831 1175 2918; baseline -0.01 -22"><span class='ocrx_word' id='word_1_253' title='bbox 44 2839 143 2899; x_wconf 82' lang='lat' dir='ltr'>audire</span> <span class='ocrx_word' id='word_1_254' title='bbox 162 2856 269 2899; x_wconf 82' lang='lat' dir='ltr'>rocem</span> <span class='ocrx_word' id='word_1_255' title='bbox 289 2837 347 2897; x_wconf 90' lang='lat' dir='ltr'>Dei</span> <span class='ocrx_word' id='word_1_256' title='bbox 373 2857 406 2898; x_wconf 84' lang='lat' dir='ltr'>ex</span> <span class='ocrx_word' id='word_1_257' title='bbox 432 2857 484 2896; x_wconf 93' lang='lat' dir='ltr'>ore</span> <span class='ocrx_word' id='word_1_258' title='bbox 504 2835 683 2918; x_wconf 78' lang='lat' dir='ltr'>Prophetae.</span> <span class='ocrx_word' id='word_1_259' title='bbox 722 2837 808 2894; x_wconf 90' lang='lat' dir='ltr'>Nunc</span> <span class='ocrx_word' id='word_1_260' title='bbox 834 2853 906 2916; x_wconf 81' lang='lat' dir='ltr'>ergo</span> <span class='ocrx_word' id='word_1_261' title='bbox 928 2843 961 2893; x_wconf 91' lang='lat' dir='ltr'>ut</span> <span class='ocrx_word' id='word_1_262' title='bbox 979 2831 1105 2890; x_wconf 83' lang='lat' dir='ltr'>fructum</span> <span class='ocrx_word' id='word_1_263' title='bbox 1126 2848 1175 2886; x_wconf 89' lang='lat' dir='ltr'>re-</span> 
     </span>
     <span class='ocr_line' id='line_1_29' title="bbox 45 2903 1173 2989; baseline -0.007 -17"><span class='ocrx_word' id='word_1_264' title='bbox 45 2916 143 2976; x_wconf 82' lang='lat' dir='ltr'>seratis</span> <span class='ocrx_word' id='word_1_265' title='bbox 163 2912 281 2976; x_wconf 84' lang='lat' dir='ltr'>consilii</span> <span class='ocrx_word' id='word_1_266' title='bbox 300 2913 405 2989; x_wconf 86' lang='lat' dir='ltr'>vestri,</span> <span class='ocrx_word' id='word_1_267' title='bbox 425 2910 583 2972; x_wconf 87' lang='lat' dir='ltr'>memoriae</span> <span class='ocrx_word' id='word_1_268' title='bbox 603 2924 717 2975; x_wconf 84' lang='lat' dir='ltr'>vestrae</span> <span class='ocrx_word' id='word_1_269' title='bbox 737 2911 855 2984; x_wconf 83' lang='lat' dir='ltr'>infixum</span> <span class='ocrx_word' id='word_1_270' title='bbox 876 2920 1007 2984; x_wconf 83' lang='lat' dir='ltr'>maneat,</span> <span class='ocrx_word' id='word_1_271' title='bbox 1027 2903 1107 2986; x_wconf 85' lang='lat' dir='ltr'>quod</span> <span class='ocrx_word' id='word_1_272' title='bbox 1127 2903 1173 2964; x_wconf 93' lang='lat' dir='ltr'>lo-</span> 
     </span>
     <span class='ocr_line' id='line_1_30' title="bbox 45 2991 1176 3072; baseline -0.009 -20"><span class='ocrx_word' id='word_1_273' title='bbox 45 2995 150 3070; x_wconf 83' lang='lat' dir='ltr'>quntus&#39;</span> <span class='ocrx_word' id='word_1_274' title='bbox 169 3003 214 3051; x_wconf 81' lang='lat' dir='ltr'>est</span> <span class='ocrx_word' id='word_1_275' title='bbox 234 2991 294 3051; x_wconf 85' lang='lat' dir='ltr'>ille.</span> <span class='ocrx_word' id='word_1_276' title='bbox 1129 3058 1136 3072; x_wconf 30' lang='grc' dir='ltr'><strong><em>ι</em></strong></span> <span class='ocrx_word' id='word_1_277' title='bbox 1167 3034 1176 3072; x_wconf 88' lang='lat'>.·</span> 
     </span>
    </p>

    <p class='ocr_par' dir='ltr' id='par_1_5' title="bbox 45 3057 1283 3610">
     <span class='ocr_line' id='line_1_31' title="bbox 95 3057 1176 3150; baseline -0.013 -20"><span class='ocrx_word' id='word_1_278' title='bbox 95 3075 146 3135; x_wconf 83' lang='grc'>,8.</span> <span class='ocrx_word' id='word_1_279' title='bbox 189 3067 249 3150; x_wconf 80' lang='lat' dir='ltr'>Qui</span> <span class='ocrx_word' id='word_1_280' title='bbox 277 3067 376 3128; x_wconf 77' lang='lat' dir='ltr'>mollia</span> <span class='ocrx_word' id='word_1_281' title='bbox 404 3081 524 3145; x_wconf 73' lang='lat' dir='ltr'>gestum.</span> <span class='ocrx_word' id='word_1_282' title='bbox 575 3067 730 3128; x_wconf 86' lang='lat' dir='ltr'>Falluntur</span> <span class='ocrx_word' id='word_1_283' title='bbox 756 3067 806 3145; x_wconf 91' lang='lat' dir='ltr'>qui</span> <span class='ocrx_word' id='word_1_284' title='bbox 831 3074 951 3146; x_wconf 83' lang='lat' dir='ltr'>putant,</span> <span class='ocrx_word' id='word_1_285' title='bbox 981 3063 1038 3123; x_wconf 90' lang='lat' dir='ltr'>hoc</span> <span class='ocrx_word' id='word_1_286' title='bbox 1064 3057 1176 3148; x_wconf 73' lang='lat' dir='ltr'>Christi</span> 
     </span>
     <span class='ocr_line' id='line_1_32' title="bbox 45 3136 1175 3221; baseline -0.01 -17"><span class='ocrx_word' id='word_1_287' title='bbox 45 3145 119 3206; x_wconf 82' lang='lat' dir='ltr'>dicta</span> <span class='ocrx_word' id='word_1_288' title='bbox 140 3143 248 3206; x_wconf 72' lang='lat' dir='ltr'>edicas</span> <span class='ocrx_word' id='word_1_289' title='bbox 268 3144 393 3204; x_wconf 75' lang='lat' dir='ltr'>lautitiae</span> <span class='ocrx_word' id='word_1_290' title='bbox 413 3145 556 3204; x_wconf 81' lang='lat' dir='ltr'>damnari:</span> <span class='ocrx_word' id='word_1_291' title='bbox 577 3145 625 3204; x_wconf 83' lang='lat' dir='ltr'>alii</span> <span class='ocrx_word' id='word_1_292' title='bbox 646 3157 713 3204; x_wconf 92' lang='lat' dir='ltr'>sunt</span> <span class='ocrx_word' id='word_1_293' title='bbox 732 3142 791 3204; x_wconf 91' lang='lat' dir='ltr'>loci</span> <span class='ocrx_word' id='word_1_294' title='bbox 804 3143 979 3221; x_wconf 85' lang='lat' dir='ltr'>complures,</span> <span class='ocrx_word' id='word_1_295' title='bbox 998 3138 1049 3197; x_wconf 91' lang='lat' dir='ltr'>uhi</span> <span class='ocrx_word' id='word_1_296' title='bbox 1062 3136 1175 3196; x_wconf 80' lang='lat' dir='ltr'>hrxurra</span> 
     </span>
     <span class='ocr_line' id='line_1_33' title="bbox 45 3213 1175 3301; baseline -0.009 -21"><span class='ocrx_word' id='word_1_297' title='bbox 45 3223 74 3280; x_wconf 93' lang='lat' dir='ltr'>in</span> <span class='ocrx_word' id='word_1_298' title='bbox 93 3223 202 3282; x_wconf 79' lang='lat' dir='ltr'>vestitu</span> <span class='ocrx_word' id='word_1_299' title='bbox 230 3234 259 3280; x_wconf 90' lang='lat' dir='ltr'>et</span> <span class='ocrx_word' id='word_1_300' title='bbox 278 3221 449 3282; x_wconf 85' lang='lat' dir='ltr'>immodicus</span> <span class='ocrx_word' id='word_1_301' title='bbox 469 3223 549 3280; x_wconf 88' lang='lat' dir='ltr'>nitor</span> <span class='ocrx_word' id='word_1_302' title='bbox 568 3220 805 3301; x_wconf 79' lang='lat' dir='ltr'>reprehenditur.</span> <span class='ocrx_word' id='word_1_303' title='bbox 844 3217 905 3278; x_wconf 86' lang='lat' dir='ltr'>Sed</span> <span class='ocrx_word' id='word_1_304' title='bbox 925 3217 1008 3276; x_wconf 84' lang='lat' dir='ltr'>huius</span> <span class='ocrx_word' id='word_1_305' title='bbox 1028 3213 1087 3274; x_wconf 92' lang='lat' dir='ltr'>loci</span> <span class='ocrx_word' id='word_1_306' title='bbox 1107 3232 1175 3271; x_wconf 89' lang='lat' dir='ltr'>sen-</span> 
     </span>
     <span class='ocr_line' id='line_1_34' title="bbox 46 3287 1176 3378; baseline -0.009 -20"><span class='ocrx_word' id='word_1_307' title='bbox 46 3321 88 3358; x_wconf 79' lang='lat' dir='ltr'>sus</span> <span class='ocrx_word' id='word_1_308' title='bbox 115 3311 160 3359; x_wconf 84' lang='lat' dir='ltr'>est</span> <span class='ocrx_word' id='word_1_309' title='bbox 185 3297 363 3378; x_wconf 83' lang='lat' dir='ltr'><strong>simplicior,</strong></span> <span class='ocrx_word' id='word_1_310' title='bbox 402 3298 475 3358; x_wconf 86' lang='lat' dir='ltr'>nihil</span> <span class='ocrx_word' id='word_1_311' title='bbox 499 3298 586 3358; x_wconf 86' lang='lat' dir='ltr'>luisse</span> <span class='ocrx_word' id='word_1_312' title='bbox 613 3297 671 3358; x_wconf 89' lang='lat' dir='ltr'>tale</span> <span class='ocrx_word' id='word_1_313' title='bbox 698 3297 729 3356; x_wconf 89' lang='lat' dir='ltr'>in</span> <span class='ocrx_word' id='word_1_314' title='bbox 754 3297 888 3368; x_wconf 86' lang='lat' dir='ltr'>deserto,</span> <span class='ocrx_word' id='word_1_315' title='bbox 949 3293 1008 3354; x_wconf 92' lang='lat' dir='ltr'>uod</span> <span class='ocrx_word' id='word_1_316' title='bbox 1032 3287 1176 3370; x_wconf 87' lang='lat' dir='ltr'>populum</span> 
     </span>
     <span class='ocr_line' id='line_1_35' title="bbox 47 3316 1174 3455; baseline -0.01 -21"><span class='ocrx_word' id='word_1_317' title='bbox 47 3376 175 3455; x_wconf 87' lang='lat' dir='ltr'>undique</span> <span class='ocrx_word' id='word_1_318' title='bbox 189 3375 334 3436; x_wconf 73' lang='lat' dir='ltr'>alliceret:</span> <span class='ocrx_word' id='word_1_319' title='bbox 354 3375 414 3434; x_wconf 91' lang='lat' dir='ltr'>illic</span> <span class='ocrx_word' id='word_1_320' title='bbox 431 3375 509 3436; x_wconf 88' lang='lat' dir='ltr'>enim</span> <span class='ocrx_word' id='word_1_321' title='bbox 530 3374 640 3435; x_wconf 82' lang='lat' dir='ltr'>inculta</span> <span class='ocrx_word' id='word_1_322' title='bbox 661 3373 758 3433; x_wconf 86' lang='lat' dir='ltr'>omnia</span> <span class='ocrx_word' id='word_1_323' title='bbox 779 3385 809 3432; x_wconf 89' lang='lat' dir='ltr'>et</span> <span class='ocrx_word' id='word_1_324' title='bbox 828 3316 958 3450; x_wconf 74' lang='lat' dir='ltr'>squalida</span> <span class='ocrx_word' id='word_1_325' title='bbox 979 3368 1078 3440; x_wconf 82' lang='lat' dir='ltr'>luisse,</span> <span class='ocrx_word' id='word_1_326' title='bbox 1100 3385 1174 3445; x_wconf 90' lang='lat' dir='ltr'>quae</span> 
     </span>
     <span class='ocr_line' id='line_1_36' title="bbox 46 3441 1283 3532; baseline -0.009 -22"><span class='ocrx_word' id='word_1_327' title='bbox 46 3451 116 3513; x_wconf 91' lang='lat' dir='ltr'>nihil</span> <span class='ocrx_word' id='word_1_328' title='bbox 138 3473 224 3530; x_wconf 85' lang='lat' dir='ltr'>quarn</span> <span class='ocrx_word' id='word_1_329' title='bbox 244 3452 372 3512; x_wconf 86' lang='lat' dir='ltr'>taedium</span> <span class='ocrx_word' id='word_1_330' title='bbox 393 3451 548 3512; x_wconf 85' lang='lat' dir='ltr'>allerrent:</span> <span class='ocrx_word' id='word_1_331' title='bbox 576 3451 745 3532; x_wconf 73' lang='lat' dir='ltr'>&#39;elegantem</span> <span class='ocrx_word' id='word_1_332' title='bbox 766 3449 891 3522; x_wconf 84' lang='lat' dir='ltr'>cultum,</span> <span class='ocrx_word' id='word_1_333' title='bbox 923 3447 973 3526; x_wconf 92' lang='lat' dir='ltr'>qui</span> <span class='ocrx_word' id='word_1_334' title='bbox 1000 3444 1102 3505; x_wconf 89' lang='lat' dir='ltr'>oculos</span> <span class='ocrx_word' id='word_1_335' title='bbox 1123 3441 1176 3502; x_wconf 88' lang='lat' dir='ltr'>de·</span> <span class='ocrx_word' id='word_1_336' title='bbox 1274 3467 1283 3494; x_wconf 75' lang='lat' dir='ltr'>r</span> 
     </span>
     <span class='ocr_line' id='line_1_37' title="bbox 45 3527 1055 3610; baseline -0.005 -23"><span class='ocrx_word' id='word_1_337' title='bbox 45 3527 149 3600; x_wconf 67' lang='lat' dir='ltr'>ledet,</span> <span class='ocrx_word' id='word_1_338' title='bbox 175 3528 275 3609; x_wconf 89' lang='lat' dir='ltr'>potius</span> <span class='ocrx_word' id='word_1_339' title='bbox 294 3527 324 3588; x_wconf 94' lang='lat' dir='ltr'>in</span> <span class='ocrx_word' id='word_1_340' title='bbox 344 3549 447 3610; x_wconf 78' lang='lat' dir='ltr'>regum</span> <span class='ocrx_word' id='word_1_341' title='bbox 467 3528 538 3588; x_wconf 81' lang='lat' dir='ltr'>aulis</span> <span class='ocrx_word' id='word_1_342' title='bbox 557 3527 691 3608; x_wconf 85' lang='lat' dir='ltr'>spectari.</span> <span class='ocrx_word' id='word_1_343' title='bbox 1047 3596 1055 3610; x_wconf 44' lang='grc'>,</span> 
     </span>
    </p>

    <p class='ocr_par' dir='ltr' id='par_1_6' title="bbox 44 3594 1268 4451">
     <span class='ocr_line' id='line_1_38' title="bbox 119 3594 1176 3682; baseline -0.021 -11"><span class='ocrx_word' id='word_1_344' title='bbox 119 3614 167 3671; x_wconf 88' lang='lat'>11.</span> <span class='ocrx_word' id='word_1_345' title='bbox 203 3605 305 3665; x_wconf 74' lang='lat' dir='ltr'>Amen</span> <span class='ocrx_word' id='word_1_346' title='bbox 322 3603 387 3666; x_wconf 79' lang='lat' dir='ltr'>dico</span> <span class='ocrx_word' id='word_1_347' title='bbox 404 3601 483 3664; x_wconf 78' lang='lat' dir='ltr'>nobie</span> <span class='ocrx_word' id='word_1_348' title='bbox 500 3619 550 3665; x_wconf 87' lang='lat' dir='ltr'>etc.</span> <span class='ocrx_word' id='word_1_349' title='bbox 590 3605 643 3662; x_wconf 82' lang='lat' dir='ltr'>llis</span> <span class='ocrx_word' id='word_1_350' title='bbox 664 3601 759 3663; x_wconf 83' lang='lat' dir='ltr'>verbis</span> <span class='ocrx_word' id='word_1_351' title='bbox 780 3622 839 3662; x_wconf 91' lang='lat' dir='ltr'>non</span> <span class='ocrx_word' id='word_1_352' title='bbox 866 3600 957 3660; x_wconf 90' lang='lat' dir='ltr'>modo</span> <span class='ocrx_word' id='word_1_353' title='bbox 976 3607 1105 3657; x_wconf 82' lang='lat' dir='ltr'>sancitur</span> <span class='ocrx_word' id='word_1_354' title='bbox 1124 3594 1176 3682; x_wconf 72' lang='lat' dir='ltr'>io-</span> 
     </span>
     <span class='ocr_line' id='line_1_39' title="bbox 46 3673 1268 3760; baseline -0.011 -20"><span class='ocrx_word' id='word_1_355' title='bbox 46 3681 126 3742; x_wconf 78' lang='lat' dir='ltr'>annis</span> <span class='ocrx_word' id='word_1_356' title='bbox 159 3681 334 3754; x_wconf 83' lang='lat' dir='ltr'>auctoritas,</span> <span class='ocrx_word' id='word_1_357' title='bbox 373 3682 424 3740; x_wconf 85' lang='lat' dir='ltr'>sed</span> <span class='ocrx_word' id='word_1_358' title='bbox 455 3703 541 3760; x_wconf 87' lang='lat' dir='ltr'>supra</span> <span class='ocrx_word' id='word_1_359' title='bbox 579 3693 693 3740; x_wconf 82' lang='lat' dir='ltr'>veteres</span> <span class='ocrx_word' id='word_1_360' title='bbox 724 3677 901 3756; x_wconf 84' lang='lat' dir='ltr'>Prophetias</span> <span class='ocrx_word' id='word_1_361' title='bbox 941 3673 1176 3759; x_wconf 43' lang='lat' dir='ltr'>rechimundo</span> <span class='ocrx_word' id='word_1_362' title='bbox 1263 3684 1268 3692; x_wconf 83' lang='lat'><em>·</em></span> 
     </span>
     <span class='ocr_line' id='line_1_40' title="bbox 45 3745 1174 3837; baseline -0.016 -19"><span class='ocrx_word' id='word_1_363' title='bbox 45 3759 194 3832; x_wconf 82' lang='lat' dir='ltr'>doctrina,</span> <span class='ocrx_word' id='word_1_364' title='bbox 233 3769 268 3818; x_wconf 89' lang='lat' dir='ltr'>ut</span> <span class='ocrx_word' id='word_1_365' title='bbox 287 3757 412 3837; x_wconf 88' lang='lat' dir='ltr'>populus</span> <span class='ocrx_word' id='word_1_366' title='bbox 438 3757 474 3818; x_wconf 89' lang='lat' dir='ltr'>ad</span> <span class='ocrx_word' id='word_1_367' title='bbox 499 3768 611 3817; x_wconf 88' lang='lat' dir='ltr'>rectum</span> <span class='ocrx_word' id='word_1_368' title='bbox 631 3753 783 3815; x_wconf 86' lang='lat' dir='ltr'>ministerii</span> <span class='ocrx_word' id='word_1_369' title='bbox 805 3753 866 3814; x_wconf 82' lang='lat' dir='ltr'>eius</span> <span class='ocrx_word' id='word_1_370' title='bbox 885 3771 1007 3830; x_wconf 85' lang='lat' dir='ltr'>scopum</span> <span class='ocrx_word' id='word_1_371' title='bbox 1028 3745 1174 3807; x_wconf 83' lang='lat' dir='ltr'>collrnret:</span> 
     </span>
     <span class='ocr_line' id='line_1_41' title="bbox 44 3825 1177 3914; baseline -0.014 -22"><span class='ocrx_word' id='word_1_372' title='bbox 44 3856 110 3894; x_wconf 84' lang='lat' dir='ltr'>nam</span> <span class='ocrx_word' id='word_1_373' title='bbox 131 3836 199 3914; x_wconf 88' lang='lat' dir='ltr'>quia</span> <span class='ocrx_word' id='word_1_374' title='bbox 221 3855 282 3893; x_wconf 91' lang='lat' dir='ltr'>non</span> <span class='ocrx_word' id='word_1_375' title='bbox 302 3833 496 3914; x_wconf 86' lang='lat' dir='ltr'>reputabant,</span> <span class='ocrx_word' id='word_1_376' title='bbox 516 3855 655 3912; x_wconf 87' lang='lat' dir='ltr'>quorsum</span> <span class='ocrx_word' id='word_1_377' title='bbox 676 3843 752 3893; x_wconf 86' lang='lat' dir='ltr'>esset</span> <span class='ocrx_word' id='word_1_378' title='bbox 770 3830 885 3901; x_wconf 79' lang='lat' dir='ltr'>otiosus,</span> <span class='ocrx_word' id='word_1_379' title='bbox 906 3827 974 3887; x_wconf 87' lang='lat' dir='ltr'>hinc</span> <span class='ocrx_word' id='word_1_380' title='bbox 996 3825 1102 3914; x_wconf 76' lang='lat' dir='ltr'>lactum</span> <span class='ocrx_word' id='word_1_381' title='bbox 1124 3829 1177 3892; x_wconf 87' lang='lat' dir='ltr'>est,</span> 
     </span>
     <span class='ocr_line' id='line_1_42' title="bbox 44 3903 1177 3990; baseline -0.015 -20"><span class='ocrx_word' id='word_1_382' title='bbox 44 3923 77 3970; x_wconf 87' lang='lat' dir='ltr'>ut</span> <span class='ocrx_word' id='word_1_383' title='bbox 102 3911 174 3973; x_wconf 86' lang='lat' dir='ltr'>nihil</span> <span class='ocrx_word' id='word_1_384' title='bbox 200 3909 264 3971; x_wconf 85' lang='lat' dir='ltr'>iere</span> <span class='ocrx_word' id='word_1_385' title='bbox 289 3911 470 3990; x_wconf 87' lang='lat' dir='ltr'>proficerent</span> <span class='ocrx_word' id='word_1_386' title='bbox 495 3930 530 3970; x_wconf 81' lang='lat' dir='ltr'>ex</span> <span class='ocrx_word' id='word_1_387' title='bbox 554 3911 615 3970; x_wconf 90' lang='lat' dir='ltr'>eius</span> <span class='ocrx_word' id='word_1_388' title='bbox 638 3929 784 3969; x_wconf 86' lang='lat' dir='ltr'>sermone.</span> <span class='ocrx_word' id='word_1_389' title='bbox 836 3905 908 3966; x_wconf 94' lang='lat' dir='ltr'>Ideo</span> <span class='ocrx_word' id='word_1_390' title='bbox 931 3903 1064 3963; x_wconf 77' lang='lat' dir='ltr'>Christus</span> <span class='ocrx_word' id='word_1_391' title='bbox 1085 3915 1177 3987; x_wconf 35' lang='lat' dir='ltr'>‘supra</span> 
     </span>
     <span class='ocr_line' id='line_1_43' title="bbox 46 3971 1177 4067; baseline -0.016 -19"><span class='ocrx_word' id='word_1_392' title='bbox 46 3989 179 4050; x_wconf 86' lang='lat' dir='ltr'>ordinem</span> <span class='ocrx_word' id='word_1_393' title='bbox 192 3987 406 4067; x_wconf 76' lang='lat' dir='ltr'>Prophetarum</span> <span class='ocrx_word' id='word_1_394' title='bbox 429 3988 521 4066; x_wconf 79' lang='lat' dir='ltr'>ipsum</span> <span class='ocrx_word' id='word_1_395' title='bbox 543 3985 657 4046; x_wconf 79' lang='lat' dir='ltr'>extollit</span> <span class='ocrx_word' id='word_1_396' title='bbox 677 3998 707 4044; x_wconf 93' lang='lat' dir='ltr'>et</span> <span class='ocrx_word' id='word_1_397' title='bbox 726 3984 813 4056; x_wconf 70' lang='lat' dir='ltr'>locat,</span> <span class='ocrx_word' id='word_1_398' title='bbox 834 3994 866 4040; x_wconf 91' lang='lat' dir='ltr'>ut</span> <span class='ocrx_word' id='word_1_399' title='bbox 887 3978 1034 4059; x_wconf 77' lang='lat' dir='ltr'>peculiare</span> <span class='ocrx_word' id='word_1_400' title='bbox 1055 3971 1177 4052; x_wconf 79' lang='lat' dir='ltr'>aliquod</span> 
     </span>
     <span class='ocr_line' id='line_1_44' title="bbox 47 4053 1178 4139; baseline -0.015 -15"><span class='ocrx_word' id='word_1_401' title='bbox 47 4077 75 4124; x_wconf 88' lang='lat' dir='ltr'>et</span> <span class='ocrx_word' id='word_1_402' title='bbox 94 4063 286 4128; x_wconf 83' lang='lat' dir='ltr'>excellentius</span> <span class='ocrx_word' id='word_1_403' title='bbox 311 4061 354 4123; x_wconf 92' lang='lat' dir='ltr'>illi</span> <span class='ocrx_word' id='word_1_404' title='bbox 383 4063 481 4124; x_wconf 86' lang='lat' dir='ltr'>datum</span> <span class='ocrx_word' id='word_1_405' title='bbox 508 4063 596 4124; x_wconf 83' lang='lat' dir='ltr'>luisse</span> <span class='ocrx_word' id='word_1_406' title='bbox 618 4061 787 4121; x_wconf 86' lang='lat' dir='ltr'>mandatum</span> <span class='ocrx_word' id='word_1_407' title='bbox 808 4058 928 4118; x_wconf 80' lang='lat' dir='ltr'>discant</span> <span class='ocrx_word' id='word_1_408' title='bbox 970 4053 1061 4128; x_wconf 86' lang='lat' dir='ltr'>Quod</span> <span class='ocrx_word' id='word_1_409' title='bbox 1081 4061 1178 4139; x_wconf 76' lang='lat' dir='ltr'>autept</span> 
     </span>
     <span class='ocr_line' id='line_1_45' title="bbox 47 4126 1241 4220; baseline -0.013 -22"><span class='ocrx_word' id='word_1_410' title='bbox 47 4141 105 4200; x_wconf 78' lang='lat' dir='ltr'>isc</span> <span class='ocrx_word' id='word_1_411' title='bbox 132 4141 205 4202; x_wconf 88' lang='lat' dir='ltr'>alibi</span> <span class='ocrx_word' id='word_1_412' title='bbox 231 4147 336 4220; x_wconf 79' lang='lat' dir='ltr'>negat,</span> <span class='ocrx_word' id='word_1_413' title='bbox 365 4161 396 4200; x_wconf 88' lang='lat' dir='ltr'>se</span> <span class='ocrx_word' id='word_1_414' title='bbox 421 4161 483 4201; x_wconf 83' lang='lat' dir='ltr'>esse</span> <span class='ocrx_word' id='word_1_415' title='bbox 510 4139 705 4218; x_wconf 86' lang='lat' dir='ltr'>Prophetam‚</span> <span class='ocrx_word' id='word_1_416' title='bbox 736 4133 916 4197; x_wconf 85' lang='lat' dir='ltr'>contrarium</span> <span class='ocrx_word' id='word_1_417' title='bbox 944 4151 1007 4190; x_wconf 93' lang='lat' dir='ltr'>nou</span> <span class='ocrx_word' id='word_1_418' title='bbox 1039 4139 1082 4203; x_wconf 71' lang='lat' dir='ltr'>ert</span> <span class='ocrx_word' id='word_1_419' title='bbox 1112 4126 1180 4185; x_wconf 80' lang='lat' dir='ltr'>huie</span> <span class='ocrx_word' id='word_1_420' title='bbox 1237 4173 1241 4184; x_wconf 75' lang='grc'>,</span> 
     </span>
     <span class='ocr_line' id='line_1_46' title="bbox 48 4163 1182 4298; baseline -0.012 -22"><span class='ocrx_word' id='word_1_421' title='bbox 48 4163 157 4278; x_wconf 65' lang='lat' dir='ltr'>dauni</span> <span class='ocrx_word' id='word_1_422' title='bbox 178 4216 291 4298; x_wconf 84' lang='lat' dir='ltr'>elogio.</span> <span class='ocrx_word' id='word_1_423' title='bbox 330 4217 480 4297; x_wconf 83' lang='lat' dir='ltr'>Propheta</span> <span class='ocrx_word' id='word_1_424' title='bbox 501 4217 620 4295; x_wconf 88' lang='lat' dir='ltr'>quidem</span> <span class='ocrx_word' id='word_1_425' title='bbox 640 4237 701 4274; x_wconf 88' lang='lat' dir='ltr'>non</span> <span class='ocrx_word' id='word_1_426' title='bbox 722 4214 779 4272; x_wconf 87' lang='lat' dir='ltr'>luit</span> <span class='ocrx_word' id='word_1_427' title='bbox 798 4212 921 4273; x_wconf 88' lang='lat' dir='ltr'>aliorum</span> <span class='ocrx_word' id='word_1_428' title='bbox 942 4225 1035 4298; x_wconf 78' lang='lat' dir='ltr'>more,</span> <span class='ocrx_word' id='word_1_429' title='bbox 1056 4214 1182 4294; x_wconf 67' lang='lat' dir='ltr'>quoset</span> 
     </span>
     <span class='ocr_line' id='line_1_47' title="bbox 47 4281 1182 4378; baseline -0.013 -23"><span class='ocrx_word' id='word_1_430' title='bbox 47 4295 134 4378; x_wconf 77' lang='lat' dir='ltr'>Legis</span> <span class='ocrx_word' id='word_1_431' title='bbox 155 4297 351 4374; x_wconf 73' lang='lat' dir='ltr'>interpreter,</span> <span class='ocrx_word' id='word_1_432' title='bbox 383 4306 413 4354; x_wconf 91' lang='lat' dir='ltr'>et</span> <span class='ocrx_word' id='word_1_433' title='bbox 437 4315 505 4354; x_wconf 85' lang='lat' dir='ltr'>suae</span> <span class='ocrx_word' id='word_1_434' title='bbox 533 4293 692 4352; x_wconf 75' lang='lat' dir='ltr'>voluntatis</span> <span class='ocrx_word' id='word_1_435' title='bbox 713 4285 909 4350; x_wconf 83' lang='lat' dir='ltr'>internuntios</span> <span class='ocrx_word' id='word_1_436' title='bbox 931 4283 1001 4344; x_wconf 83' lang='lat' dir='ltr'>olrnr</span> <span class='ocrx_word' id='word_1_437' title='bbox 1021 4283 1102 4344; x_wconf 86' lang='lat' dir='ltr'>Deus</span> <span class='ocrx_word' id='word_1_438' title='bbox 1122 4281 1182 4340; x_wconf 45' lang='lat' dir='ltr'>het</span> 
     </span>
     <span class='ocr_line' id='line_1_48' title="bbox 50 4355 1183 4451; baseline -0.015 -19"><span class='ocrx_word' id='word_1_439' title='bbox 50 4373 155 4436; x_wconf 82' lang='lat' dir='ltr'>clesiae</span> <span class='ocrx_word' id='word_1_440' title='bbox 177 4393 246 4434; x_wconf 79' lang='lat' dir='ltr'>suae</span> <span class='ocrx_word' id='word_1_441' title='bbox 267 4371 465 4451; x_wconf 77' lang='lat' dir='ltr'>praeluceret:</span> <span class='ocrx_word' id='word_1_442' title='bbox 499 4369 690 4432; x_wconf 66' lang='lat' dir='ltr'>excellentior</span> <span class='ocrx_word' id='word_1_443' title='bbox 709 4381 805 4430; x_wconf 83' lang='lat' dir='ltr'>tamen</span> <span class='ocrx_word' id='word_1_444' title='bbox 828 4376 888 4424; x_wconf 88' lang='lat' dir='ltr'>crat</span> <span class='ocrx_word' id='word_1_445' title='bbox 908 4360 1082 4441; x_wconf 82' lang='lat' dir='ltr'>Prophetis,</span> <span class='ocrx_word' id='word_1_446' title='bbox 1103 4355 1183 4437; x_wconf 88' lang='lat' dir='ltr'>quod</span> 
     </span>
    </p>
   </div>
   <div class='ocr_carea' id='block_1_5' title="bbox 0 0 1407 4838">
    <p class='ocr_par' dir='ltr' id='par_1_7' title="bbox 0 0 1407 4838">
     <span class='ocr_line' id='line_1_49' title="bbox 0 0 1407 4838; baseline 0 0"><span class='ocrx_word' id='word_1_447' title='bbox 0 0 1407 4838; x_wconf 95' lang='lat' dir='ltr'> </span> 
     </span>
    </p>
   </div>
  </div>
 </body>
</html>
