2778 4838
171 205 231 280 111
458 206 574 274 SEGT.
593 207 660 272 XV.
696 175 794 270 rasos
808 155 852 267 nr
870 216 1052 269 mscnuur.

63 365 64 373 ’
171 363 288 441 stodes,
312 362 366 426 ted
384 359 473 424 etiam
491 361 744 444 contemptoribus
768 360 1010 422 eorum-minari:
1034 357 1094 420 acsi
1113 357 1253 435 dipisset,
1277 380 1340 423 non

111 482 114 497 .
171 441 295 523 impune
314 439 466 502 contemni
487 461 553 516 eos,
579 459 703 522 quorum
723 438 822 522 angeli
841 439 950 519 propin
972 437 1003 497 ui
1021 448 1091 498 sunt
1109 457 1144 498 ac
1164 437 1341 514 familiares,

170 528 206 578 ut
222 517 382 588 vindictam
401 518 526 600 exigant.
551 515 722 577 Cavendum
739 516 849 594 itaque,
868 535 907 575 ue
925 459 1046 576 vibrent
1065 509 1153 573 nobis
1174 531 1283 574 eorem
1294 537 1340 575 sa-

171 593 228 672 lus,
249 613 374 676 quorum
392 593 595 686 procurandae
614 591 725 674 angelis
744 613 849 654 munus
869 602 914 653 est
928 591 1101 651 iniunctum·
1142 589 1241 664 Quod
1261 591 1339 652 bunc

172 669 271 732 locum
290 671 330 730 ita
351 671 467 750 quidem
487 671 650 752 accipiunt,
681 669 762 749 quasi
781 668 864 730 Deus
888 667 1009 750 singulis
1036 665 1174 727 fidelibus
1195 669 1337 758 proprios

172 764 210 810 au
234 747 296 809 eloe
315 745 464 820 attribuat,
481 747 628 806 infirmum
640 757 696 806 est:
717 764 815 824 neque
830 745 909 804 euim
921 753 1031 804 sonant
1039 741 1131 804 verba
1143 741 1269 819 Christi,
1288 765 1341 804 an-

196 768 273 884 111111
296 843 386 884 unum
412 823 480 884 huic
502 823 550 884 vel
574 823 617 882 iili
637 833 783 902 perpetuo
805 821 951 882 addictum
971 839 1048 894 esse,
1073 819 1166 899 idque
1187 835 1254 880 curn
1276 833 1339 882 tota

97 928 100 940 1
173 843 343 980 beripturae
363 899 497 960 doctriua
517 911 639 991 pugnat,
660 918 734 978 quae
753 909 877 958 testatur
896 897 988 976 (Psal.
1001 903 1052 972 31,
1065 898 1121 974 8.),
1141 898 1268 978 angelos
1289 919 1338 957 ca-

172 982 232 1038 etra
247 971 349 1035 1111111
361 975 392 1034 in
412 975 533 1036 circuitu
549 995 675 1056 promm,
695 985 725 1034 et
744 993 807 1033 non
825 975 877 1034 uni
896 986 1009 1033 mutum
1029 974 1150 1056 angelo,
1170 975 1223 1036 sed
1244 974 1338 1054 pluri-

173 1049 227 1112 bus
245 1053 412 1112 mandatum
431 1073 509 1125 esse,
542 1064 574 1112 ut
599 1070 744 1133 quemque
764 1051 893 1110 fidelium
910 1062 1057 1110 tueantur.
1104 1051 1243 1110 Facessat
1263 1071 1338 1132 ergo

174 1139 371 1188 commentum
391 1128 463 1188 illud
483 1129 519 1188 de
539 1130 623 1189 bono
643 1140 673 1188 et
691 1127 769 1207 m'alo
790 1129 891 1210 genio,
911 1147 945 1186 ac
965 1127 1053 1186 nobis
1072 1137 1177 1186 tenere
1195 1127 1339 1203 sufficiat,

172 1201 285 1285 angelis
304 1205 436 1264 mandari
454 1205 545 1266 totius
562 1203 712 1266 Ecclesiae
733 1225 842 1281 curam,
860 1215 893 1263 ut
912 1203 1034 1286 singulis
1053 1204 1191 1262 membris
1209 1225 1337 1267 succur-

171 1288 249 1355 rant,
267 1291 358 1361 prout
377 1279 452 1341 ieret
471 1282 627 1342 necessitas
639 1293 669 1341 et
680 1301 756 1343 usus.
777 1281 883 1360 Siquis
894 1292 993 1362 roget,
1013 1299 1049 1338 an
1070 1279 1195 1338 inferior
1213 1283 1340 1358 (quam-

171 1356 215 1416 vis
234 1355 339 1418 natura
357 1377 446 1437 supra
464 1373 519 1421 nos
540 1356 696 1435 excellant)
716 1357 754 1417 sit
774 1357 947 1440 angelornm
963 1356 1095 1416 conditio
1118 1375 1204 1435 qnam
1223 1367 1339 1430 nostra,

212 1432 241 1494 ia
259 1433 346 1494 nobis
358 1433 485 1496 ordinati
495 1446 563 1494 sunt
579 1433 716 1508 ministri,
735 1435 914 1514 respondeo,
933 1431 1008 1492 nibil
1028 1431 1158 1504 obstare,
1179 1431 1338 1510 quominus

169 1453 238 1570 bio
266 1510 339 1570 obse
361 1511 441 1571 uium
465 1530 548 1586 suum
568 1509 731 1601 praebeant
756 1509 787 1574 iu
812 1510 942 1592 grauia
970 1528 1030 1588 qno
1056 1521 1112 1568 nos
1133 1508 1275 1590 dignatur
1293 1509 1340 1567 la-

170 1602 258 1648 voret
277 1586 318 1650 ita
369 1599 415 1649 'ut
427 1588 522 1649 nostri
538 1599 693 1663 vocemur,
713 1581 780 1666 quia'
799 1599 881 1680 snam
901 1603 1024 1667 operam
1036 1583 1131 1646 uobis
1151 1585 1338 1665 impendunt.

251 1868 356 1952 (aas.)
396 1853 703 1939 1111111111.
746 1867 797 1936 11.
828 1849 931 1934 uena
959 1849 1173 1934 1111111111
1201 1865 1339 1934 somna

169 1972 226 2046 ad¹
241 1969 451 2052 servandum,
486 1973 575 2064 quod
603 1975 755 2058 perierat.
797 1969 846 2037 11.
876 1969 971 2058 Quid>
995 1968 1091 2036 vobis
1112 1970 1265 2036 videtur?
1302 1969 1339 2034 Si

168 2069 291 2142 inerint
317 2061 414 2142 alicui
440 2075 563 2142 homini
590 2086 718 2142 centum
753 2096 847 2153 oves,
880 2078 912 2138 et
947 2075 1103 2140 erraverit
1128 2095 1194 2139 una
1223 2095 1261 2140 ex
1284 2075 1340 2152 eis,

124 2249 128 2261 ,
168 2199 283 2246 nonne
304 2177 425 2245 relictis
446 2181 761 2265 nonagintanovem
783 2181 816 2242 in
839 2175 1002 2243 montibus
1022 2176 1128 2256 radit,
1159 2189 1192 2243 et
1214 2179 1355 2264 quaerit·

170 2283 254 2361 eam,
287 2303 372 2368 quae
395 2287 576 2351 erraverat?
620 2280 669 2348 13.
689 2283 732 2348 Et
752 2283 782 2347 si
807 2284 994 2366 contigerit,
1023 2291 1060 2346 nt
1085 2284 1337 2358 inveniateam,

169 2381 264 2451 amen
286 2382 361 2451 dico
382 2383 491 2465 vobis,
523 2384 644 2472 gaudet
663 2407 761 2473 super
791 2403 830 2448 ea
850 2386 965 2470 magis,
1001 2405 1096 2469 qnam
1118 2405 1220 2470 super
1240 2404 1339 2449 noua·

169 2491 257 2576 511111
276 2507 411 2565 norem,
440 2509 526 2576 qtrae
548 2509 617 2555 non
639 2495 837 2556 erraverunt
880 2485 930 2552 14.
952 2485 1007 2550 sio
1026 2507 1094 2552 non
1117 2498 1167 2553 est
1188 2485 1339 2555 voluntas

170 2590 277 2658 'coram
300 2591 396 2657 Patre
417 2591 543 2671 iesiro,
570 2593 682 2680 quiin
704 2590 806 2658 coelis
829 2597 891 2668 eet,
922 2597 959 2654 ut
978 2599 1092 2675 pereat
1113 2609 1199 2655 unus
1221 2587 1264 2654 de
1286 2609 1341 2676 pu-

53 2746 57 2756 .
171 2691 254 2762 siliis
275 2695 354 2760 istie.

254 2875 357 2946 mc.
377 2875 450 2940 XV.
492 2878 521 2941 1.
548 2873 761 2941 Accedebant
788 2887 894 2944 autem
923 2877 966 2944 ad
992 2899 1066 2943 eum
1090 2881 1213 2944 'omnes
1233 2873 1340 2962 publi·

172 2983 246 3049 cani
268 2990 301 3046 et
321 2990 520 3070 peccatores,
540 2987 576 3043 ut
597 2977 750 3045 audirent
772 2993 854 3048 eum.
895 2981 926 3047 2.
947 2981 990 3048 Et
1003 2979 1249 3046 murmurabant
1262 2980 1341 3044 Pha-

169 3083 284 3162 rieeei,
315 3091 348 3148 et
368 3079 517 3160 Scribas,
545 3079 708 3161 dicentes,
730 3083 794 3150 Hic
814 3095 1004 3172 peccatores
1024 3085 1156 3168 recipit,
1178 3093 1213 3148 et
1234 3081 1341 3147 cibum

169 3190 257 3272 capit
285 3203 356 3250 cnm
382 3181 457 3250 illis.
506 3187 536 3253 8.
564 3185 705 3253 Dicebat
739 3196 845 3254 autem
872 3189 914 3254 ad
946 3187 1022 3254 illos
1054 3185 1264 3274 parabolam,
1295 3185 1342 3252 di-

170 3292 263 3366 cens,
304 3287 337 3358 4.
365 3285 449 3372 Quis
477 3309 515 3353 er
539 3287 635 3355 vobis
662 3300 711 3355 est
735 3289 849 3371 homo,
892 3293 949 3379 qui
977 3289 1077 3356 habet
1098 3300 1230 3356 centum
1254 3309 1341 3364 oves,

171 3395 254 3472 etei
274 3389 454 3477 perdiderit
474 3411 571 3458 unam
594 3415 632 3459 ex
653 3393 734 3471 illis,
764 3415 875 3461 nonne
900 3392 1057 3481 relinquit
1081 3395 1264 3479 nonaginta
1284 3411 1343 3458 uo·

170 3507 243 3562 vem
265 3497 300 3560 in
322 3494 468 3575 deserto,
490 3507 523 3562 et
542 3497 632 3562 vadit
653 3495 695 3561 ad
714 3495 822 3576 illem,
843 3518 928 3585 qnae
948 3503 1100 3584 perierat,
1120 3497 1232 3564 donec
1251 3497 1343 3559 inve·

170 3602 258 3666 norit
279 3598 371 3667 eam?
410 3597 442 3664 5.
468 3597 511 3664 Et
538 3605 636 3686 quum
665 3603 831 3668 invenerit
857 3623 942 3682 eam,
976 3604 1114 3689 imponit
1136 3621 1209 3666 eam
1228 3600 1261 3662 in
1283 3597 1344 3661 bu-

170 3722 280 3770 meros
301 3725 389 3782 ‚suos
414 3702 576 3788 gaudens:
616 3705 647 3768 o.
678 3704 891 3794 veniensque
913 3707 1061 3786 domum,
1083 3711 1246 3770 convocat
1266 3703 1343 3766 ami·

172 3826 230 3873 cos
252 3816 285 3872 et
304 3807 439 3886 vicinos,
460 3805 572 3871 dicens
593 3803 667 3885 illia,
689 3805 840 3875 Gaudete
860 3830 995 3889 mecum,
1015 3811 1093 3895 quia
1111 3811 1226 3874 inveni
1249 3827 1343 3873 ovem

171 3931 290 3989 meam,
319 3929 405 3995 quae
433 3915 583 3996 perierat.
626 3911 653 3977 7.
680 3909 767 3978 Dico
788 3909 899 3992 vohis,
930 3910 1020 3999 quod
1042 3914 1087 3976 ita
1109 3913 1267 3998 gaudium
1286 3913 1343 3976 erit

171 4013 207 4078 iu
228 4010 324 4078 coelo
346 4033 447 4100 snper.
467 4033 534 4078 uno
556 4024 727 4100 peccatore
749 4017 973 4102 resipiscente,
998 4018 1096 4100 magis
1125 4039 1225 4104 quam
1248 4033 1342 4100 super
1376 4043 1377 4048 1

141 4136 144 4149 ·
172 4118 350 4201 nonaginta
371 4134 489 4182 novem
510 4117 618 4199 iustis,
640 4121 697 4206 qul
717 4137 786 4188 non
806 4117 954 4204 indigent
973 4123 1186 4206 poenitentia.
1229 4119 1263 4184 8.
1281 4119 1341 4182 Aut

173 4237 259 4304 quae
280 4212 396 4286 mulier
416 4214 541 4285 habena
563 4219 729 4288 drachmas
750 4221 876 4303 decem,
908 4223 937 4288 ei
955 4220 1139 4306 perdiderit
1160 4221 1340 4289 drachmam

172 4339 287 4410 111111,
315 4335 384 4392 amn
405 4321 557 4396 1111111111
574 4323 755 4409 lucernam,
786 4337 819 4394 et
838 4325 952 4394 verrit
966 4325 1113 4407 domum,
1147 4330 1339 4416 quaeritque
1376 4389 1377 4404 2
