2790 4838
185 279 245 346 24⁰
551 295 555 300 ·
625 267 777 332 SECTIO
797 267 883 330 vm.

75 409 87 428 ⁸
185 449 220 492 se
240 429 332 492 amice
351 426 509 490 insinuent.
548 423 692 486 salutatio
713 422 792 484 enim
812 422 929 503 quidam
950 429 994 481 est
1013 420 1050 481 a'd
1070 417 1253 500 colloquium
1273 419 1327 480 in.

225 528 311 569 essus.
350 505 412 564 lam
443 503 561 594 quidem
586 499 727 562 admoniti
752 499 885 574 lucrant,
922 509 957 558 ut
979 499 1016 558 ad
1041 518 1091 560 eos
1118 497 1328 578 concederent

211 584 335 666 ospites,
363 579 519 659 inquibus
544 589 645 638 notum
666 597 706 636 ac
727 575 844 637 celebre
866 585 945 635 esset
960 574 1077 656 pietatis
1096 573 1237 634 studium:
1269 575 1327 636 sed

161 709 164 734 2
188 662 257 742 quia
276 657 421 718 interdum
443 655 604 736 contingit,
624 663 657 712 ut
677 653 727 733 qui
746 651 903 733 praeclaris
922 650 1016 714 famae
1037 651 1143 733 elogiis
1163 662 1325 726 ornantur,

188 736 240 797 ubi
265 735 301 796 ad
325 732 401 793 serla
426 731 623 812 experimenta
642 741 762 789 ventum
784 740 859 801 est„
875 728 1056 808 impietatem
1080 749 1160 788 suam
1180 728 1327 808 prodant,

187 814 246 872 boc
270 819 460 898 praeceptum
485 807 592 867 diserte
617 806 721 866 subiici
743 804 885 885 oportuit
925 805 1035 864 Sensus
1056 817 1098 864 est
1119 803 1221 886 igitur:
1251 815 1326 864 ten-

185 897 248 948 tate
267 885 362 975 prirno
382 903 527 966 engressu,
546 877 688 963 numquid
704 881 833 942 libenter
841 901 893 941 vos
913 882 1014 941 audire
1033 881 1198 942 sustineant
1218 881 1325 961 bospi-

85 971 87 978 '
185 973 243 1022 tes:
275 981 441 1042 quicunque
461 971 585 1024 vestram
606 959 771 1020 doctrinam
792 959 923 1049 libenter
938 956 1062 1048 amplexi
1083 957 1207 1032 luerint,
1241 957 1325 1037 apud

186 1057 237 1098 eos
257 1048 390 1112 manete,
417 1049 450 1096 ut
469 1047 532 1099 rata
551 1037 593 1116 sit,
607 1047 702 1099 vestra
722 1034 871 1096 salutatio:
900 1055 924 1094 sr
944 1055 994 1124 qur
1013 1034 1326 1115 respuerint,‘stati1n

185 1113 222 1174 ab
250 1113 306 1174 illis·
331 1113 489 1187 discedite,
527 1125 558 1173 et
582 1125 722 1192 prantum
748 1112 780 1170 in
804 1109 888 1172 vobis
916 1123 972 1172 ent
998 1110 1174 1172 solutionem
1194 1121 1325 1170 vestram

183 1189 335 1252 retrahite.
375 1189 503 1261 Perinde
524 1189 602 1249 enim
621 1188 700 1248 valet
719 1188 855 1267 loquutio
868 1188 934 1248 acsi
954 1187 1085 1248 dixisset:
1116 1188 1184 1267 qnia
1205 1188 1325 1268 indigni

184 1279 253 1328 sunt
272 1278 397 1360 propter
416 1287 502 1327 suam'
516 1265 773 1347 ingratitudinem,
793 1265 843 1344 qui
862 1263 920 1324 Dei
940 1262 1151 1325 benedictione
1172 1263 1324 1340 fruantur,

98 1399 104 1406 .
184 1365 273 1424 quam
293 1343 350 1405 illus
370 1343 484 1404 fueritis
504 1343 634 1424 precati,
659 1339 828 1422 abrumpite'
850 1361 940 1400 ornne
960 1340 1233 1401 communicationis
1250 1340 1324 1400 vin-

184 1421 293 1486 culum.
341 1423 459 1481 Nomen
545 1424 567 1479 's
592 1420 628 1480 ad
652 1418 796 1479 salutandi
820 1417 976 1479 formulam
998 1419 1145 1492 refertur,
1175 1437 1264 1497 quarn
1290 1417 1323 1476 in

184 1498 335 1559 communi
360 1519 413 1558 usu
439 1497 475 1556 ba
499 1496 589 1556 ebant
612 1495 727 1556 Iudaei:
767 1515 835 1553 nam
859 1515 948 1573 quum
976 1515 1031 1574 pax
1055 1494 1111 1556 illis
1143 1515 1324 1574 prosperum

183 1583 290 1636 statum
309 1575 465 1657 significet,
486 1571 592 1653 quibus
612 1571 689 1632 bene
710 1583 741 1631 et
760 1571 888 1632 feliciter
907 1591 970 1632 esse
990 1571 1122 1651 cupiunt,
1142 1581 1174 1630 et
1193 1591 1323 1651 quorunn

183 1671 232 1712 res
243 1663 348 1732 optant
367 1671 430 1712 esse
450 1650 552 1724 salvas,
572 1648 615 1707 bis
635 1667 738 1728 pacem
750 1661 918 1730 precantur.
956 1647 1066 1709 Fateor
1079 1647 1216 1728 tpuidem,
1235 1649 1323 1728 Apo-

183 1727 277 1790 stolos
297 1727 382 1789 aliam
402 1725 530 1786 attulisse
551 1722 717 1784 bominibus
736 1745 849 1805 pacem,
868 1724 921 1784 sed
932 1723 1017 1784 nimis
1029 1737 1132 1807 arguta
1152 1736 1198 1784 est
1217 1745 1323 1792 eorum

183 1803 365 1884 speculatio,
397 1802 448 1882 qui
467 1801 566 1862 locum
586 1802 665 1861 bunc
685 1801 722 1862 ad
741 1801 896 1882 gratuitam
915 1801 975 1862 Dei
994 1797 1062 1878 cum
1082 1799 1253 1862 hominibus
1273 1823 1323 1862 re-

184 1879 425 1941 conciliationem
444 1879 573 1940 trabunt

260 1963 308 2022 14.
349 1955 519 2038 ῼνίινηᾳο
539 1975 599 2014 noo
620 1955 759 2030 recepe-it
780 1975 838 2014 uos.
883 1953 993 2016 Severa
1024 1954 1171 2016 vindictae
1203 1955 1322 2016 denun-

182 2031 268 2092 tiatio
288 2043 392 2093 contra
411 2031 567 2116 Evangelii
587 2042 824 2111 contemptores,
844 2053 906 2111 qua
926 2031 1084 2122 discipulos
1102 2053 1171 2092 suos
1189 2033 1323 2092 animare

182 2109 278 2171 voluit
297 2107 441 2183 Christus,
461 2129 499 2169 ne
518 2107 574 2168 illis
594 2099 739 2168 reriroram
760 2107 882 2168 afferret
900 2108 1002 2168 mundi
1021 2083 1213 2191 ingratitudo.
1234 2109 1324 2168 blan-

183 2186 234 2246 dat
253 2184 372 2266 quidem
391 2185 561 2266 Apostolis,
592 2183 663 2265 quid
681 2205 771 2266 agere
792 2185 871 2266 ipsos
890 2183 978 2258 velit,
998 2186 1023 2246 si
1043 2184 1074 2244 in
1095 2185 1321 2266 contemptores

182 2261 353 2330 inciderint:
387 2261 446 2322 boc
465 2273 564 2322 tamen
584 2262 743 2344 praecipue
762 2261 917 2322 consilium
937 2261 1054 2336 habuit‚'
1082 2259 1177 2322 sicubi
1196 2282 1322 2342 respue-

183 2349 266 2398 retur
299 2358 402 2400 eorum
432 2339 584 2413 doctrina,
622 2337 699 2399 iusto
725 2337 854 2418 ipsorum
881 2337 981 2398 dolori
1006 2350 1037 2398 et
1062 2337 1161 2398 taedio
1181 2337 1321 2398 solatium

183 2414 342 2490 adbibere,
372 2437 410 2476 ne
430 2415 461 2475 iu
481 2416 579 2476 medio
600 2437 686 2476 eursu
706 2413 884 2474 fatiscerent.
922 2416 963 2474 Et
981 2415 1128 2488 videmus,
1157 2427 1191 2474 ut
1211 2415 1322 2476 Paulus

44 2495 51 2522 ⁸
105 2535 114 2556 .
143 2529 151 2556 t
183 2481 239 2552 hie
258 2492 463 2553 consolatione
490 2493 582 2554 fretus
609 2493 740 2552 animose
766 2491 909 2628 despiciat
934 2512 1052 2556 omnem
1071 2491 1225 2552 bominum
1247 2513 1321 2552 con-
1349 2563 1353 2570 ι

182 2567 355 2644 ternariam,
374 2581 546 2631 constanter
563 2581 671 2652 pergat
688 2589 745 2648 per
762 2589 809 2628 me
832 2569 859 2628 ia
879 2566 1045 2643 obstacula,
1072 2579 1102 2628 et
1121 2567 1271 2650 glorietur
1288 2589 1322 2628 se

181 2645 296 2706 bonum
317 2666 379 2708 esse
400 2648 525 2708 odorem
544 2647 624 2722 Deo,
644 2645 774 2736 quamvis
794 2644 888 2706 letalis
906 2645 945 2706 sit
986 2643 1154 2705 ercuntibus
1174 2645 1232 2722 (Il.
1247 2643 1321 2705 Cor.

181 2724 304 2804 215.)
344 2719 503 2785 Caeterum
523 2724 613 2784 docet
636 2722 683 2782 bie
703 2720 800 2796 locus,
830 2721 931 2802 quanti
984 2721 1098 2782 ominus
1122 2721 1321 2804 Evangelium

181 2822 265 2862 suum
284 2799 431 2860 aestimet:
462 2812 493 2861 et
511 2811 592 2860 certe
612 2820 702 2878 quum
721 2797 958 2878 incomparabilis
978 2798 1015 2860 sit
1033 2798 1202 2874 thesaurus,
1232 2798 1321 2858 nimis

180 2877 310 2956 turpiter
327 2876 437 2968 ingrati
455 2888 540 2952 sunt,
569 2875 620 2956 qui
644 2875 702 2936 sibi
727 2874 861 2934 oblattun
885 2875 1051 2954 repudiant.
1088 2874 1208 2935 Deinde
1229 2895 1321 2955 quum

181 2965 330 3032 sceptrum
349 2965 386 3012 sut
404 2953 490 3036 regni
508 2951 612 3033 ipsius,
640 2971 703 3012 non
721 2962 822 3030 potest
840 2951 903 3012 sine
923 2951 1075 3012 manifesta
1095 2951 1127 3012 in
1147 2971 1215 3011 eum
1243 2971 1321 3011 con-

180 3028 302 3088 tumelia
322 3029 415 3089 reiici.
453 3027 761 3105 &contemtionem
801 3027 896 3089 Sicuti
906 3027 1062 3111 Evangelii
1083 3027 1247 3088 doctrinam
1270 3029 1318 3088 bic

152 3109 164 3126 ²
182 3103 540 3180 commendatllominus,
557 3117 592 3165 ut
612 3126 676 3166 eam
696 3117 868 3167 reverenter
888 3125 990 3166 omnes
1010 3103 1165 3184 excipiant,
1186 3116 1217 3164 et
1234 3103 1320 3196 gravi

182 3201 300 3262 poenae
324 3183 478 3243 sanctione
502 3181 663 3244 rebellibus
691 3191 802 3244 metum
827 3182 948 3257 incutit,
983 3182 1026 3242 ita
1051 3179 1214 3262 Apostolos
1233 3178 1321 3240 rubet

182 3257 245 3318 eius
266 3279 352 3337 quam
365 3259 518 3320 denuntiat
537 3259 658 3320 ultionis
669 3281 832 3340 praecones
847 3279 920 3334 esse,
940 3259 1020 3338 quod
1040 3257 1104 3317 fieri
1123 3277 1186 3316 non
1206 3268 1319 3336 potest,

181 3333 256 3470 guin
275 3335 419 3397 acerrimo
440 3337 592 3398 doctrinae
613 3358 700 3416 quam
712 3337 885 3417 praedicant
897 3335 1071 3396 asserendae
1090 3332 1157 3392 nelo
1178 3333 1318 3416 flagrent.

212 3412 360 3470 coendum
385 3411 475 3495 igitur
501 3425 560 3487 est,
598 3413 711 3474 nullum
737 3435 800 3474 esse
823 3413 964 3473 idoneum
994 3408 1130 3472 coelestis
1161 3409 1319 3470 doctrinae

180 3485 369 3568 magistrum,
388 3489 445 3550 nisi
465 3491 515 3570 qui
534 3490 577 3550 sic
597 3489 720 3552 allectus
741 3489 810 3566 erit,
840 3501 874 3550 ut
893 3489 955 3550 eius
975 3499 1147 3623 contemptu
1168 3487 1321 3547 crucietur

179 3575 269 3644 atque
288 3575 398 3626 uratur.
435 3565 648 3628 &maionem
661 3568 791 3644 petiuerit
808 3567 866 3628 iam
885 3578 956 3626 tuuc
976 3565 1007 3626 in
1027 3587 1081 3627 usu
1111 3564 1187 3624 uisse
1200 3562 1319 3624 ludaeis

171 3640 339 3724 ,probabile
360 3655 413 3719 est,
434 3645 515 3726 quasi
534 3644 725 3705 anathematis
735 3642 911 3726 symbolum,
931 3643 990 3703 atsi
1010 3653 1147 3704 testatum
1168 3639 1319 3723 iecissent,

179 3729 239 3778 tam
260 3719 391 3799 pollutos
417 3741 480 3781 esse
508 3721 567 3783 loci
591 3719 719 3795 incolasss
751 3731 784 3780 ut
808 3721 989 3812 contagione
1013 3741 1064 3780 sua
1084 3729 1192 3777 terram
1214 3717 1318 3778 infice-

178 3808 256 3857 rent.
294 3795 443 3858 Usitatum
463 3797 550 3859 luisse
573 3819 687 3858 morem
711 3799 780 3858 ideo
806 3796 952 3870 eoniicro,
983 3795 1065 3876 quod
1090 3793 1226 3856 Christus
1251 3805 1318 3853 tan-
1347 3807 1354 3813 ·

179 3873 323 3962 quamde
344 3895 376 3934 re
397 3886 468 3934 nota
488 3874 627 3955 loquitur.
665 3875 760 3958 blagis
786 3887 882 3934 antem
909 3871 1065 3934 confirmat
1087 3871 1162 3930 baec
1182 3891 1318 3932 exsecra-

177 3948 268 4011 tionis
288 3949 383 4010 lorrna
404 3952 486 4030 qnod
505 3971 601 4032 nuper
620 3951 694 4025 diri,
719 3950 802 4011 nullo
824 3949 946 4012 crimine
966 3950 1059 4032 magis
1080 3947 1196 4009 oslendi
1217 3948 1317 4009 Deum

179 4044 266 4106 quarn
285 4025 369 4086 verbi
387 4028 432 4086 sui
452 4038 639 4108 contemptu:
660 4028 851 4119 nequeenim
866 4025 1065 4088 tamsollenni
1084 4025 1144 4084 ritu
1163 4023 1212 4085 vel
1233 4023 1319 4085 adul-

178 4111 270 4176 teros,
289 4101 336 4166 vel
357 4103 526 4180 homicidas,
545 4103 594 4164 vel
614 4125 731 4183 quosvis
750 4105 909 4166 sceleratos
931 4102 1070 4164 detestari
1090 4122 1145 4162 nos
1164 4099 1259 4162 iubet.

254 4185 301 4244 15.
339 4185 433 4240 Aaron
450 4180 516 4240 dico
539 4179 625 4240 uobis.
663 4181 710 4242 Ne
735 4179 868 4242 videatur
891 4180 979 4242 inane
1004 4200 1067 4242 esse
1090 4175 1316 4239 terriculamcua

178 4261 255 4328 turn,
285 4257 459 4334 pronuntiat
479 4255 612 4317 Christus
632 4257 783 4338 graviores
803 4259 922 4318 daturos
969 4276 1075 4332 ocnas,
1125 4254 1155 4314 ui
1174 4255 1316 4336 Evange-

118 4343 122 4354 ·
177 4326 249 4388 lium
269 4332 437 4410 respuerint
457 4355 543 4414 quarn
564 4333 743 4395 Sodomitas.
784 4334 912 4410 Quodn·
952 4337 1038 4394 inim
1078 4275 1177 4392 uldam
1198 4331 1246 4390 ltic
1266 4347 1315 4387 ac-

179 4403 282 4484 cipuut
305 4427 360 4486 pro
387 4407 613 4492 Hierosolymae
638 4411 769 4488 cumdio,
800 4410 926 4472 alienuun
952 4421 1037 4472 esta
1082 4407 1177 4470 'bristi
1201 4413 1314 4464 mente:

707 4545 715 4574 l
