2766 4840
157 201 216 265 mc
610 186 726 256 SEGT.
747 189 858 252 xvtn.

161 347 251 424 lestis,
270 345 419 408 bonorum
431 363 556 481 operum
566 357 714 482 respectu,
732 364 795 406 non
817 345 884 426 quia
905 341 977 404 illud
996 342 1152 424 promeriti
1170 344 1234 406 slat
1253 365 1324 426 ope-

161 447 226 486 rum
252 424 376 499 iustitia,
408 443 444 482 ve
483 424 564 502 quod
588 423 645 484 sii
672 423 735 484 eius
759 420 931 502 acquirendi
954 419 1067 481 fuerint
1091 432 1247 481 auctores:
1279 423 1325 480 sed

161 502 231 580 quia
243 501 325 561 Deus
344 499 481 560 iustificat
500 517 576 578 quos
596 500 676 580 prius
696 497 798 580 elegit.
836 497 953 558 Deinde
995 497 1104 558 uamvis
1124 497 1202 558 duce
1215 497 1326 577 Spiritu

162 579 199 640 ad
218 577 346 638 studium
365 575 492 636 iustitiae
512 577 661 656 aspirent,
687 575 756 656 quia
776 585 873 636 tamen
893 573 969 654 Legi
1019 573 1048 633 ei
1068 592 1225 654 nunquam
1245 575 1324 634 satis

162 653 291 728 faciunt,
321 652 433 734 nullam
458 651 516 712 illis
535 654 703 714 mercedem
722 650 843 726 deberi,
865 652 917 712 sed
937 651 1104 712 mercedem
1126 651 1232 712 vocari
1251 651 1326 730 quod

161 731 251 813 gratis
278 731 415 808 donatur.
462 727 620 789 Caeterum
645 747 707 788 non
734 737 886 788 enumerat
916 724 1050 788 Christus
1074 746 1183 788 omnes
1209 727 1273 806 piae
1296 739 1325 785 et

160 817 279 868 sanctae
297 807 374 866 vitae
400 815 516 885 partes,
540 805 592 865 sed
617 815 731 864 tautum
757 801 883 883 exempli
907 803 1002 886 gratia
1028 803 1174 882 quaedam
1203 803 1325 864 caritatis

161 883 262 944 officia
282 881 412 974 attingit,
430 880 535 962 quibus
554 891 696 942 testamur
713 900 769 942 nos
780 879 878 940 Deum
896 879 1006 941 colcre.
1044 879 1110 940 Etsi
1131 880 1213 940 enim
1235 879 1325 939 humi-

160 979 232 1019 num
252 959 366 1021 caritati
386 956 540 1040 praecellit
558 957 618 1017 Dei
638 957 743 1031 cultus,
762 957 891 1035 ideoque
934 954 1014 1018 otior
1033 967 1082 1016 est
1098 957 1172 1018 fides
1192 967 1225 1016 et
1242 955 1325 1015 inro-

162 1036 241 1097 eatio
268 1055 355 1115 quam
381 1035 602 1116 eleemosynae,
631 1033 738 1094 merito
763 1045 861 1092 umen
889 977 1023 1093 Christus
1047 1033 1218 1094 testimonia
1242 1053 1327 1092 verae

160 1111 290 1174 institiae
315 1113 345 1171 in
370 1111 498 1170 medium
544 1109 676 1185 roducit,
702 1129 778 1189 quae
804 1109 895 1190 magis
920 1119 1073 1200 apparent.
1113 1109 1233 1188 Siquis
1254 1129 1326 1168 con-

160 1199 275 1268 tempto
295 1188 364 1248 Deo
384 1198 497 1248 tantum
517 1132 666 1248 beneficus
686 1197 761 1247 esset
780 1206 851 1266 erga
871 1185 1015 1258 hommes,
1039 1184 1114 1245 nihil
1134 1185 1176 1245 illi
1195 1185 1320 1265 prodes-

129 1309 142 1326 ,
161 1277 207 1326 set
222 1265 287 1326 talis
299 1263 499 1324 misericordia
516 1261 552 1322 ad
565 1263 661 1324 Deum
674 1262 858 1342 placandum,
878 1262 928 1341 qui
947 1261 1060 1322 interea
1081 1261 1146 1322 iure
1165 1282 1218 1322 sno
1239 1261 1318 1320 irau-

162 1342 246 1402 datus
267 1352 351 1402 esset.
391 1340 525 1402 Christus
546 1359 619 1422 ergo
640 1339 767 1399 iustitiae
787 1359 926 1399 summam
946 1337 976 1396 in
998 1337 1128 1399 eleemos
1151 1339 1194 1398 nis
1207 1337 1325 1397 minime

162 1419 282 1492 statuit,
306 1417 359 1478 sed
377 1429 518 1497 unquam
542 1437 559 1478 a
582 1416 672 1552 sipnis
698 1413 866 1476 notioribus
893 1415 1039 1488 ostendit,
1063 1414 1115 1494 qui
1163 1415 1203 1476 sit
1227 1415 1277 1493 pie
1301 1425 1328 1472 et

161 1494 238 1554 iuste
257 1495 371 1555 vivere:
391 1504 425 1553 ut
444 1503 524 1554 certe
545 1493 602 1556 fide
616 1513 646 1552 es
667 1511 729 1550 non
749 1502 862 1552 tantum
883 1511 936 1550 ore
957 1491 1149 1571 profitentur,
1174 1490 1228 1551 sed
1249 1491 1327 1551 seriis

161 1570 306 1632 exercitiis
326 1569 562 1651 probautDeum
584 1567 739 1636 recolere.
779 1567 882 1646 Quare
900 1566 1019 1627 fanatici
1039 1567 1177 1628 homines
1199 1587 1325 1647 praepo-

160 1658 251 1722 stere,
271 1647 354 1726 huius
374 1646 434 1706 loci
453 1657 615 1736 praetextu,
634 1657 696 1704 tum
717 1644 754 1704 ab
775 1643 876 1704 auditu
895 1643 991 1704 Verbi
1011 1656 1073 1705 tunt
1094 1664 1111 1703 a
1131 1664 1236 1706 sacrae
1249 1643 1324 1705 Coe-

160 1743 292 1798 naeusu,
312 1735 342 1783 et
361 1722 481 1802 reliquis
500 1721 699 1801 spiritualibus
714 1719 862 1781 'exercitiis
881 1740 913 1782 se
931 1719 1112 1781 subducunt:
1137 1721 1208 1800 quia
1225 1721 1324 1780 eodem

160 1799 265 1861 colore
285 1810 316 1858 et
333 1798 432 1872 fidem,
452 1810 482 1858 et
501 1798 594 1858 crucis
610 1797 814 1872 tolerantiam,
835 1807 865 1858 et
884 1816 998 1878 proces,
1017 1808 1049 1857 et
1067 1797 1236 1858 castitatem
1256 1795 1325 1854 abii-

160 1885 273 1936 cereut.
310 1873 402 1952 Atqui
428 1873 503 1935 nibil
527 1873 622 1934 minus
645 1873 739 1934 voluit
760 1872 908 1948 Christus,
933 1893 1019 1952 qnam
1045 1873 1167 1933 vivendi
1187 1873 1325 1955 regulam,

69 2000 82 2012 ,
161 1971 240 2030 quae
260 1950 430 2011 continetur
450 1948 560 2010 duabus
570 1949 660 2032 Legis
679 1949 797 2024 tabulis,
817 1950 995 2031 restringere
1017 1951 1054 2010 ad
1072 1949 1226 2010 secundae
1244 1949 1322 2009 tabu-

160 2026 208 2088 lae
229 2037 352 2108 partem.
392 2024 490 2086 Stulte
510 2025 597 2086 etiam
612 2025 752 2086 monachi
770 2037 803 2086 et
820 2025 927 2088 similes
947 2023 1068 2086 rabulae
1089 2046 1141 2086 sex
1154 2046 1253 2107 ,opera
1269 2025 1322 2084 nsi-

158 2102 339 2164 aericordiae
364 2101 420 2163 sibi
444 2101 607 2178 finxerunt,
629 2101 705 2182 quia
732 2099 866 2164 Christus
897 2123 958 2162 non
986 2101 1072 2193 plura
1098 2113 1321 2163 commemorat:

158 2180 242 2260 quasi
262 2199 333 2241 vero
353 2199 416 2240 non
435 2178 507 2259 ipsis
525 2199 645 2314 quospue
664 2179 763 2259 pueris
777 2180 963 2260 perspicuum
975 2190 1024 2254 stt,
1043 2199 1099 2260 per
1118 2178 1323 2259 synecdochen

158 2256 272 2318 laudari
292 2256 390 2316 omnia
410 2255 537 2318 caritatis
559 2255 594 2316 of
614 2255 667 2316 cia.
706 2255 781 2316 Nam
802 2253 949 2316 consolari
969 2267 1118 2330 moestos,
1145 2255 1255 2315 iniuste
1274 2276 1322 2334 op-

158 2333 266 2414 pressis
285 2351 474 2406 succurrere,
494 2331 619 2392 consilio
640 2333 740 2393 iuvare
760 2331 922 2422 simplices,
941 2331 1060 2411 eripere
1080 2331 1209 2392 miseros
1228 2353 1245 2393 e
1264 2331 1322 2391 iau-

158 2409 242 2471 cibus
263 2406 417 2502 luporum,
442 2407 642 2470 misericordia
663 2411 713 2468 est*
726 2428 788 2469 non
809 2408 919 2470 minori
939 2407 1025 2468 laude
1046 2407 1076 2469 di
1100 2429 1139 2468 na
1163 2429 1255 2488 quam
1274 2429 1323 2467 nu-

158 2487 213 2546 dos
237 2498 361 2561 vestire,
385 2485 431 2548 vel
457 2504 577 2566 pascere
604 2485 763 2546 famelicos.
803 2482 963 2546 Caeterum
985 2485 1039 2546 etsi
1127 2485 1200 2546 'tus
1224 2486 1324 2545 carita-

157 2574 221 2624 tem
240 2562 328 2624 nobis
348 2563 557 2623 commendans
578 2561 687 2636 officia,
713 2581 788 2641 quae
831 2563 962 2622 ertinent
979 2562 1017 2620 ad
1036 2560 1096 2622 Dei
1117 2560 1244 2635 cultum,
1270 2583 1324 2620 non

118 2671 123 2679 ¹
155 2639 300 2714 excludit,
326 2639 466 2700 admonet
484 2651 582 2698 tamen
601 2659 670 2698 suos
690 2581 867 2718 discipulbs,
895 2639 970 2698 hanc
990 2637 1057 2699 fore
1078 2637 1245 2720 legitimam
1263 2661 1325 2700 san-

154 2728 223 2776 ctae
242 2716 319 2777 vitae
339 2714 559 2796 probationem,
578 2715 603 2775 si
621 2735 653 2776 se
673 2713 705 2774 in
725 2713 846 2776 caritate
866 2725 1037 2789 exerceant,
1062 2714 1231 2776 secundum
1251 2716 1320 2775 illud

155 2789 344 2872 Prophetae,
374 2791 607 2852 Misericordiam
632 2789 702 2851 volo
734 2801 764 2850 et
794 2811 857 2851 non
889 2789 1061 2852 sacrificium
1089 2791 1190 2872 (ilos.
1215 2796 1321 2866 6,6.).

157 2867 238 2942 Quia
257 2868 370 2930 scilicet
389 2867 577 2948 hypocritae,
602 2887 691 2946 quum
711 2867 790 2928 avari
810 2868 886 2943 sint,
915 2878 945 2929 et
970 2865 1122 2944 crudeles,
1149 2879 1181 2928 et
1208 2868 1326 2929 iraudu-

155 2943 248 3018 lenti,
274 2957 306 3004 et
329 2963 464 3023 rapaces,
489 2954 520 3003 et
543 2966 576 3006 su
600 2943 679 3019 erbi,
706 2943 803 3004 fallaci
828 2955 927 3004 tamen
952 2944 1193 3005 ceremoniarum
1220 2966 1325 3026 pompa

108 3078 112 3090 ,
154 3020 380 3080 sanctimoniam
399 3018 546 3083 simulant.
578 2964 673 3080 linae
694 3019 783 3080 etiam
803 3019 983 3103 colligimus,
1014 3019 1040 3080 si
1058 3022 1195 3102 cupimus
1215 3043 1325 3082 summo

156 3096 253 3155 Indici
293 3095 394 3156 robari
414 3095 502 3156 vitam
524 3108 664 3168 nostram,
685 3117 747 3157 non
768 3117 830 3158 esse
850 3097 1015 3179 vagandum
1035 3095 1068 3155 in
1079 3098 1191 3158 nostris
1202 3098 1324 3180 figmen-

56 3231 60 3256 Ι
154 3169 205 3244 tis,
223 3193 254 3231 se
286 3171 597 3251 potiusspectandum,
618 3173 688 3264 quid
709 3173 758 3233 ille
778 3173 937 3253 praecipue
955 3194 973 3233 a
993 3171 1080 3233 nobis
1101 3173 1146 3234 exi
1170 3187 1210 3236 at.
1255 3179 1325 3236 Nan

154 3245 323 3328 quicunque
344 3247 381 3307 ab
402 3249 463 3308 eius
484 3269 589 3328 praece
614 3261 650 3308 trs
671 3249 875 3326 discesserint,
903 3249 1088 3330 quantumvis
1107 3195 1221 3311 sudent
1240 3273 1326 3313 aesc

154 3336 306 3384 macerent
325 3325 355 3384 in
375 3324 489 3386 ficticiis
502 3271 657 3406 operibus,
672 3325 776 3386 ultimo
797 3337 893 3388 tamen
914 3327 963 3388 die
983 3327 1184 3388 boc'tandem
1205 3329 1327 3391 audient

152 3401 228 3482 (les.
248 3409 277 3476 1,
296 3403 370 3476 12),
390 3401 454 3481 quis
475 3402 546 3462 baec
566 3401 709 3482 quaesivit
729 3423 746 3464 e
766 3403 901 3464 manibus
920 3401 1043 3466 vestris?

228 3483 275 3544 37.
317 3479 404 3540 Tum
414 3477 630 3554 amardelam.
669 3478 789 3540 inducit
800 3477 933 3540 Christro
953 3480 1045 3541 iustos
1066 3478 1251 3555 dubitantes,
1275 3481 1326 3561 qui

152 3567 253 3616 tamen
274 3575 336 3614 nou
356 3554 506 3636 ignorant,
528 3575 594 3615 eum
613 3553 670 3615 sibi
690 3576 848 3635 expensum
864 3555 935 3621 ferri
948 3555 1023 3617 velle
1038 3555 1184 3636 quicquid
1196 3557 1324 3616 bomini-

151 3631 206 3694 bus
227 3631 374 3693 tribuitur.
413 3631 475 3692 Sed
495 3631 562 3710 quia
583 3632 640 3692 hoc
659 3651 722 3692 non
742 3633 782 3692 ita
803 3632 923 3713 penitus
942 3633 1062 3694 infixum
1084 3644 1241 3694 esseorum
1255 3632 1324 3692 ani-

150 3709 205 3768 mis
224 3719 258 3772 ut
268 3706 402 3782 decebat,
422 3707 491 3768 ideo
512 3728 566 3787 per
585 3708 788 3790 hypotyposin
808 3720 1019 3789 repraesentat
1060 3711 1151 3770 Unde
1178 3710 1255 3770 enirn
1280 3709 1327 3786 fir,

149 3796 185 3844 ut
203 3786 240 3846 ad
260 3783 487 3846 beneficentiam
507 3785 582 3844 adeo
602 3783 679 3844 tardi
697 3785 786 3846 simus
806 3805 839 3846 ac
858 3785 987 3861 remissi,
1012 3784 1069 3846 nisi
1090 3786 1160 3866 quia
1183 3787 1325 3848 cordibus

151 3863 259 3923 nostris
285 3881 354 3923 vere
378 3881 442 3920 uon
466 3860 576 3921 insidet
599 3859 649 3920 illa
669 3861 842 3940 promissio,
867 3883 932 3922 cum
959 3862 1087 3923 foenore
1114 3861 1191 3922 olim
1218 3885 1237 3924 a
1256 3863 1326 3924 Deo

150 3959 310 4019 repensum
335 3937 372 3997 iri
393 3937 473 4017 quod
493 3937 673 4017 pauperibus
692 3935 736 3998 lar
758 3937 854 4000 imur?
893 3939 961 4001 Huc
980 3958 1054 4021 ergo
1075 3939 1177 4000 tendit
1196 3941 1325 4000 admira-

150 4015 206 4089 tio,
226 4035 313 4094 quarn
333 4014 381 4074 hic
402 4013 489 4093 ponit
509 4011 658 4088 Christus,
683 4025 716 4073 ut
735 3960 878 4078 discamus
897 4035 985 4094 supra
1005 4026 1124 4095 captum
1145 4017 1249 4077 carnis
1270 4039 1325 4078 no-

148 4101 226 4150 strae
246 4109 414 4173 assurgere,
441 4090 559 4170 quoties
583 4089 670 4151 iidem
696 4111 844 4171 opemque
869 4103 1000 4154 nostram
1025 4090 1195 4171 implorant
1223 4095 1324 4155 miseri

148 4166 269 4300 frayires,
293 4185 332 4227 ne
357 4165 520 4246 contempti
536 4165 672 4228 hominis
698 4181 833 4250 aspectus
860 4166 1086 4230 beneficentiam
1116 4181 1256 4232 nostram
1279 4191 1324 4232 rr-

149 4253 195 4304 tar
216 4253 254 4300 et.

67 4387 71 4394 .
186 4315 194 4338 l
225 4323 273 4382 tu.
292 4318 390 4378 Amen
409 4293 474 4380 dica
493 4317 580 4382 vobis
619 4319 717 4382 Sicuti
743 4343 840 4404 nuper
859 4321 913 4384 sub
934 4273 1027 4404 ligura
1048 4320 1156 4384 docuit
1178 4323 1323 4389 Christus.
