2764 4854
237 199 241 216 ·
308 239 389 322 (211.
429 239 563 301 Christus
583 240 614 340 in
635 259 722 300 cruce
741 239 897 321 illuditur.)
1121 242 1181 310 affl
1291 211 1294 220 ¹

36 389 120 450 alutis
139 401 257 452 nostrae
277 391 372 474 gratia
391 393 471 454 croci
491 391 593 460 allisus¹
610 409 730 452 manere
745 391 855 466 uoluit,
875 393 973 454 donec
990 401 1053 452 tum
1071 393 1181 456 saevire

36 469 100 526 imis
117 467 215 528 lcarnis
226 468 393 542 tormentis,
413 481 473 528 tum
489 455 644 529 horrendis
655 469 772 549 spiritus
791 469 931 560 angustiis
951 479 981 528 et
1000 481 1096 529 morte
1115 471 1179 550 ipsa
1232 459 1240 478 ’

34 544 175 604 lelunctus
195 554 279 605 esset.
317 545 362 604 Ac
382 566 419 606 ne
439 545 527 604 simili
547 545 637 605 modo
658 543 745 606 nohis
765 551 920 626 contingat
935 545 1033 606 Deum
1053 557 1179 620 tentare,

34 642 81 699 quo
101 613 204 680 lecisse
223 619 295 680 istos
315 621 462 693 videmus,
481 623 607 682 sinamus
626 622 742 695 Deum,
762 622 877 702 quoties
897 622 937 682 ita
958 621 984 682 ei
1004 621 1095 696 risum
1116 622 1180 681 lue-

34 697 71 771 it,
91 696 252 776 potentiam
272 719 351 758 suam
364 696 557 770 abscondere,
577 711 609 758 ut
628 719 726 758 rursus
745 718 801 778 pro
820 717 875 758 suo
894 697 1017 758 arbitrio
1038 719 1101 758 eam
1123 719 1141 756 o
1164 735 1179 748 -

34 785 148 852 metune
170 785 291 832 exserat.
329 775 441 835 Eadem
482 774 586 835 raritas
605 775 638 836 in
658 774 758 846 altera,
779 793 853 853 quae
874 795 940 834 mor
959 773 1102 854 sequitur,
1122 795 1141 834 o
1165 811 1179 822 -

34 850 148 909 ectione
168 869 205 929 ap
228 862 306 924 aret,
325 854 353 910 si
373 849 446 912 Rea·
478 851 559 912 srael
574 866 624 926 est,
643 849 794 912 dexendm
811 871 889 910 nuno
906 849 942 910 ds
959 871 1053 926 orum,
1073 866 1100 911 ea
1117 873 1180 912 cru·

34 925 118 985 tm
135 928 171 985 ei.
240 946 279 985 on
300 927 378 987 enim
397 928 510 1011 Regem
531 949 576 988 am
598 928 666 988 lecti
686 928 695 986 i
717 949 765 988 sos
785 925 919 1000 decebat,
938 927 994 986 nisi
1014 927 1106 1006 qualis
1127 928 1179 988 de·

34 1003 143 1082 criptus
163 1014 226 1062 erat
245 1001 445 1084 aProphetis:
466 1005 546 1084 atqui
567 949 676 1066 ‹liserte
695 949 801 1064 lesaias
816 1014 852 1064 ,et
862 1003 1015 1064 Zacharias
1029 1002 1179 1064 Christum
1272 1001 1283 1020 ’

33 1079 200 1154 lelormem,
220 1078 378 1154 alllictum,
398 1081 582 1156 damnatum,
602 1093 633 1141 et
651 1079 852 1154 maledictum,
872 1079 1048 1152 exanimem,
1067 1100 1180 1216 paupe-

33 1177 101 1228 em,
121 1167 150 1214 et
170 1167 370 1236 contemptum
391 1157 548 1230 inducunt,
573 1169 728 1236 antequam
749 1156 971 1238 regalemolium
992 1176 1120 1218 conscen
1142 1167 1180 1215 at.

33 1233 216 1312 lraepostere
236 1251 309 1314 ergo
330 1233 432 1316 Iudaqi
452 1233 618 1294 dissimilem
644 1244 803 1314 appetunt,
835 1254 923 1313 quem
943 1244 1105 1314 agnoscant
1123 1251 1180 1313 pro

33 1311 118 1389 lege:
148 1308 214 1387 quia
234 1309 275 1368 sic
300 1320 444 1376 testantur
468 1310 524 1370 sibi
549 1310 668 1370 minime
688 1308 773 1370 cordi
798 1327 861 1368 esse
880 1309 1009 1391 Regem,
1041 1329 1128 1388 quem
1147 1327 1179 1367 se

33 1387 154 1444 laturum
174 1384 323 1464 pollicitus
343 1387 439 1446 luerat
458 1387 613 1446 Dominus.
664 1387 727 1446 Nos
746 1405 817 1444 vero
839 1398 950 1460 contra„
968 1389 1016 1463 (ut
1034 1383 1128 1444 solide
1148 1385 1180 1443 in

33 1462 171 1522 Ihristum
190 1461 343 1522 recumbat
362 1474 462 1524 nostra
483 1463 569 1540 fides)
597 1461 735 1522 fulturam
759 1460 791 1520 in
812 1461 872 1520 eius
892 1482 978 1522 cruce
999 1481 1181 1540 quaeramus,

33 1558 57 1596 te
81 1557 117 1596 ue
138 1537 216 1597 enim
236 1537 323 1598 aliter
341 1539 402 1598 Rex
422 1538 513 1600 lsrael
537 1538 685 1621 legitimus
709 1537 823 1598 censeri
848 1549 948 1618 posset
974 1537 1029 1596 nisi
1053 1537 1182 1617 impletis

33 1559 227 1693 telempmris
247 1613 388 1694 partibus.
414 1619 512 1696 Atque
525 1614 594 1676 binc
610 1614 788 1697 colligimus,
808 1635 894 1692 quam
914 1613 1028 1674 exitiale
1047 1613 1094 1688 sit,
1113 1623 1182 1693 post

54 1690 236 1750 eculationes
256 1701 370 1752 nostres
389 1692 526 1774 vagando
547 1691 634 1752 aDei
655 1688 749 1752 verbo
770 1691 930 1754 discedere.
955 1690 1031 1750 Nam
1051 1689 1118 1769 quia
1130 1691 1182 1749 Iu-

33 1713 86 1827 lei
105 1766 217 1849 Regem
238 1767 388 1849 imaginati
408 1781 490 1843 sunt,
520 1788 608 1848 quem
627 1767 684 1827 illis
703 1788 770 1828 suus
794 1787 896 1826 sensus
916 1765 1061 1840 dictabat,
1092 1763 1184 1827 Chri-

33 1853 95 1902 tum
115 1843 281 1903 crucifixum
301 1856 493 1924 respuerunt,
522 1844 590 1925 quia
610 1843 642 1904 in
660 1845 755 1924 ipsum
776 1843 898 1903 credere
918 1843 1075 1904 absurdum
1095 1853 1182 1922 puta·

33 1931 106 1980 rant:
127 1919 212 1980 nobis
231 1941 303 1982 vero
324 1920 395 1982 baec
417 1922 527 2002 optima
548 1933 578 1981 et
596 1941 707 1982 summa
728 1920 869 1980 credendi
888 1919 981 1996 ratio,
1000 1919 1068 1999 quia
1087 1917 1183 1980 crucis

33 1995 200 2076 gnominiac
220 2010 327 2076 sponte
347 2019 431 2059 causa
451 2010 552 2058 nostra
571 2017 603 2058 se
622 1995 756 2058 subiecit.

96 2079 143 2137 db
180 2071 271 2134 Alios
288 2079 416 2140 sermasia
456 2075 538 2134 Haec
562 2093 650 2135 veros
659 2073 778 2132 minime
803 2072 973 2134 excusabilis
999 2070 1180 2152 ingratitudo

33 2149 91 2223 uit,
111 2148 193 2227 quod
212 2151 361 2230 praesenti
382 2149 491 2210 Christi
513 2149 715 2209 humiliatione
735 2149 845 2208 ollensi
866 2148 980 2220 omnia,
1006 2166 1081 2226 quae
1102 2147 1182 2225 prius

35 2237 88 2284 nte
110 2224 119 2284 i
141 2245 242 2284 sorum
263 2226 365 2286 oculos
386 2226 534 2304 ediderat,
564 2222 703 2284 miracula
729 2222 813 2281 nihili
841 2223 1003 2282 aestimant.
1042 2221 1185 2286 Fatentur

32 2323 88 2361 :um
110 2245 183 2373 alios
203 2313 344 2360 servasse:
370 2321 427 2379 qua
446 2299 574 2362 virtute?
595 2309 645 2358 aut
665 2317 724 2387 qno
744 2297 862 2357 medio?
885 2319 936 2357 cur
954 2297 1058 2358 saltem
1078 2295 1132 2356 bac
1152 2297 1184 2355 in

32 2389 105 2438 ‚arte
131 2395 194 2434 non
218 2387 396 2435 venerantur
422 2375 608 2436 manifestum
626 2373 687 2433 Der
712 2372 806 2452 opus?
843 2374 940 2434 Porro
967 2373 1034 2452 quia
1054 2372 1184 2455 maligne

32 2454 185 2523 ulfocaot,
215 2451 276 2510 imo
298 2464 438 2531 quantum
463 2451 493 2509 in
514 2471 545 2510 se
567 2461 610 2510 est
630 2447 814 2528 exstinguere
834 2461 981 2510 conantur
999 2449 1058 2510 Dei
1078 2449 1185 2524 lucem,

32 2548 97 2610 [uae
118 2528 149 2585 in
170 2525 318 2588 miraculis
338 2527 481 2610 fulgebat,
500 2526 615 2608 indigui
633 2537 703 2585 scrut
745 2524 830 2586 uide
851 2525 1184 2586 crucisinlirmitatere-
1241 2573 1244 2588 ,

36 2619 67 2666 te
89 2603 229 2663 iudicent
270 2601 349 2677 Quia
369 2621 431 2668 non
450 2603 547 2664 statim
567 2623 598 2662 se
611 2599 707 2681 'eripit
720 2547 853 2662 ghristus
872 2622 889 2661 a
908 2613 1015 2675 morte,
1034 2601 1185 2680 impoten-

32 2683 92 2742 iam
112 2680 140 2739 ei
161 2681 348 2758 exprobrant.
367 2681 466 2759 Atque
482 2680 538 2740 boc
559 2677 655 2758 impiis
675 2676 812 2737 omnibus
832 2677 918 2736 nimis
938 2689 980 2736 est
1002 2685 1186 2752 consuetum,

32 2757 186 2818 lotentiam
205 2756 265 2816 Dei
285 2756 381 2816 metiri
401 2755 549 2836 praesenti
570 2764 706 2845 aspectu,
743 2765 778 2812 ut
796 2753 936 2836 quicquid
962 2773 1024 2812 non
1044 2753 1115 2813 lacit
1135 2773 1184 2812 ex-

32 2836 152 2896 stiment
171 2852 234 2893 nou
254 2853 352 2914 posse,
371 2833 499 2912 ideoque
519 2829 676 2892 debilitatis
686 2831 780 2909 ipsum
791 2828 969 2904 insimulent,
989 2831 1104 2910 quoties
1138 2849 1185 2888 er-

32 2929 122 2972 'ersac
142 2929 245 2976 eorum
266 2931 302 2970 cu
324 2909 418 2970 iditati
437 2930 499 2969 non
520 2908 715 2987 obtemperat.
743 2907 805 2966 Nos
820 2927 892 2966 vero
912 2919 1075 2982 teneamus,
1143 2905 1184 2965 ri-

33 2999 112 3061 tum,
164 2997 233 3045 uum
253 2929 339 3048 laclle
359 2997 474 3067 posset,
500 3005 562 3045 non
588 2984 724 3065 protinus
750 3003 781 3043 se
801 3003 818 3042 a
837 2993 933 3044 morte
954 2982 1109 3057 liberasse,
1133 2983 1184 3043 sed

32 3065 90 3144 [uia
110 3008 249 3123 noluerit.
289 3061 352 3122 Cur
379 3073 476 3124 autem
500 3061 632 3143 neglexit
654 3061 691 3120 ad
717 3071 832 3140 tempus
859 3060 981 3120 salntem
1002 3080 1100 3133 suam,
1129 3058 1185 3119 nisi

32 3141 90 3221 quia
109 3139 216 3200 maiori
236 3160 323 3200 curae
352 3151 415 3200 erat
434 3149 535 3199 nostra
556 3135 687 3197 omnium
707 3134 801 3196 salus?
841 3137 904 3197 Cur
928 3157 961 3196 se
981 3134 1107 3196 liberare
1129 3156 1194 3195 no-¹

32 3217 91 3290 uit,
121 3215 179 3275 nisi
199 3227 232 3274 ut
252 3237 307 3276 nos
328 3236 429 3276 omues
449 3211 598 3276 servaret?
635 3212 777 3272 Videmus
797 3232 888 3293 ergo,
920 3233 995 3290 quae
1021 3213 1107 3272 lidem
1128 3233 1186 3274 no-

34 3306 109 3352 tram
129 3291 226 3382 probe
246 3291 416 3382 aedificant,
455 3291 581 3361 Iudaeos
607 3309 659 3350 sua
685 3287 794 3348 malitia
821 3291 857 3349 ad
883 3309 952 3350 suae
972 3288 1185 3350 incredulitatis

32 3381 218 3428 tatrocrnmm
238 3380 366 3429 traxisse.

96 3451 145 3509 43.
187 3444 247 3504 Gon
296 3448 314 3504 't
331 3449 364 3506 ἐκ
382 3443 457 3504 Deo.
515 3443 598 3516 lloe,
629 3452 663 3502 ut
711 3440 779 3502 aulo
804 3453 873 3502 ante
898 3443 973 3516 dixi,
1012 3440 1184 3502 acerrimum

33 3521 194 3582 eutationis
213 3533 304 3582 teum
330 3519 420 3582 babet
439 3521 546 3593 Satan,
585 3519 654 3578 dum
700 3519 766 3598 ngit
784 3517 880 3580 Deum
906 3518 1001 3580 nostri
1023 3537 1085 3578 esse
1106 3516 1183 3576 obli-

32 3621 100 3670 um,
132 3597 200 3678 quia
228 3619 291 3658 non
315 3609 429 3658 mature
455 3609 485 3656 et
511 3595 542 3654 in
566 3595 632 3676 ipso
660 3593 785 3654 'articulo
804 3605 962 3656 succurrat.
1000 3594 1075 3653 Nam
1096 3613 1187 3670 quum

32 3673 162 3756 idviliget
171 3674 254 3734 Deus
273 3674 305 3734 in
324 3695 443 3736 suorum
463 3672 596 3746 salutem,
616 3689 674 3730 nee
693 3681 806 3730 mutum
827 3681 996 3752 opportune
1017 3669 1073 3728 illis
1095 3687 1187 3746 opem

32 3753 113 3824 ¹erat,
151 3749 310 3814 sedetiam
336 3749 505 3830 praeveniat
529 3748 663 3828 ipsorum
688 3747 892 3808 necessitatem
922 3745 1186 3824 (quemadmodum

32 3827 238 3888 »assimdocet
258 3825 440 3920 Scriptura),
478 3823 594 3885 videtur
619 3821 739 3882 minime
766 3823 890 3905 diligere
916 3823 998 3900 quos‘
1016 3841 1072 3880 nos
1097 3819 1187 3880 iuvat.

32 3906 85 3964 lac
105 3901 198 3985 igitur
215 3903 368 3964 dialectica
387 3922 442 3961 nos
454 3899 485 3960 in
500 3899 739 3980 desperationem
760 3899 888 3973 abducit,
910 3898 1016 3958 lrustra
1037 3915 1091 3955 nos
1112 3917 1188 3956 con-

32 3981 113 4040 idere
139 3980 177 4039 de
197 3999 297 4040 amore
315 3977 391 4055 Dei,
428 3975 483 4038 ubi
505 3975 601 4056 palam
630 3975 692 4036 eius
719 3975 855 4035 auxilium
879 3994 942 4034 non
967 3982 1099 4053 apparet.
1148 3973 1189 4030 Et

32 4055 268 4136 quemadmodum
293 4057 350 4118 hoc
375 4073 468 4138 genus
488 4051 624 4114 fallaciae
649 4052 784 4134 suggerit
808 4047 957 4110 mentibus
983 4049 1108 4120 nostris,
1148 4047 1189 4110 ita

32 4131 166 4194 ubornat
184 4153 252 4192 suos
271 4131 434 4205 ministros,
461 4127 511 4209 qui
530 4129 657 4190 salutem
677 4139 807 4188 nostram
827 4146 845 4185 a
863 4125 932 4187 Deo
953 4123 1101 4205 proditam
1121 4143 1187 4186 esse

32 4223 52 4269 :t
71 4209 218 4269 abiectam
236 4220 375 4290 arguant,
407 4207 475 4288 quia
500 4203 637 4265 auxilinm
656 4224 739 4265 suum
760 4201 871 4262 diflert
910 4201 994 4282 Ergo
1020 4199 1131 4260 bocar
1155 4223 1190 4260 u-

32 4297 154 4346 nentnm
177 4295 317 4364 tanquam
342 4284 478 4345 vitiosum
503 4281 660 4361 repudiare
685 4278 842 4353 conuenit,
880 4297 943 4338 non
968 4275 1057 4338 amari
1083 4297 1099 4336 a
1151 4295 1189 4337 eo

31 4383 99 4443 pnos
117 4359 234 4422 ridetur
252 4363 296 4440 ,ad
323 4371 437 4442 tempus
462 4360 615 4421 deserere:
653 4357 712 4418 imo
738 4353 813 4440 nihil
837 4353 930 4440 magis
954 4353 1112 4415 absurdum
1132 4361 1187 4429 cst,
1217 4425 1221 4436 .

45 4461 550 4518 eneruem.casamentum.
950 4435 991 4496 24
