2790 4838
188 153 248 282 aea
648 209 878 305 11111111.

188 364 382 438 doctoribus,
408 360 546 424 iudicium
568 364 604 424 de
626 364 895 446 pseudoprophetis
916 385 932 425 a
953 363 1097 426 fructibus
1118 365 1344 428 iaceresinbet.

193 443 295 518 Quare
322 441 407 502 nimis
432 439 528 522 putidi
553 451 620 500 sunt
644 439 799 521 Papistae,
829 441 880 522 qui
900 441 1183 504 conlimdaemobis
1203 443 1345 508 invidiae

191 536 277 582 causa
296 518 375 580 iilam
396 515 506 578 Christi
526 537 629 577 vocem
648 518 780 597 praecise
799 517 925 593 iactant,
955 539 971 578 a
992 519 1264 599 pseudoprophetis
1287 545 1346 582 ca-

190 597 318 662 vendum
343 614 422 670 esse,
452 610 486 654 ae
511 593 569 654 suis
596 593 773 656 clamoribus
794 594 943 670 efficiunt,
975 607 1008 654 ut
1028 595 1158 676 imperiti
1179 617 1265 658 causa
1288 598 1344 658 in-

97 709 99 712 ·
191 672 441 766 cognitatemere
462 691 477 730 a
497 668 585 730 nobis
606 669 794 736 abhorreant.
824 672 956 733 1111111
977 672 1108 752 quisquis
1122 672 1233 734 Christi
1256 696 1344 736 con-

191 749 258 811 silto
275 769 384 830 parere
405 746 501 826 cupit,
526 767 644 806 necesse
665 759 709 816 est
730 759 764 808 nt
780 749 943 828 prudenter
964 760 994 809 ct
1013 749 1190 827 interposito
1213 751 1344 814 delectu

191 825 320 889 iudicet:
338 845 392 884 nos
411 843 484 884 vero
505 843 567 881 non
587 833 700 883 11111111
716 823 844 884 libenter
855 823 990 900 fatemur,
1011 824 1158 886 cavendos
1170 847 1231 886 esse
1245 849 1342 907 pseu-

191 902 410 983 doprophetas,
439 899 490 960 sed
517 901 604 960 etiam
629 900 732 960 sedulo
759 913 788 960 et
808 901 914 962 acriter
935 903 1085 962 hortamur
1104 902 1270 982 simplices,
1307 917 1343 964 11

192 1000 244 1040 eos
264 989 394 1044 caveant.
432 977 561 1036 Tantum
581 998 745 1053 monemus,
763 977 923 1040 secuudum
944 979 1152 1058 praescriptam
1165 1000 1188 1059 ¹a
1210 979 1340 1042 Christo

190 1056 339 1140 regulam,
377 1065 411 1114 ut
435 1053 509 1114 iusta
533 1053 667 1135 cognitio
692 1055 864 1133 praecedat,
903 1077 941 1116 ne
967 1055 1115 1135 simplices
1141 1055 1248 1134 purum
1273 1058 1341 1118 Dei

189 1133 315 1196 verbum
339 1131 507 1211 respuendo
531 1129 703 1198 temeritatis
727 1152 796 1192 suae
815 1151 927 1210 poenas
947 1130 1038 1191 luant.
1054 1140 1058 1149 '
1075 1131 1152 1191 Nam
1172 1131 1252 1193 inter
1271 1157 1342 1194 ma-

190 1221 287 1274 turam
307 1207 473 1270 cautionem
494 1210 525 1266 et
541 1219 767 1297 praeposterum
787 1207 937 1268 fastidium
956 1207 1047 1290 longe
1067 1208 1199 1270 interest.
1239 1211 1342 1272 Nimis

146 1291 154 1301 '
190 1296 288 1348 autem
312 1283 450 1366 improbe
475 1279 586 1344 Christi
611 1284 780 1345 mandatum
800 1283 947 1366 abrogant
966 1285 1119 1364 Papistae‚
1149 1285 1199 1365 qui
1217 1286 1341 1355 iniecto

192 1363 268 1428 ialso
292 1355 374 1422 met'u
399 1360 518 1422 miseras
544 1361 653 1420 animas
678 1361 715 1421 ab
740 1361 931 1446 inquisitiope
957 1361 1117 1438 deterrent.
1169 1361 1217 1421 Sit
1241 1363 1342 1445 igitur

190 1440 250 1502 hoc
292 1437 414 1514 rimam,
439 1458 507 1510 cos,
532 1436 583 1515 qui
601 1436 779 1518 trepidando
800 1437 982 1519 incognitam
1002 1437 1168 1498 doctrinam
1186 1453 1341 1520 respuunt

189 1516 238 1578 vel
257 1460 395 1598 litgium,
424 1533 580 1594 perperam
605 1513 663 1574 hoc
688 1525 718 1574 et
736 1513 856 1574 minime
877 1535 911 1574 ex
932 1513 1043 1575 Christi
1062 1515 1201 1576 mandato
1223 1517 1338 1578 iacere.

190 1595 277 1656 Nunc
296 1593 455 1654 videndum
474 1600 581 1664 restat,
600 1612 741 1669 qwntnm
750 1591 876 1683 fredus
896 1590 1030 1652 Christus
1052 1591 1200 1673 designet:
1222 1593 1337 1654 saliun-

188 1681 356 1732 cursantem
375 1677 442 1728 meo
463 1665 584 1740 iudicio,
604 1667 654 1746 qui
673 1668 710 1728 ad
729 1679 818 1727 vrtam
829 1667 1020 1750 restringunt
1050 1669 1125 1728 Nam
1138 1689 1228 1747 quum
1240 1691 1337 1752 saepe

189 1747 292 1808 sucosa
315 1742 509 1806 sanctimonia
535 1762 569 1804 ac
593 1742 694 1803 nescio
714 1741 826 1823 'quibus
847 1744 933 1805 etiam
954 1743 1124 1804 austerioris
1144 1745 1223 1806 vitae
1244 1745 1337 1810 larvis

189 1843 222 1886 se
246 1821 401 1884 venditent
419 1817 535 1900 pessimi
555 1819 664 1900 quique
683 1819 877 1900 impostores,-
906 1820 990 1889 valde
1011 1821 1156 1880 incertum
1176 1835 1255 1882 esset
1275 1825 1338 1885 hoc

190 1918 321 1962 mmen.
364 1897 474 1958 Fateor
494 1894 628 1976 quidem,
659 1895 829 1987 hypocrisin
848 1897 968 1958 tandem
987 1897 1138 1977 patelieri,
1169 1899 1237 1977 quia
1259 1901 1338 1962 nstsil

191 1964 338 2038 difficilius
359 1983 404 2034 est
422 1991 509 2052 quam
530 1971 645 2035 virtutis
666 1973 824 2033 simulatio.
857 1975 971 2033 Verum
991 1974 1124 2036 Christus
1144 1985 1204 2060 tam
1226 1975 1336 2056 iniquo

191 2063 222 2114 et
240 2049 326 2112 simul
346 2050 474 2110 obscuro
495 2048 603 2108 iudicio
624 2049 788 2110 doctrinam
807 2071 887 2112 suam
908 2049 1054 2112 subiicere
1072 2049 1179 2125 noluit,
1198 2058 1340 2114 ntaesti-

188 2139 286 2190 metor
310 2147 345 2188 en
372 2125 524 2187 hominum
550 2125 618 2186 vita.
652 2121 746 2208 tergo
772 2126 825 2186 suh
853 2127 997 2190 fructibus
1022 2127 1086 2207 ipso
1109 2125 1232 2188 1111111111·
1255 2137 1339 2194 cretio
1387 2197 1388 2202 η

189 2203 466 2286 comprehenditur,
486 2202 547 2264 imo
567 2202 756 2284 praecipuum
775 2202 873 2263 locum
893 2215 991 2264 tenet:
1011 2223 1078 2263 nam
1099 2216 1130 2262 ct
1148 2204 1219 2266 inde
1241 2207 1339 2273 Chri-

189 2293 250 2342 stus
273 2301 306 2342 se
332 2280 436 2342 aDeo
455 2279 573 2340 missum
594 2278 718 2361 prolsat,
748 2279 816 2358 qnia
836 2300 898 2340 non
918 2279 1116 2372 glorificetse
1136 2278 1249 2360 ipsum,
1281 2287 1337 2346 sed

187 2357 307 2421 Patrem
328 2379 344 2418 a
364 2377 424 2436 quo
444 2356 546 2418 missus
567 2367 612 2416 est
630 2357 813 2434 (1174111).
844 2357 952 2436 Siquis
965 2356 1096 2430 o'biiciat,
1116 2359 1217 2436 paucis
1231 2361 1337 2424 datum

190 2456 253 2498 esse
272 2446 386 2496 tantum
407 2451 541 2508 acumen,
560 2433 700 2494 utbonos
713 2434 824 2496 fructus
837 2434 947 2498 amalis
963 2434 1140 2508 discernant,
1159 2439 1338 2516 respondeo

188 2513 274 2576 sicuti
295 2511 353 2572 iam
374 2511 442 2585 dixi,
462 2531 610 2588 nunqnam
632 2509 816 2570 discretionis
830 2509 953 2590 Spiritu,
973 2509 1025 2570 uisi
1045 2529 1120 2588 opus
1138 2523 1191 2585 est,
1212 2513 1337 2576 destitui

188 2589 300 2665 fideles,
320 2587 371 2670 qui
389 2587 481 2648 modo
500 2587 557 2648 sibi
578 2586 666 2646 diffisi
677 2600 707 2646 et
718 2587 841 2666 proprio
854 2609 941 2648 sensu
953 2587 1048 2646 valere
1059 2587 1137 2647 iusso
1153 2599 1235 2648 totos
1246 2613 1278 2651 se
1291 2592 1338 2652 illi

188 2669 337 2749 regendos
357 2665 485 2726 tradunt.
522 2664 642 2724 Interea
662 2664 898 2735 meminerimus,
917 2664 954 2724 ad
974 2663 1107 2723 Verlsum
1127 2664 1187 2724 Dei
1209 2668 1255 2725 ex'
1279 2691 1337 2729 en.

42 2756 46 2765 “
126 2754 134 2776 ’
190 2744 242 2804 das
266 2763 329 2804 esse
354 2761 456 2801 ornnes
483 2740 647 2814 doctrinas,
681 2750 713 2799 et
736 2739 804 2800 ideo
830 2739 861 2798 in
881 2739 1042 2800 iudicandis
1060 2741 1338 2823 pseudoproptetis

189 2819 260 2881 fidei
285 2817 451 2899 analogiam
477 2816 637 2876 dominari:
678 2817 784 2876 deinde
811 2817 1002 2895 spectandum
1031 2836 1109 2891 esse,
1149 2817 1221 2896 quid
1249 2823 1338 2883 Deus

190 2893 349 2975 Prophetis
368 2893 427 2954 suis
448 2891 601 2982 veritique
620 2891 761 2952 ministris
781 2893 932 2973 iniungat,
962 2893 1029 2974 quia
1049 2892 1119 2952 inde
1140 2893 1267 2957 fidelitas
1289 2899 1337 2958 sa-

121 3013 128 3030 .
189 2971 246 3033 cile
272 2969 407 3060 dignosci
432 2981 552 3048 poterit.
602 2967 867 3042 ,Quemadmodum
896 2970 1026 3050 exempli.
1045 2970 1154 3106 pratia,
1192 2972 1218 3030 si
1244 2975 1337 3040 nobis

189 3067 397 3128 proponimus,
415 3065 490 3124 quae
510 3043 618 3104 Paulus
638 3045 669 3104 in
690 3045 789 3125 episco
813 3046 835 3106 is
855 3046 996 3125 requirit,
1015 3068 1077 3108 soa
1098 3047 1146 3106 illa
1166 3047 1336 3131 descriptio

188 3121 226 3184 ad
252 3122 445 3184 damnandam
471 3133 564 3182 totam
589 3121 715 3199 Papatus
741 3069 896 3182 coliuviem
920 3123 1076 3199 sufficiet,=
1095 3123 1163 3201 quia
1192 3125 1338 3189 videntur

190 3200 256 3261 data
287 3215 377 3278 opera
409 3197 529 3278 papales
557 3197 679 3258 sacrifici
710 3199 887 3259 contrariam
918 3199 1012 3260 ideam
1045 3198 1122 3260 velle
1157 3203 1337 3282 exprimere.

191 3275 294 3351 Quare
325 3275 399 3334 nihil
430 3275 535 3336 mirum
561 3275 585 3334 si
609 3275 748 3339 indicium
775 3276 810 3336 dc
836 3275 927 3356 pseud
972 3297 1005 3336 ro
1028 3276 1103 3336 lictis
1130 3278 1194 3338 lieri
1220 3291 1336 3342 vetant

191 3353 350 3431 Caeterum
372 3351 450 3412 clare
471 3353 600 3412 ostendit
621 3352 666 3412 hic
687 3351 786 3426 locus,
811 3373 866 3433 pro
887 3353 948 3412 nihi
962 3374 981 3412 ο
1002 3297 1153 3420 ducendos
1173 3375 1238 3416 esse
1259 3357 1336 3418 titu-

189 3427 324 3504 los‚¹imo
345 3447 401 3488 nec
422 3428 513 3507 ipsam
533 3429 719 3488 vocationem
740 3429 993 3496 11111111111111111
1014 3433 1174 3506 momenti,
1201 3432 1260 3494 nisi
1283 3438 1335 3514 qui

189 3517 322 3587 pastores
342 3517 496 3582 vocantur,
516 3517 546 3564 ct
565 3507 602 3565 ad
623 3505 863 3566 decendimnnns
875 3505 973 3566 vocati
987 3519 1064 3578 sunt,
1084 3507 1212 3568 fideliter
1226 3509 1334 3572 officio

186 3603 243 3644 suo
268 3581 477 3662 respondeant.
516 3581 669 3662 Numquid
691 3583 838 3657 colligunt.
878 3583 930 3642 His
952 3584 1131 3662 proverbiis,
1162 3606 1239 3663 quae
1262 3599 1335 3648 tunc

187 3659 279 3741 vulgo
304 3661 372 3720 trita
393 3669 477 3720 erant
496 3670 526 3718 et
546 3659 677 3718 omnium
697 3679 841 3718 consensu
862 3672 992 3739 recepta,
1012 3660 1167 3724 confirmat
1185 3659 1335 3737 Christus,

139 3763 151 3778 ¹
189 3737 336 3796 neminem
361 3758 377 3795 a
403 3735 670 3816 pseudoprophetis
692 3757 777 3814 posse
799 3737 862 3796 deci
887 3736 912 3810 i,
943 3735 998 3796 nisi
1020 3737 1070 3816 qui
1089 3749 1198 3815 sponte
1219 3751 1335 3800 1111111-

188 3813 256 3872 tiet:
277 3813 344 3892 quia
365 3811 476 3872 lrnrtns
498 3811 592 3891 palam
614 3813 721 3870 faciant
742 3811 852 3890 probos
865 3757 923 3872 ilci
943 3832 1042 3874 servos
1063 3824 1094 3872 ct
1113 3813 1233 3874 fallaces
1255 3837 1332 3898 ope-

180 3884 299 3966 ¹rarius,
329 3909 391 3948 non
417 3910 500 3950 secus
525 3909 559 3948 ac
585 3886 695 3951 fructos
720 3887 856 3948 arborem
883 3889 1051 3950 ostendunt
1099 3891 1188 3969 Apud
1214 3891 1334 3952 Lucam

186 3965 304 4025 videtur
323 3965 469 4048 generalis
490 3985 552 4024 esse
563 3964 719 4039 sententia,
739 3987 796 4042 qua
809 3967 913 4027 doceat
927 3966 1072 4038 Christus,
1090 3967 1129 4032 de
1144 3989 1331 4048 unoquoque

186 4041 308 4102 homine
333 4063 368 4102 ex
392 4040 699 4102 fructibus-iudicium
725 4041 834 4104 debere
861 4042 941 4116 steri,
970 4043 1054 4102 sicuti
1081 4041 1172 4104 arbor
1192 4067 1208 4120 a
1225 4047 1331 4110 11111111

186 4117 378 4209 dignoscitur.
415 4117 576 4200 Postquam
597 4117 673 4176 enim
695 4118 933 4201 obiurgationem
954 4118 1051 4200 posuit
1071 4120 1208 4180 adversus
1231 4123 1329 4202 hypo-

187 4204 288 4266 critas,
321 4193 372 4271 qui
398 4192 540 4254 festucam
559 4194 741 4274 perspiciunt
759 4195 790 4254 in
810 4195 929 4256 alterius
950 4195 1056 4269 oculo,
1085 4195 1210 4256 trabem
1221 4197 1253 4256 in
1275 4221 1330 4274 sno

185 4289 248 4327 non
268 4269 415 4341 videntes,
440 4269 672 4350 continno-post
689 4271 824 4346 subiicit,
847 4294 907 4334 non
925 4275 1000 4332 enim
1018 4285 1107 4348 potest
1124 4271 1216 4334 orbor·
1234 4277 1329 4350 nuda,

185 4357 238 4408 cto.
261 4355 291 4408 et
309 4345 431 4408 casualis
449 4345 593 4428 particula
613 4355 667 4430 γὰρ
680 4347 797 4412 videtur
809 4349 878 4411 duas
889 4349 952 4411 illas
962 4349 1122 4412 sententias
1134 4344 1328 4446 connectere.

699 4445 709 4474 Ν
