2814 4846
176 227 215 292 to
489 215 628 284 asom.
647 202 715 280 nn
754 137 967 282 ululantes.
1026 212 1029 226 '

176 367 350 466 ceptloque
373 367 553 444 divitiarum
575 376 716 445 suffocat
735 369 930 454 sermonem,
956 385 989 442 et
1008 371 1181 462 intrugtter
1196 373 1314 467 ¹reddi·

152 485 154 492 '
176 492 237 548 tur.
279 481 332 546 23.
353 471 528 550 Caeterum
550 479 605 567 qui
626 481 660 544 in
680 487 797 542 terram
817 475 938 560 lionam
960 477 1085 564 excepit
1105 497 1232 554 semen,
1259 475 1313 542 hic

178 593 241 666 est,
272 583 329 670 qni
350 597 531 646 sermonem
561 577 651 644 audit
678 587 711 642 et
730 576 899 663 intelligit,
930 582 987 666 qni
1007 577 1150 700 denique
1172 577 1313 644 fructum

177 687 274 753 etiam
294 680 403 746 reddit
422 701 461 746 ac
478 679 571 746 iacit:
611 677 695 744 alius
721 677 852 765 quidem
878 677 1079 773 centuplum,
1122 675 1205 744 alins
1232 699 1313 745 vero

176 775 438 872 sexagecuplum,
467 779 548 872 alins
568 799 649 847 vero
670 779 910 866 trigecuplum„

75 921 79 936 ·
192 1005 213 1032 n
258 963 399 1036 MARC.
420 965 477 1032 lv.
519 963 569 1034 13.
592 965 634 1033 Et
655 967 700 1032 eit
721 964 801 1046 illis,
831 965 971 1034 Nescitis
996 947 1314 1054 parabolam'hanc?

176 1081 210 1138 et
235 1067 402 1160 quomodo
436 1087 549 1134 omnes
572 1064 745 1153 parabolas
778 1069 1000 1154 cognoscetis!
1049 1068 1099 1134 14.
1131 1067 1315 1136 Seminator

176 1180 240 1251 est,
273 1170 330 1258 qui
350 1189 532 1236 sermonem
553 1169 698 1235 seminat.
738 1169 790 1236 15.
815 1165 882 1234 Alii
903 1179 1008 1234 autem
1030 1163 1129 1246 sunt‚'
1149 1169 1203 1259 qui
1225 1171 1315 1234 iuxta

173 1274 259 1338 viam
279 1273 408 1352 (semen
429 1269 626 1356 excipiunt),
657 1266 715 1335 ubi
735 1271 911 1336 seminatur
930 1291 1054 1338 sermo:
1082 1280 1116 1338 et
1136 1291 1231 1358 quum
1254 1291 1312 1336 au-

178 1373 309 1452 dierint,
331 1367 501 1453 confestim
522 1371 612 1436 venit
632 1367 775 1448 Satanas,
796 1381 828 1436 et
849 1369 956 1438 anlert
975 1391 1164 1450 sermonem,
1186 1372 1242 1458 qui
1263 1391 1316 1434 se-

176 1475 315 1540 minatus
342 1472 451 1538 estin
475 1467 632 1536 cordibus
664 1491 786 1536 corum.
830 1469 880 1537 16.
908 1469 951 1536 Et
978 1470 1033 1538 alii
1060 1482 1134 1538 sunt
1160 1469 1316 1550 similiter,

119 1577 122 1588 '
176 1576 235 1664 qui
257 1577 444 1660 impetrosa
465 1565 577 1638 'semen
599 1573 775 1659 excipiente
807 1553 866 1658 dui
886 1594 983 1660 quum
1011 1559 1173 1639 audidrint
1194 1557 1315 1660 sermo-

166 1671 260 1752 nem,
281 1675 389 1740 statim
410 1691 482 1736 curn
504 1669 624 1756 gaudio
645 1673 807 1758 accipiunt
827 1670 928 1740 illum.
970 1673 1020 1738 17.
1041 1672 1084 1739 Et
1103 1694 1171 1740 non
1194 1671 1315 1739 labent

174 1774 319 1842 radicem
340 1775 441 1867 inse,
462 1770 519 1838 sed
540 1773 728 1858 tetrporarii
741 1781 838 1858 sunt:
859 1771 980 1840 deinde
1002 1786 1114 1842 coorta
1135 1773 1316 1839 afflictione

177 1887 233 1944 ant
252 1871 506 1964 persequutione
519 1883 654 1959 propter
665 1894 856 1972 sermonem,
875 1897 949 1942 mox
961 1867 1194 1956 offenduntur„
1210 1875 1259 1940 itt
1273 1875 1316 1944 Et

176 1977 235 2044 alii
254 1986 343 2052 sunt,
364 1972 476 2060 quiin
497 1975 607 2058 spinas
627 1993 738 2040 semen
761 1978 938 2066 excipiente
957 1977 991 2041 hi
1010 1988 1094 2062 sunt,
1115 1979 1172 2064 qui
1193 1998 1315 2042 sermo-

174 2098 251 2146 nem
272 2073 417 2154 audiunt,
458 2071 514 2140 19..
530 2071 573 2138 Et
592 2072 830 2142 sollicitudines
848 2076 969 2142 saeculi
986 2078 1092 2164 huius,
1114 2101 1151 2143 ac
1162 2078 1317 2164 deceptio

177 2174 374 2256 divitiarum,
405 2195 577 2262 rerumque
604 2173 739 2242 aliarum
768 2177 958 2264 cupiditates
985 2181 1193 2264 introeuntes,
1213 2177 1316 2245 sulio·

141 2310 143 2319 ·
177 2290 253 2347 cant
272 2298 463 2355 sermonem,
485 2297 531 2348 ac.
545 2275 895 2345 reddituriniructiier.
937 2281 989 2346 10.
1009 2278 1074 2346 Alii
1096 2291 1181 2357 sunt,
1203 2282 1316 2368 quiin

48 2385 51 2395 '
175 2361 294 2450 terrani
314 2362 435 2448 bonam
456 2370 568 2443 semen
589 2390 800 2465 exceperunt,
828 2385 884 2468 qui
907 2382 1042 2447 audiunt
1059 2402 1254 2459 sermonem,
1282 2391 1315 2446 et

176 2485 365 2572 sincipiunt,
387 2488 420 2546 et
439 2477 646 2560 fructificant,
668 2479 750 2548 alius
762 2480 803 2548 ad
822 2485 958 2570 triginta,
978 2481 1059 2548 alius
1082 2481 1127 2550 ad'
1144 2483 1318 2570 sexaginta,

125 2612 134 2644 ι
179 2583 264 2653 alius
285 2585 328 2652 ad
350 2594 487 2651 centum.
879 2605 883 2616 ·

189 2769 192 2778 ’
260 2771 364 2840 Luc.
385 2771 472 2835 Vlll.
521 2769 574 2836 11.
599 2769 657 2836 Est
679 2778 785 2836 antem
805 2771 887 2838 haec
908 2761 1081 2860 parabola:
1103 2766 1316 2839 -Semenest

146 2933 148 2949 ,
175 2895 284 2944 sermo
304 2873 379 2939 Dei.
420 2871 470 2938 12
499 2871 568 2956 Qui
590 2881 695 2938 autem
716 2874 800 2938 iuxta
821 2875 904 2939 viam
926 2876 1052 2953 (semen
1074 2875 1269 2961 excipiunt),
1291 2876 1316 2938 ii

177 2987 267 3054 sunt,
287 2976 344 3060 qui
365 2973 516 3039 audiunt:
537 2970 657 3036 deinde
678 2976 768 3039 venit
790 2973 950 3054 diabolus,
971 2985 1004 3042 et
1024 2973 1111 3042 tollit
1130 2996 1316 3041 sermonem

177 3075 221 3145 de
243 3071 343 3142 corde
366 3060 493 3154 eorum,
518 3093 561 3168 ne
588 3071 759 3152 credentes
785 3085 963 3160 serventur.
1007 3076 1057 3146 13.
1079 3077 1161 3142 Nam
1184 3080 1240 3166 qui
1262 3099 1317 3140 su-

177 3199 241 3266 per
260 3185 393 3284 petram,
412 3177 442 3274 it,
458 3177 532 3240 sunt
553 3176 617 3260 qui,
640 3197 736 3262 quum
758 3174 927 3256 audierint,
947 3179 1125 3265 suscipiunt
1144 3201 1216 3244 cnm
1238 3200 1317 3265 gau-

178 3278 236 3348 dio
256 3297 453 3344 sermonem:
474 3275 507 3342 hi
527 3285 633 3342 tamen
654 3275 781 3342 radices
802 3277 870 3343 non
891 3275 1026 3357 habent,
1047 3281 1102 3366 qui
1123 3278 1164 3344 ad
1186 3289 1317 3366 ternpus

178 3377 331 3457 credunt,
368 3386 401 3442 et
421 3387 567 3461 tempore
593 3379 780 3444 tentationis
800 3378 967 3448 recedunt.
1009 3381 1059 3445 to
1082 3378 1184 3464 Quod
1205 3391 1313 3444 autem

176 3483 214 3549 in
233 3481 342 3569 spinas
361 3476 495 3563 cecirlrt,
515 3479 646 3558 ti‘sunt,
673 3482 729 3566 qui
750 3478 936 3559 audierunt,
963 3491 994 3547 et
1016 3494 1130 3548 euntes
1152 3503 1170 3546 a
1191 3479 1314 3547 solliei-

177 3579 346 3652 tudinibus
366 3589 400 3644 et
418 3577 553 3655 divitiis,
588 3587 621 3644 et
646 3577 867 3666 voluptatibus
893 3583 979 3647 ritae
1001 3581 1215 3660 suffocantur,
1248 3603 1314 3648 neo

176 3683 314 3750 fructum
334 3678 484 3747 reddunt.
525 3680 576 3744 15.
593 3677 696 3764 Quod
717 3691 822 3747 autem
843 3685 877 3747 in
898 3693 1014 3760 terram
1031 3685 1163 3768 bonane,
1184 3685 1207 3746 ii
1230 3694 1315 3763 sunt,

178 3789 234 3874 qni
255 3782 355 3854 corde
376 3779 467 3848 bono
482 3785 522 3846 ‘et
541 3779 684 3867 benigno
706 3779 874 3850 audientes
894 3787 1076 3853 sermonem
1096 3788 1254 3865 retinent,
1281 3795 1314 3851 et

178 3883 317 3953 tractum
337 3883 479 3950 ailcmnt
499 3885 533 3948 in
553 3884 717 3971 patientia.

254 4201 343 4280 Apud
355 4199 534 4260 Matthaeum
546 4210 577 4261 et
588 4200 696 4260 Lucam
708 4200 882 4283 simpliciter
902 4213 932 4264 et
950 4201 1013 4261 siue
1032 4201 1242 4285 obiurgatione
1257 4225 1310 4282 pa-

177 4275 309 4342 rabolam
329 4276 476 4358 discipulis
487 4277 607 4358 exponit
619 4277 766 4340 Christus:
778 4279 865 4359 'apud
877 4281 1006 4340 Marcum
1026 4299 1110 4356 vero,
1129 4301 1233 4340 eornm
1249 4293 1310 4340 tar-

178 4355 298 4422 ditatem
317 4353 438 4434 oblique
459 4354 645 4437 perstringit,
670 4355 738 4437 qnia
758 4355 819 4422 attis
839 4377 901 4420 uon
920 4369 1127 4437 praecurrent,
1149 4357 1199 4439 qui
1219 4357 1312 4422 futuri
1398 4373 1399 4384 ¹
