2756 4838
159 263 217 332 m
431 249 547 316 snei.
566 251 649 314 xvi.
688 264 767 312 irnii
787 199 823 314 iii
843 217 1053 313 memineris

159 407 267 471 Paulus
283 406 432 488 duplicem
452 406 553 467 statuit
572 404 720 477 iustitiam,
738 401 828 483 Legis
844 413 875 464 et
890 401 973 462 hdei:
993 400 1127 482 priorem
1139 401 1173 460 in
1186 399 1327 482 operibns

159 485 248 560 locat,
267 484 424 547 secundam
440 504 510 544 vero
527 483 556 542 in
568 503 649 542 mera
662 479 772 571 Christi
785 480 887 564 gratia.
925 479 1016 539 Unde
1028 473 1211 570 colligimus,
1232 477 1327 559 legale

62 567 67 576 ’
159 583 223 624 esse
243 562 300 623 hoc
322 559 432 620 Christi
451 579 634 640 responsum,
654 557 722 636 quia
741 577 877 616 iuvenem
897 554 934 615 de
955 576 973 614 o
998 576 1080 616 erum
1101 565 1222 644 iustitia·
1239 575 1326 632 quae-

159 650 274 700 rentem
314 658 373 696 rius
394 637 503 697 doceri
516 635 665 715 oportuit,
695 634 842 693 neminem
864 653 963 693 coram
1015 652 1052 692 eo
1074 631 1193 692 censeri
1212 643 1327 704 iustum,

126 775 130 786 ,
159 715 216 778 nisi
230 713 284 806 qui
295 659 379 850 pingi
397 712 572 772 satisfecerit
582 711 685 800 (quod
704 708 885 790 impossibile
906 713 980 788 est),
1005 720 1039 766 ut
1057 707 1241 798 infirmitapis
1261 727 1326 767 suae

160 803 347 854 conviciosa
391 789 460 849 fidei
479 788 639 849 subsidium
661 806 692 846 se
710 785 873 848 conierret
911 785 1023 844 Fateor
1043 803 1135 866 ergo,
1162 803 1235 862 quia
1253 805 1325 842 mer-

162 868 263 937 cedem
282 867 360 927 vitae
380 875 518 926 aeternae
537 865 620 924 Deus
639 863 728 943 Legis
747 883 816 924 suae
836 859 1077 924 observatoribus
1098 860 1255 940 promisit,
1273 860 1325 919 nisi

159 943 292 1006 obstaret
303 941 405 1008 -cor-ii‘is
426 952 543 1002 nostrae
558 939 725 1014 infirmitas,
744 940 820 999 hanc
833 937 913 998 uiam
930 937 1091 996 tenendam
1108 957 1185 1010 esse,
1205 937 1258 996 sed
1272 957 1325 996 no·

117 1023 122 1031 ’
158 1033 220 1082 sico
238 1019 312 1082 uitio
333 1017 396 1088 sieri
416 1017 567 1097 Scriptura
588 1016 686 1088 docet,
705 1027 737 1074 nt
757 1035 876 1076 necesse
896 1014 934 1072 sit
944 1013 1036 1096 nobis
1049 1013 1157 1072 donari
1172 1013 1256 1092 quod
1266 1032 1327 1072 me-

158 1097 221 1158 ritis
241 1093 539 1173 nou-consequimur.
575 1092 612 1152 si
633 1091 697 1171 quis
718 1092 849 1170 obiiciat,
869 1090 975 1150 frustra
991 1088 1079 1149 nobis
1096 1089 1229 1169 proponi
1242 1089 1326 1148 iusti-

158 1174 229 1237 tiam
249 1173 280 1232 in
296 1171 388 1252 Lege,
405 1169 488 1229 cuius
509 1190 597 1231 nemo
617 1187 746 1246 unquam
766 1167 831 1228 beri
851 1187 973 1246 compos
993 1165 1122 1246 poterit,
1143 1165 1327 1244 respondeo,

159 1250 227 1330 qnia
236 1249 432 1308 rudimentum
445 1257 500 1321 est,
517 1267 579 1382 pue
594 1244 785 1382 perducimur
800 1245 837 1335 ad
852 1243 1016 1334 precariam
1034 1241 1184 1332 iustitiam,
1202 1241 1326 1332 minime

157 1320 786 1486 ttssgtttttdt‘ti,iniustitiis
802 1317 1327 1478 ttttiitwtgth‘ttttddstz
1367 1437 1368 1442 a

85 1483 88 1490 ’
157 1479 215 1552 let,
235 1499 310 1557 quae
330 1477 386 1537 sibi
406 1476 583 1537 adsalutem
603 1473 810 1555 acquirendam
830 1472 967 1553 Papistae
988 1471 1181 1531 fabricarunt.
1219 1470 1327 1550 Neque

157 1556 236 1616 enim
256 1555 287 1615 iii
307 1573 344 1614 eo
364 1563 477 1612 tantum
498 1551 649 1623 falluntur,
689 1549 748 1610 nod
769 1548 855 1610 bonis
870 1549 1010 1630 operibus
1019 1547 1118 1607 Deum
1134 1545 1326 1627 obstringere
1367 1539 1368 1610 Ῐ

147 1630 214 1703 ‘sibi
233 1629 348 1702 uolunt,
366 1639 399 1686 ut
417 1629 540 1688 salutem
561 1629 641 1707 quasi
662 1571 790 1686 debitam
810 1626 967 1706 rependat:
987 1627 1038 1685 sed
1059 1625 1129 1684 dum
1146 1643 1178 1684 se
1190 1623 1227 1683 ad
1246 1624 1326 1684 hene

157 1709 304 1791 agendum
323 1704 494 1786 accingunt,
515 1702 688 1783 posthabita
703 1702 792 1784 Legis
812 1701 957 1774 doctrina,
977 1687 1136 1782 praecipiie
1156 1699 1234 1760 fictis
1275 1721 1325 1760 uas
1367 1767 1368 1770 Ἴ

101 1795 107 1807 ’
156 1795 267 1846 vocant
284 1779 494 1869 devotionibus
513 1791 581 1840 sunt
600 1778 719 1869 intenti,
739 1799 801 1838 noia
814 1779 894 1858 quod
913 1775 1182 1870 palamlrepudienp
1194 1777 1256 1836 Dei
1293 1797 1326 1836 e·
1367 1797 1368 1802 ¹

157 1857 317 1998 iiiiii
327 1852 1324 2013 itti”ttttittdtttitbttt{bittit-'tt‘tt‘t
1367 1895 1368 1950 ³

154 2009 284 2101 scripsit:
296 2008 372 2146 (quia
393 2007 564 2099 obedientia
584 2008 686 2099 potior
704 2006 748 2067 itti
765 2020 809 2069 est
825 2007 961 2076 omnihus
977 2006 1110 2066 victimis.
1141 2007 1229 2143 Ergo
1246 2008 1322 2097 qnis-

155 2083 796 2244 iduiiivhlishdddditiddiiiddudlcchlpiaah‘tedtld
813 2083 1127 2224 iusiihiiiiihldeeihahldih
1136 2094 1324 2243 LeegiiprhsatiaS
1367 2161 1368 2228 i

154 2239 230 2304 daits
247 2250 346 2300 totum
365 2237 524 2315 impendat

102 2315 108 2324 ’
232 2321 279 2382 18
315 2313 498 2392 niestein
515 2309 708 2374 homicidium.
747 2315 855 2376 Mirum
875 2325 930 2388 est,
949 2333 1038 2394 quum
1057 2311 1115 2374 toti
1133 2312 1179 2372 Le
1203 2311 1213 2328 ‘
1235 2312 1322 2375 Chri·
1367 2309 1368 2362 ῗ

155 2406 216 2456 stus
231 2413 291 2453 nos
309 2389 437 2452 voluerit
457 2408 518 2449 esse
536 2391 682 2466 addictos,
700 2403 814 2454 tantum
835 2391 993 2462 secundam
1012 2388 1144 2450 tabulam
1161 2411 1179 2448 a
1222 2409 1260 2450 eo
1279 2400 1323 2448 at·
1367 2391 1368 2420 ¹

134 2467 248 2552 ¹tingi,
266 2468 317 2530 sed
337 2467 395 2528 boc
414 2465 483 2526 ideo
505 2466 688 2540 factumest,
708 2468 775 2549 quia
797 2487 831 2528 ex
851 2465 957 2529 officiis
978 2466 1106 2528 caritatis
1122 2465 1235 2526 melius
1254 2487 1324 2548 per-

154 2547 288 2628 spicitur,
307 2543 400 2624 qualis
419 2542 457 2602 sit
474 2542 618 2623 cuiusque
638 2545 759 2606 animus.
803 2544 903 2605 Pietas
924 2544 1042 2623 quidem
1059 2563 1133 2634 erga
1153 2541 1255 2604 Deum
1273 2564 1323 2602 su·
1367 2609 1368 2612 Ἴ

153 2619 689 2772 {absinthiittttzttt
708 2621 816 2758 irpgis
834 2619 1215 2758 “diuisisti
1235 2637 1324 2753 ⁹²¹2?
1361 2633 1368 2694 'i

156 2795 240 2856 ergo,
259 2783 418 2864 praecepta
439 2792 455 2830 a
475 2770 599 2852 Christo
615 2719 873 2847 delecthpelssle,ein
894 2761 1000 2852 quibus
1018 2793 1106 2832 verae
1120 2717 1324 2832 Ιἱιιείὶῑίειῗῃῖο-

156 2853 325 2912 stimonium
341 2859 450 2908 exstat:
470 2867 527 2926 per
546 2849 754 2929 synecdochen
773 2862 872 2910 tamen
892 2851 947 2910 suh
965 2859 1049 2929 parte
1064 2859 1161 2908 totum
1173 2849 1324 2931 designat
1367 2869 1368 2902 ;

157 2927 249 3000 Quod
268 2936 456 3013 praeceptum
479 2924 520 3013 de·
536 2925 667 2986 colendis
686 2925 858 3007 parentibus
877 2926 982 2986 ultimo
1002 2924 1070 2985 loco
1114 2923 1210 2998 osuit,
1229 2926 1264 2984 in
1285 2943 1320 2984 eo
1367 2931 1368 2990 t

155 3003 228 3065 nibil
241 3012 450 3074 estmomcnti,
471 3020 539 3078 quia
555 3002 652 3062 exacti
672 3003 783 3063 ordinis
803 3024 901 3063 curam
914 3002 1037 3062 minime
1050 2946 1164 3061 hahuit.
1195 3001 1323 3061 Interim
1367 3017 1368 3056 i

155 3089 259 3139 notatu
278 3077 417 3168 dignuin,
435 3075 580 3166 secundae
601 3078 717 3140 tabulae
732 3078 858 3154 ascribi,
883 3099 921 3139 ne
942 3099 1029 3158 quem
1049 3077 1113 3138 deci
1136 3077 1179 3136 iat
1198 3077 1322 3156 Iosephi

156 3153 993 3306 tt‘ttiittt't2195325ffitfflitti?*titii
1008 3099 1323 3292 ,irritetis

156 3307 300 3380 continet,
320 3273 372 3366 seii
389 3306 538 3387 generalis
555 3321 601 3369 est
619 3255 749 3390 omium
769 3253 924 3390 expoliitio.
1367 3341 1368 3382 ι

230 3391 276 3450 20.
315 3383 398 3442 Dicit
415 3383 461 3442 i'lli‘
477 3383 650 3448 adolescere.
688 3385 800 3468 Legem
826 3383 871 3444 itii
897 3385 985 3446 suisse
1010 3395 1159 3444 mortuam
1187 3393 1324 3474 oportet,

107 3473 109 3480 ’
156 3482 244 3538 quum
265 3477 295 3520 se
315 3460 390 3520 adeo
410 3460 517 3550 iustum
536 3463 711 3522 somniaret:
731 3463 787 3522 nisi
807 3461 886 3521 enim
905 3483 961 3542 per
979 3459 1152 3552 hypocrisin
1162 3459 1221 3522 sibi
1232 3459 1323 3518 blan·

151 3539 231 3598 ditiis
252 3550 336 3612 esset,
354 3549 467 3616 optima
481 3539 693 3599 addiscendam
704 3537 895 3600 humilitatem
909 3537 1070 3599 admonitio
1083 3550 1160 3611 erat,
1179 3555 1322 3597 suisme-

155 3615 232 3676 cuias
254 3625 284 3674 et
301 3613 403 3674 sordes
420 3613 451 3672 in
461 3613 550 3696 Legis
569 3615 691 3695 speculo
710 3634 851 3675 cerneres
872 3615 984 3674 Verum
999 3613 1085 3672 stulta
1096 3611 1204 3673 fiducia
1217 3610 1323 3671 ebrius

153 3712 255 3754 secure
276 3691 376 3764 iactat,
393 3689 489 3770 probe
509 3711 541 3750 se
560 3711 576 3752 a
597 3692 721 3772 pueritia
736 3691 907 3760 defunctum
919 3691 1005 3750 fuisse
1020 3689 1134 3764 officio.
1165 3689 1245 3750 Idem
1256 3686 1324 3746 sibi

153 3769 233 3830 conti
258 3769 311 3828 isse
332 3765 440 3827 satetiir
458 3766 576 3842 Paulus,
595 3769 677 3847 quod
696 3789 727 3828 se
746 3771 844 3828 vivere
862 3787 1016 3847 persuasus
1036 3765 1138 3841 suerit,
1158 3787 1245 3846 quain
1269 3765 1325 3824 diu

119 3903 123 3910 ,
151 3867 218 3906 eum
236 3789 447 3934 istebatLegis
466 3843 566 3933 vigor:
585 3845 636 3904 sed
655 3856 809 3924 postquam
829 3845 929 3918 sensit,
950 3843 1019 3922 quid
1030 3841 1089 3900 Lex
1100 3841 1233 3916 ‘valeret
1252 3841 1326 3900 vul-
1367 3899 1368 3908 ἒ

152 3917 450 3980 ιιιιιιίιιάιΙιῐιΙιεώί
465 3919 552 3979 inisse
565 3920 718 3982 inflictum.
757 3921 831 3980 ideo
852 3919 1006 3998 responsio
1028 3915 1153 3994 Christi,
1173 3939 1252 3998 quae
1274 3939 1326 3978 se-

153 3997 262 4074 quitur,
281 3997 318 4056 ad
338 3996 463 4056 hominis
482 3995 634 4078 ingenium
654 3997 765 4057 directa
784 3997 847 4058 fuit.
878 3998 982 4075 Neque
993 4006 1092 4054 tamen
1105 3995 1270 4074 quicquain
1285 3994 1325 4054 ab

152 4089 190 4130 eo
212 4071 344 4132 Christus
364 4071 454 4153 exigit
472 4085 590 4151 praeter
598 4073 687 4153 Legis
706 4073 853 4149 mandata,
872 4073 923 4133 sed
944 4071 1010 4150 quia
1029 4070 1153 4208 simplex
1174 4071 1321 4132 recitatio
1367 4095 1368 4142 p

47 4147 52 4165 '
153 4166 218 4204 eum
237 4147 311 4208 nihii
330 4159 477 4223 moverat,
502 4149 564 4209 aliis
583 4151 680 4211 verbis
701 4151 848 4212 occultum
867 4148 1005 4208 avaritiae
1025 4167 1092 4218 mor
1114 4170 1164 4206 uin
1187 4147 1321 4228 detegit.
1367 4167 1368 4230 p

150 4221 276 4297 Fateor,
300 4243 439 4302 nusquam
461 4225 490 4286 iii
512 4225 594 4308 Lege
614 4225 712 4307 praeci
734 4227 754 4302 i,
773 4238 807 4285 ut
825 4225 923 4285 omnia
943 4225 1118 4284 vendamus:
1144 4224 1197 4283 sed
1223 4245 1325 4302 quum

150 4297 239 4378 Legis
258 4299 322 4358 finis
341 4301 393 4390 sit,
418 4301 551 4362 homines
570 4303 670 4364 adsui
689 4247 918 4384 abnegationem
938 4301 1101 4374 deducere,
1127 4311 1158 4360 et
1178 4319 1326 4378 expresse
1367 4281 1368 4354 i

149 4386 416 4452 concupiscentiam
429 4377 557 4456 damnet,
576 4379 706 4442 videmus
721 4371 870 4440 Christum
889 4399 951 4440 non
967 4376 1026 4438 alio
1046 4387 1205 4456 spectasse,
1225 4397 1326 4456 quam
