2756 4838
142 265 200 362 aas
296 291 411 355 ster.
430 259 529 352 nvn.
566 300 827 350 rnumsaconuu
846 285 1140 390 arnenrnnrtourts.

76 459 81 472 “
144 443 295 525 impulerit
310 443 429 527 occasio
448 441 485 502 ad
501 442 615 526 interro
639 441 743 509 andum
758 437 923 500 Christum:
943 457 1052 518 nempe
1104 437 1130 495 ia
1140 435 1232 516 'Legis
1244 447 1302 496 erat

143 524 300 600 interpres,
321 519 486 581 offenditur
497 463 651 599 Evangcbi
665 517 810 590 doctrina,
831 536 887 594 qua
908 514 1052 576 existimat
1062 457 1155 577 itosis
1174 512 1302 573 auctori-

1088 579 1094 589 α

142 611 234 658 tatem
252 596 355 656 minui.
383 596 558 674 Quanquam
578 616 640 654 non
654 605 712 652 tam
723 593 811 730 Legis
831 591 897 652 acio
917 589 1054 662 afficitur,
1075 611 1163 668 quam
1184 589 1302 671 indigne
1369 601 1370 662 ζ

142 673 202 734 fert
228 695 263 732 ex
287 673 447 754 magisterii
468 669 512 732 sui
532 672 646 731 honore
664 669 756 748 aliqui

144 749 275 824 Christo,
294 748 468 840 profiterine
486 747 559 807 velit
578 745 688 826 aliquid
699 746 781 837 Lege
796 745 969 835 periectius:
987 743 1300 881 fflffiffiffii
1369 735 1370 758 ¹

142 848 206 1038 {tt
226 836 371 982 {iiiiii
391 832 1035 961 ‘ttffttitttttt‘.t¹¹¹u⁵d”.³.‘.⁵‘¹.?t.¹¹‘....
1056 908 1171 956 uncum
1189 842 1302 956 uda}

802 669 955 730 decedere.
994 666 1171 728 sciscitetur
1197 665 1303 748 edgoa

165 999 222 1037 unc
243 981 334 1037 asttrm
355 975 500 1055 tribuunt,
517 977 570 1037 sed
586 997 652 1036 rem
673 995 705 1035 ex
721 973 892 1066 *composito
908 983 1001 1034 ac'tam
1016 973 1108 1032 inisse
1126 973 1251 1032 docent:
1271 993 1302 1031 ac

143 1075 234 1118 unum
255 1055 343 1114 suissc
363 1053 508 1114 delectram
528 1074 545 1113 a
563 1063 628 1113 tota
647 1063 736 1127 secta,
756 1073 806 1126 qur
825 1071 897 1130 prae
917 1048 1115 1132 aliisingenio
1129 1048 1303 1108 etdoctrina
1369 1071 1370 1124 3

166 1130 260 1190 oilcre
279 1130 354 1192 visus
378 1141 429 1191 cst.
469 1131 505 1189 Iu
531 1129 625 1190 forma
652 1129 739 1188 etiam
764 1126 1006 1210 interrogationis
1030 1123 1168 1185 nonuibii
1187 1145 1203 1183 a
1223 1125 1302 1182 diat·
1369 1131 1370 1176 1

142 1217 231 1274 tacu
251 1217 281 1267 et
299 1207 400 1266 Marco
422 1205 524 1266 disiert
543 1207 651 1266 Lucas:
671 1225 738 1264 uam
758 1205 836 1284 apud
855 1203 933 1263 hunc
953 1202 1068 1283 quaerit
1089 1200 1207 1272 Scriba,
1227 1201 1299 1278 quid
1369 1213 1370 1276 ξ

141 1281 279 1342 iaciendo
299 1283 387 1343 vitam
400 1294 547 1342 aeternam
560 1291 778 1372 consequantur
791 1280 936 1352 homines,
954 1280 1032 1358 apud
1045 1277 1119 1338 a'iios
1131 1297 1200 1336 vero
1212 1275 1300 1350 duos,
1369 1283 1370 1300 ¹

141 1359 294 1438 quoduam
318 1360 350 1418 in
369 1359 412 1419 Le
435 1380 451 1418 ε
476 1368 618 1418 summum
643 1357 886 1426 srtmaudaturn.
923 1356 1006 1417 Idem
1030 1367 1131 1414 tamen
1151 1365 1201 1412 -est
1224 1351 1301 1424 bnis,

142 1436 211 1570 puin
231 1433 383 1496 Christum
417 1435 547 1500 ailaciter
566 1434 746 1516 aggreditur,
765 1445 807 1505 ut,
824 1433 849 1492 si
889 1432 942 1493 uid
959 1419 1059 1492 eliciat
1078 1452 1112 1491 ex
1130 1429 1302 1489 eicisaeurea
1369 1487 1370 1500 ¹

172 1531 226 1593 ege
247 1511 401 1589 diversum,
417 1511 502 1591 <quasi
522 1523 683 1594 apostatam
705 1519 735 1570 et
751 1509 861 1590 impiae
900 1507 1054 1569 eiectionis
1066 1519 1221 1567 auctorem
1239 1525 1303 1564 eum

142 1599 277 1670 exagrtet.
766 1623 777 1635 -

217 1651 289 1725 nuc.
305 1669 353 1730 aa.
391 1662 531 1742 ung.
549 1661 620 1745 que
635 1665 772 1740 surm...
791 1669 851 1723 ..aa
886 1661 979 1722 anu
1000 1659 1111 1721 caran
1128 1677 1301 1739 :upum

143 1739 224 1800 audit
244 1761 329 1818 quam
348 1751 524 1820 speraverat.
563 1742 603 1800 Et
624 1753 704 1800 certe
715 1761 779 1800 non
800 1739 886 1800 aliam
907 1739 955 1819 pie
974 1737 1108 1818 iusteque
1128 1733 1246 1796 vivendi
1256 1754 1302 1794 re-

142 1814 240 1896 gulam
262 1816 360 1875 attulit
381 1813 523 1889 Christus,
537 1833 629 1894 ‘quam
651 1815 818 1898 quaechc
828 1815 920 1876 Musis
936 1811 1046 1875 'tradita
1066 1817 1142 1884 erat,
1162 1810 1231 1904 quia
1251 1811 1302 1870 sub

140 1891 278 2026 perfecto
299 1889 358 1949 Dei
378 1903 408 1949 et
427 1891 626 1970 proximorum
645 1912 745 1983 amore
765 1891 937 1954 continetur
955 1909 1066 1981 spmma
1087 1888 1217 1948 iustitmc
1236 1907 1305 1967 per-

156 1978 243 2026 ectro.
282 1967 452 2026 Notandum
472 1980 571 2026 tamen
587 1980 645 2041 est,
665 1959 818 2030 Chrestum
838 1967 874 2028 de
894 1966 1072 2046 aequareuda
1090 1963 1198 2038 sainte,
1215 1973 1301 2044 prout
1369 1989 1370 2022 r

141 2052 263 2124 rogatus
284 2041 389 2117 suerat,
409 2043 457 2103 hic
478 2042 570 2122 ioqui.
607 2043 713 2122 Neque
733 2045 811 2104 enim
831 2044 920 2125 piane
938 2041 1096 2102 sicutaiibi
1108 2041 1212 2114 docet,
1230 2059 1298 2119 quo·
1369 2035 1370 2082 ἶ

144 2119 236 2178 modo
257 2119 402 2180 advitam
422 2132 571 2182 aeternam
590 2117 765 2200 perveniant
784 2121 933 2195 homines,
956 2119 1008 2180 sed
1028 2119 1185 2198 quomodo
1203 2115 1300 2175 cneu-

143 2195 212 2256 dum
233 2194 282 2264 sit,
299 2207 335 2254 ut
354 2195 419 2256 iusti
440 2207 539 2256 cura'm
558 2197 627 2256 Deo
647 2208 829 2258 censeantur.
855 2195 977 2256 Certum
992 2207 1093 2254 auten
1115 2205 1162 2254 est
1181 2187 1211 2254 iu
1223 2193 1301 2272 Lege

141 2270 304 2352 praescribi
324 2272 509 2347 hominibus,
530 2274 681 2352 quomodo
701 2274 788 2351 pi‘tam
809 2274 937 2334 formare
958 2271 1102 2344 debeant,
1128 2282 1165 2330 ut
1183 2269 1298 2330 salntem

141 2369 240 2407 coram
255 2348 323 2408 Deo
343 2347 398 2408 sihi
419 2360 599 2429 comparent.
639 2350 731 2426 Quod
751 2361 846 2409 autern
866 2349 926 2410 Lea
945 2347 1016 2408 nihii
1038 2348 1119 2407 aliud
1141 2367 1229 2437 quam
1248 2345 1297 2404 da·
1369 2385 1370 2416 ff

142 2519 215 2592 gere
235 2521 251 2560 a
298 2501 366 2561 auio
388 2503 492 2563 dicitur
507 2501 654 2581 (Rom'a,
673 2503 746 2576 aa),
766 2523 828 2562 uon
849 2502 883 2561 fit·
901 2501 1153 2573 asennaeum,
1172 2497 1303 2578 sedeccia

141 2577 324 2656 empossibiie
344 2576 431 2640 nobis
447 2590 496 2640 est
514 2589 661 2659 praestare
682 2578 762 2660 quud
781 2577 873 2638 iubet
897 2579 984 2660 Ergo
998 2597 1166 2656 quanquam
1179 2573 1303 2664 exlege

140 2670 230 2712 nemo
251 2653 439 2730 iustifica'tur,
468 2655 604 2738 cpntinet
623 2667 719 2715 tamen
739 2653 800 2714 Lex
819 2645 881 2735 ipsa
900 2674 1040 2714 summam
1059 2651 1218 2726 iustitiam,
1238 2671 1304 2730 quta

82 2791 83 2794 ,
140 2747 202 2788 non
223 2729 298 2789 salso
320 2731 441 2790 salutem
480 2731 610 2790 'comittit
628 2731 686 2790 suis
706 2729 883 2804 cultoribus,
921 2729 946 2788 si
971 2729 1034 2809 quis
1051 2728 1145 2808 piene
1163 2727 1306 2788 absence

142 2805 281 2884 quicquid
302 2807 430 2866 mandat.
454 2753 559 2885 licque
571 2807 643 2866 baec
663 2807 791 2868 ducendi
811 2807 887 2867 ratio
907 2805 993 2866 nobis
1006 2804 1305 2868 absurdavideride-

141 2878 211 2953 bet,
232 2880 315 2958 quod
331 2881 412 2958 Deus
454 2883 528 2942 rimo
549 2882 686 2942 iustitiam
708 2903 832 2961 operum
852 2883 997 2964 requirat,
1017 2881 1126 2940 deinde
1184 2880 1305 2940 atuitam

98 2974 100 2980 ·
142 2955 251 3015 offerat
263 2955 324 3014 sine
335 2904 488 3045 'operii'us⁹
507 2958 574 3036 quia
589 2977 707 3018 necesse
720 2970 764 3017 est
782 2959 915 3020 homiues
934 2977 1004 3018 suae
1023 2957 1116 3018 iustae
1136 2901 1306 3018 Εωηιῑίο-

144 2445 248 2484 muare
266 2435 375 2560 potest,
391 2423 523 2506 ideoque
533 2425 636 2486 mortis
647 2437 770 2487 vocatur
780 2423 924 2498 doctrina,
944 2435 974 2484 et
991 2437 1301 2514 transgressronesau-
1369 2443 1370 2490 t

139 3032 185 3090 nis
205 3031 352 3103 couviucr‚
371 3045 405 3111 pt
425 3035 460 3094 ad
480 3033 539 3093 Dei
558 3033 788 3096 misericordiam
810 3032 991 3118 confugiant.
1029 3034 1103 3093 Ideo
1125 3035 1204 3113 apud
1227 3033 1307 3092 Pan·
1369 3089 1370 3096 ,

108 3143 112 3161 .
140 3107 200 3166 ium
221 3107 322 3185 (Rom.
332 3113 379 3181 10,
389 3111 443 3183 b),
462 3109 613 3189 utriusque
627 3109 751 3170 iustitiae
773 3113 955 3202 comparatio
975 3110 1106 3202 ponitur,
1125 3121 1159 3168 ut
1179 3109 1308 3169 sciamus
1369 3155 1370 3160 η

139 3201 194 3242 nos
215 3182 282 3242 idco
302 3183 391 3266 gratis
412 3185 561 3247 iustificari
581 3207 597 3245 a
615 3187 711 3262 Deo‚'
742 3187 808 3267 quia
835 3207 956 3268 propria
977 3187 1083 3246 iustitia
1105 3186 1307 3245 destituimur.

141 3257 275 3350 Christus
295 3272 391 3350 autem
412 3262 442 3320 in
463 3260 683 3342 hoc'responso
703 3283 766 3324 sese
778 3263 1010 3324 accommodavit
1022 3262 1310 3344 adLegispentum,
1369 3285 1370 3298 ¹

139 3344 171 3394 et
190 3347 334 3407 rotronem
353 3339 597 3421 mterrogationis
618 3339 727 3399 habuit.
774 3341 951 3416 Quaesierat
970 3340 1047 3400 enim
1067 3337 1118 3398 iiic
1136 3359 1202 3398 non
1224 3339 1309 3398 uude
1369 3383 1370 3406 .

42 3488 54 3499 a
138 3414 266 3492 petenda
288 3424 365 3472 esset
383 3413 468 3488 salus,
488 3417 539 3477 sed
580 3415 664 3476 uibus
685 3415 824 3496 operibus
844 3416 1029 3495 acquirenda.

217 3489 387 3568 ntaath237'.
426 3491 542 3570 Diliges
596 3496 722 3554 ominum
740 3491 837 3552 Deum
855 3508 943 3556 tetum.
983 3491 1071 3572 Apud
1090 3491 1238 3552 Murcum
1257 3491 1309 3550 in-

141 3565 246 3624 seritur
266 3566 427 3644 praefatio,
449 3571 529 3648 quud
549 3568 629 3629 Deus
650 3568 739 3628 Israel
759 3589 833 3630 unus
853 3569 890 3629 eit
909 3569 1055 3629 Iebovair:
1075 3567 1184 3647 quibus
1200 3567 1306 3626 verbis

60 3689 63 3703 .
138 3643 343 3702 auctoritatem
365 3641 439 3725 Legi
459 3665 528 3705 suae
548 3643 658 3725 duplici
679 3645 799 3704 numine
818 3645 956 3705 conciliat
974 3645 1064 3705 Deus.
1104 3643 1180 3704 Nam
1197 3655 1230 3701 et
1249 3643 1304 3703 hie
1369 3693 1370 3696 ,

136 3718 268 3800 ¹stimulus
289 3720 325 3777 ad
337 3719 395 3778 Dei
407 3720 524 3780 colendi
541 3721 670 3782 studium
690 3722 846 3782 acerrimus
860 3741 920 3782 esse
931 3721 1033 3792 debet,
1051 3720 1121 3780 dnm
1133 3726 1214 3780 certo
1225 3739 1306 3799 per-
1369 3773 1370 3794 ¹

137 3794 214 3854 suasi
233 3816 339 3870 sumus,
359 3817 414 3855 nos
434 3819 534 3856 verum
555 3796 633 3856 cneii
644 3809 674 3856 et
685 3807 780 3858 terrae
797 3797 937 3878 opificem
945 3797 1056 3869 coiere,
1076 3795 1146 3875 quia
1158 3795 1310 3854 natu-aii-
1369 3815 1370 3822 ¹

122 3859 211 3930 'teri
235 3872 346 3931 naviam
367 3871 463 4008 giguit
483 3873 629 3934 dubitatio
649 3885 680 3932 et
705 3873 807 3933 suavis.
825 3874 861 3933 ad
880 3869 1007 3933 cundem
1027 3874 1123 3951 ipsura
1144 3873 1310 3934 amandum
1369 3889 1370 3910 ¹

136 3945 221 4006 iliece
245 3969 276 4007 ra
297 3959 350 4023 est,
391 3957 439 4007 um
458 3949 514 4009 sibi
534 3969 588 4008 nos
609 3949 749 4030 gratis,in
769 3951 911 4030 popuium
932 3949 1062 4030 adoptat.
1082 3949 1167 4028 Ergo
1180 3959 1309 4026 netre-

41 4035 46 4044 ·
134 4017 181 4080 lut
199 4023 233 4086 in
250 4023 338 4084 rebus
359 4024 454 4084 dubiis
474 4025 539 4084 fieri
555 4025 647 4101 solet)
666 4026 851 4105 trepidarent
861 4025 973 4100 Iudaei,
992 4023 1124 4098 audiunt,
1145 4042 1162 4082 a
1182 4045 1267 4084 vero
1279 4037 1310 4084 et

136 4096 312 4186 unicuDeo
332 4099 409 4160 vitae
430 4101 561 4182 regulam
581 4101 636 4161 sibi
658 4122 720 4161 esse
740 4103 956 4193 praescriptam.
987 4101 1033 4160 Ne
1054 4111 1153 4160 autem
1173 4119 1234 4161 eos
1249 4103 1311 4161 dit-

136 4169 253 4230 fidentra
274 4177 415 4264 retardet,
433 4177 615 4240 famiiiariter
635 4179 669 4237 ad
683 4179 762 4268 ipsos
773 4180 888 4238 accedrt
899 4178 992 4252 Dens,
1012 4187 1042 4235 e't
1053 4175 1221 4258 gratuitum
1240 4178 1311 4239 ioe-

138 4244 190 4302 dus
210 4265 292 4334 supm
311 4249 367 4308 rilrs
388 4255 581 4314 commendat.
599 4253 730 4314 luterum
751 4265 849 4313 tarncn
869 4254 988 4313 minime
1006 4253 1127 4312 dubium
1150 4263 1210 4326 eet,
1232 4255 1310 4334 quin

135 4337 167 4376 ac
186 4317 223 4376 ab
243 4320 328 4382 rdolis
348 4328 482 4390 omnibus
502 4341 628 4420 separet,
647 4351 685 4389 ne
705 4329 763 4390 aiio
775 4328 1087 4402 detrahanturludaei‚
1106 4329 1209 4389 sedin
1225 4349 1309 4420 puro

137 4391 197 4453 eius
217 4395 302 4454 unius
322 4400 402 4461 cuitu
421 4424 452 4464 se
471 4417 652 4468 conteneant.
673 4405 734 4466 Iam
749 4427 821 4468 veru
841 4407 865 4467 si
883 4405 1063 4468 incertitudo
1078 4405 1212 4466 miseros
1235 4409 1310 4466 adu·
1369 4423 1370 4466 1
