2766 4840
163 217 223 280 31⁴
302 199 308 210 ’
394 211 513 275 SEGT.
532 213 612 274 ΗΧ.
653 229 785 276 cnarsm
806 227 922 278 arsuro
943 229 987 278 ar
1006 231 1106 278 noas.

165 365 344 426 substantiae
364 366 427 428 eius
446 367 601 428 transitum
621 365 651 428 in
672 368 781 430 animas
799 376 926 444 nostras,
946 370 998 431 red
1018 371 1187 434 comeditur
1207 393 1224 434 a
1249 375 1341 436 nohis

167 443 230 504 eius
250 463 331 516 caro,
352 445 420 503 dum
442 463 476 504 ex
496 444 637 505 savium
658 445 844 524 percipimus.
884 447 1028 510 Tenenda
1043 449 1124 508 enim
1135 450 1281 534 analogia
1300 469 1342 512 est

165 519 213 580 vel
232 517 394 599 similitudo
414 521 497 601 panis
518 543 583 580 cum
604 541 703 594 carne,
723 543 778 601 qua
800 523 957 600 docemur,
983 545 1044 586 non
1064 547 1149 586 sccrrs
1170 531 1255 606 pasci
1276 533 1343 590 ani·

67 595 76 622 ¹
165 610 226 658 ruas
252 591 340 658 chrue
365 598 426 676 ipsa
455 597 582 671 Christi,
613 619 699 678 quam
748 598 809 658 anis
835 600 970 682 rigorem
996 603 1176 682 corporibus
1205 604 1341 666 instillat

166 673 188 738 S
212 673 327 734 irituale
348 695 422 755 crgo
444 674 614 736 alimentum
635 687 679 734 cst
698 621 811 738 Christi
831 698 916 751 caro,
944 678 1011 757 q‘uia
1037 677 1125 738 nohis
1145 680 1267 742 vivifica
1287 697 1340 743 cst

167 694 241 810 Ideo
262 762 358 812 autem
378 749 516 824 vivificat,
537 752 605 832 quia
624 753 723 826 vium,
744 773 819 831 quae
831 753 861 812 in
876 775 910 814 ca
928 755 1048 828 residet,
1069 756 1201 835 Spiritus
1221 773 1340 820 sanctus

167 828 197 888 in
219 847 273 886 nos
293 827 443 888 diffundit
484 828 664 908 Quanquam
689 841 786 890 auteur
812 829 890 890 aliud
916 843 976 906 cst,
1001 833 1078 894 vesci
1106 831 1222 894 Christi
1251 858 1340 898 carne

166 923 254 983 quam
277 903 309 964 in
334 903 428 984 ipsum
458 905 596 980 credere,
622 903 772 971 sciendum
797 918 894 968 tamen
921 919 983 980 est,
1008 907 1187 970 sonaliter
1214 909 1339 974 Christo

165 1001 223 1116 ulls
248 1000 333 1060 posse
359 980 438 1042 vesci
464 1003 550 1062 quam
565 1001 631 1063 ’ρετ
655 983 761 1058 fidem,
791 984 860 1064 quia
890 985 1078 1048 manducatio
1105 987 1169 1067 ipsa
1197 989 1273 1049 lidei
1298 1003 1341 1050 est

167 1075 183 1116 e
212 1068 303 1118 ectus.

243 1139 291 1199 29.
329 1133 409 1195 Ilico
427 1149 522 1198 mem
539 1133 626 1195 undis.
665 1135 751 1196 Hanc
776 1137 953 1198 sententiam
972 1139 1141 1200 Matthaeus
1166 1151 1196 1200 et
1214 1142 1339 1204 Marcus

166 1231 265 1274 sacrae
291 1229 404 1275 coenae
430 1211 603 1286 subiiciunt,
635 1223 704 1291 post
727 1233 792 1303 uym
819 1213 953 1276 Christus
983 1215 1153 1308 symbolum
1181 1220 1339 1298 sauguinis

165 1287 211 1350 sui
230 1287 262 1348 in
282 1287 375 1349 calice
395 1287 525 1350 dederat.
564 1289 653 1350 Unde
678 1233 824 1371 cdlhgunt
841 1290 975 1370 quddam,
1000 1293 1078 1354 rdem
1107 1294 1154 1355 hic
1181 1297 1297 1354 narmi
1323 1319 1338 1356 a

126 1383 129 1390 ’
166 1363 246 1424 Luca
269 1365 349 1444 quod
371 1363 549 1447 paulo'post
567 1355 696 1446 repetit.
733 1367 794 1426 Sed
815 1367 901 1428 lacilc
920 1368 1045 1430 solvitur
1064 1370 1112 1430 hic
1133 1371 1245 1446 nodus,
1271 1373 1338 1450 quia

165 1442 285 1502 adrem
306 1463 409 1522 parum
429 1443 568 1516 interest,
593 1463 663 1523 quo.
678 1443 821 1524 temporis
840 1459 993 1507 momento
1013 1447 1073 1506 hoc
1095 1447 1237 1507 Christus
1260 1451 1335 1510 dire-

165 1521 220 1580 rit:
247 1539 315 1578 nrm
335 1519 391 1580 hnc
411 1531 524 1580 tanturn
544 1530 679 1600 spectant
698 1519 921 1610 Evangelistae,
947 1523 1116 1584 admonitos
1136 1525 1231 1585 luisse
1250 1527 1336 1586 disci-

188 1595 252 1657 ulos
272 1607 332 1656 tam
352 1597 388 1656 de
409 1597 576 1677 propinqus
596 1596 730 1676 Magistri
747 1619 793 1656 sur
812 1610 919 1678 morte,
944 1619 1031 1677 quam
1051 1599 1089 1659 de
1111 1623 1194 1662 nova
1218 1613 1250 1662 et
1269 1624 1335 1664 coe·

178 1674 232 1734 esti
250 1669 318 1734 uita.
356 1675 433 1734 Nam
451 1693 514 1752 quo
534 1673 656 1754 propius
675 1673 804 1734 instabat
821 1673 896 1736 hora
916 1675 1029 1746 mortis,
1050 1697 1088 1738 eo
1102 1679 1202 1759 magis
1220 1679 1334 1740 luerunt

166 1749 440 1822 conhrnrtandi‚=nc
466 1768 585 1829 prorsus
599 1749 784 1810 'deficerent
823 1749 941 1812 Deinde
961 1773 1050 1831 quum
1077 1752 1109 1812 in
1139 1777 1227 1815 sacra
1248 1777 1333 1816 coenr

163 1839 292 1886 mortem
311 1846 392 1886 suam
413 1827 496 1904 quasi
514 1825 545 1886 in
565 1825 687 1906 speculo
708 1839 778 1888 ante
797 1827 900 1888 oculos
920 1827 976 1888 illis
990 1849 1108 1908 ponere
1118 1831 1151 1890 in
1167 1834 1270 1892 animo
1288 1833 1332 1892 hr-

74 1944 100 1964 μ
166 1901 269 1976 heret,
293 1922 354 1961 non
381 1901 432 1962 ahs
459 1923 491 1962 re
516 1902 622 1964 iterum
649 1911 769 1964 testatus
795 1909 856 1980 ost,
881 1925 913 1964 se
937 1905 995 1964 iam
1021 1909 1179 1968 emundo
1201 1910 1330 1990 migrare.

165 1977 323 2040 Caeterum
344 1976 411 2056 quia
433 1977 536 2057 plenus
555 1979 690 2040 tristitiae
709 1981 828 2043 nuntius
848 1992 920 2055 crat,
940 2002 1007 2042 mox
1023 1983 1146 2044 additur
1161 1987 1330 2058 consolatio,

164 2075 229 2114 non
249 2073 311 2114 esse
331 2077 384 2114 cur
403 2065 529 2114 mortem
547 2057 734 2129 exhorreant,
762 2057 810 2118 cni
829 2059 968 2119 succedet
986 2057 1094 2120 mehor
1115 2061 1197 2122 vita:
1218 2063 1271 2122 acsi
1287 2063 1327 2120 di-

163 2131 261 2205 xissct,
276 2153 359 2192 nuuc
380 2131 498 2210 quidem
517 2131 552 2192 ed
566 2144 692 2193 mortem
742 2154 848 2213 opero,
867 2137 919 2196 scd
939 2147 972 2194 ut
990 2134 1060 2196 inde
1080 2138 1120 2198 ad
1144 2138 1259 2200 hcataur
1277 2139 1327 2196 im-

164 2207 373 2270 mortalitatem
389 2220 561 2284 transeam,
587 2231 644 2270 uec
669 2153 749 2269 sollls
776 2211 808 2270 in
831 2231 926 2291 regno
946 2211 1006 2270 Dei
1032 2233 1174 2274 seorsum
1201 2216 1328 2286 ridurus,

166 2287 218 2347 sed
243 2307 296 2348 vos
322 2285 473 2346 habiturus
499 2299 652 2352 consortes
678 2287 808 2348 eiusdem
827 2287 914 2348 vitae.
952 2288 998 2348 Ita
1017 2288 1175 2366 ridemus,
1201 2304 1234 2351 ut
1250 2313 1329 2351 manu

167 2363 255 2424 ducat
273 2383 342 2423 suos
362 2361 521 2443 discipulos
541 2363 578 2422 ad
597 2384 724 2437 crucem,
745 2376 775 2422 ct
794 2364 863 2424 inde
882 2365 914 2424 iu
933 2387 945 2424 s
969 2385 1014 2424 cm
1033 2369 1269 2430 resurrectionis
1286 2389 1329 2428 eos
1370 2413 1371 2416 η

167 2437 297 2499 extollat.
336 2440 421 2502 Sicut
440 2451 537 2500 autem
557 2439 624 2500 illos
645 2440 734 2521 dirigi
754 2441 929 2502 admortem
942 2385 1053 2502 derisui
1066 2446 1221 2523 oportuit,
1242 2457 1329 2524 utper

165 2515 246 2576 illam
273 2515 379 2577 scalam
405 2515 436 2576 in
461 2515 576 2578 coelum
603 2521 809 2578 ascenderent:
841 2518 881 2577 ita
912 2539 1007 2592 nunc,
1038 2540 1073 2578 ex
1105 2543 1173 2598 quo
1207 2523 1329 2584 Christus

166 2605 264 2654 morte
282 2593 438 2654 defunctus
458 2605 504 2652 cst
518 2593 555 2654 ac
575 2595 605 2655 iu
623 2594 739 2654 eoelum
762 2605 909 2674 receptus,
929 2617 945 2654 a
966 2596 1061 2656 crucis
1079 2596 1197 2658 intuitu
1221 2600 1251 2658 iu
1270 2619 1328 2660 coc-

166 2669 228 2730 lum
249 2670 353 2731 deduci
374 2692 429 2730 nos
449 2671 604 2745 convenit,
629 2683 663 2730 ut
675 2671 766 2733 'inter
783 2693 816 2730 se
837 2671 1017 2738 cohaereant
1035 2693 1117 2734 mors
1140 2687 1173 2734 et
1193 2677 1273 2736 vitae
1290 2696 1329 2734 re-
1370 2719 1371 2722 η

165 2747 293 2828 paratio.
333 2747 426 2821 Quod
455 2757 553 2807 autem
582 2767 768 2812 communem
797 2747 854 2808 illis
882 2769 985 2810 seeum
1013 2750 1146 2830 gloriam
1175 2755 1330 2831 promittat.¹

166 2823 246 2884 clare
272 2844 307 2883 ex
331 2823 429 2882 verbis
454 2834 550 2902 patet,
581 2825 673 2884 donec
694 2823 788 2884 bibam
814 2824 892 2886 illud
911 2847 1015 2886 norum
1038 2827 1200 2888 uobiscum.
1250 2829 1329 2902 Quod

166 2921 239 2962 vcro
261 2899 406 2960 obiiciunt
427 2900 560 2992 quidam²
585 2922 646 2962 nou
668 2916 835 2981 congruere
855 2903 952 2962 cibum
972 2915 1003 2962 et
1020 2915 1127 2983 potum
1150 2925 1253 2986 reguo
1273 2905 1330 2971 Dei,

166 2976 306 3040 l'rivoluur
328 2988 385 3037 est:
411 2977 478 3056 quia
498 2978 572 3038 nihrl
592 2977 670 3038 aliud
691 2977 833 3058 intelligit
852 2980 996 3052 Christus,
1016 3003 1106 3060 quern
1127 3003 1201 3042 mox
1222 2984 1330 3064 pris-ru-

85 3072 87 3087 ¹
167 3054 222 3116 dos
247 3053 313 3112 lore
333 3051 404 3113 disci
427 3051 491 3114 ulos
516 3077 567 3114 sua
593 3054 781 3136 praesentia,
800 3069 839 3115 rte
864 3057 988 3135 posthac
1013 3079 1081 3119 cunt
1106 3057 1167 3125 illis
1193 3072 1328 3128 vescatur,

167 3129 264 3192 donec
288 3129 375 3190 simul
401 3075 536 3190 linantur
558 3131 617 3190 vita
643 3130 775 3192 coelesti.
816 3133 917 3207 Quruu
938 3153 1033 3213 porro
1056 3134 1119 3194 eius
1140 3135 1241 3210 vitae,
1265 3153 1326 3214 quae

167 3205 227 3269 cibi
248 3217 279 3266 et
298 3217 385 3286 potus
404 3207 589 3268 adminiculis
608 3207 815 3290 uon'indiget,
834 3208 958 3270 roricus
979 3221 1111 3284 notetur,
1131 3231 1250 3271 novum
1269 3225 1327 3270 turc

167 3281 235 3342 sore
255 3283 386 3366 potionis
406 3305 498 3366 genus
519 3285 598 3345 dicit.
636 3285 711 3360 Qua
735 3305 809 3346 voce
834 3285 994 3368 allegorice
1011 3286 1115 3366 ‚ipsum
1139 3285 1228 3366 loqui
1249 3290 1328 3348 doce-

166 3381 242 3419 mur.
281 3361 355 3422 ldeo
376 3382 392 3420 a
415 3361 453 3422 ud
473 3361 582 3421 Lucam
602 3361 775 3453 simpliciter
793 3362 875 3436 dicit,
898 3363 988 3422 denseo
1008 3367 1105 3426 uniat
1121 3386 1251 3439 men
1269 3365 1329 3424 Dc

167 3439 203 3498 ln
220 3421 344 3512 humma,
364 3383 499 3498 Christus
518 3438 740 3518 redemptronis,
760 3461 847 3518 quam
866 3452 962 3501 morte
981 3461 1032 3500 sna
1047 3441 1185 3520 peperit,
1208 3441 1328 3502 fructum

55 3511 64 3538 ⁸
167 3526 199 3576 et
217 3515 358 3575 ellectum
378 3515 466 3575 nobis
486 3517 681 3575 comnrendat.
722 3515 814 3589 Quod
830 3517 892 3580 hoc
913 3518 1035 3596 quidam
1048 3529 1158 3596 putant
1178 3517 1265 3576 luisse
1277 3519 1330 3575 iur-

167 3589 298 3672 pletum,
323 3593 439 3672 quotics
464 3591 611 3652 Dominus
637 3603 708 3672 post
731 3593 979 3656 resurrectionem
1007 3615 1084 3674 omn,
1099 3594 1247 3674 discipulis
1269 3594 1330 3652 suis

167 3668 313 3744 comedit,
338 3668 375 3728 ab
397 3669 459 3728 eius
478 3682 578 3729 mente
598 3667 727 3728 alienum
747 3681 805 3729 cst:
832 3691 898 3730 narn
920 3691 1008 3750 quum
1029 3669 1078 3730 ille
1100 3670 1183 3732 iuter
1201 3668 1332 3729 mortalis

165 3742 245 3810 vitae
265 3766 379 3806 cursum
401 3759 431 3806 et
450 3745 586 3806 coelestis
605 3746 681 3806 vitae
700 3757 807 3806 metam
829 3747 939 3808 medius
953 3759 1145 3820 essetstatus,
1164 3759 1235 3812 tuuc
1252 3767 1334 3808 nou-

166 3823 238 3884 dum
257 3823 435 3904 patefactum
455 3834 519 3882 erat
537 3842 662 3904 regnum
683 3823 755 3882 Dei:
776 3823 845 3883 ideo
866 3834 896 3883 et
914 3823 1026 3884 ltlariac
1044 3824 1177 3898 dicebat,
1197 3823 1273 3883 Noli
1289 3845 1334 3882 me

165 3911 302 3982 tangere,
322 3901 389 3980 quia
410 3899 542 3961 noudum
562 3899 680 3960 ascendi
699 3899 735 3958 ad
756 3901 884 3961 Patrem.
922 3901 1008 3960 Adde
1028 3900 1109 3978 quod
1130 3901 1269 3960 nondum
1290 3901 1336 3960 in-

204 3978 259 4040 essi
279 3988 364 4040 erant
382 3975 518 4056 discipuli
536 3975 567 4036 in
587 3997 712 4057 regnum
726 3975 801 4050 ,net
821 3988 854 4036 ut
870 3977 971 4038 vinum
988 3997 1100 4036 novum
1121 3999 1190 4037 cum
1216 3978 1335 4038 Christo

188 4055 307 4116 ihereut
326 4055 456 4116 eiusdem
476 4051 589 4136 gloriae
608 4052 775 4134 participes.
816 4053 909 4126 Quod
922 4066 1019 4114 autern
1032 4053 1144 4114 bibisse
1156 4067 1228 4133 post
1238 4075 1336 4114 resur·
1370 4095 1371 4110 a

163 4132 330 4192 rectionem
352 4129 500 4191 Christum
521 4129 661 4212 legimus,
686 4151 774 4210 quum
801 4141 898 4190 tamen
920 4130 951 4191 id
968 4151 1000 4190 se
1020 4129 1168 4192 lucturum
1188 4142 1339 4212 negasset,

166 4205 223 4266 nisi
242 4207 390 4287 discipulis
410 4208 440 4268 iu
461 4227 585 4288 regnum
603 4206 665 4266 Ilei
683 4205 832 4280 collectis,
857 4206 943 4268 facile
970 4207 1091 4267 diluitur
1103 4229 1172 4287 -rep
1220 4209 1339 4268 nantiae

166 4282 288 4362 species.
326 4285 431 4362 Neque
450 4285 530 4346 euim
549 4283 682 4364 praecise
702 4283 738 4344 de
752 4283 827 4356 ‚cibo
849 4296 881 4343 et
899 4283 1139 4374 patuloquitur,
1158 4305 1192 4344 se
1235 4285 1277 4346 de
1298 4283 1336 4342 vi-

165 4369 215 4418 tac
234 4360 396 4445 praesentis
416 4359 640 4422 consuetudine.
678 4361 775 4424 Porro
795 4361 919 4438 seimrrs,
942 4381 1006 4423 nou
1031 4361 1101 4424 rdeo
1128 4373 1206 4424 tuuc
1228 4360 1338 4422 bibisse
1370 4364 1371 4452 l
