2766 4840
171 227 229 290 m
393 218 510 282 SEGT.
528 217 609 280 XIX.
650 231 782 280 cnmsm
801 225 918 280 rassro
939 233 989 292 nr¹
1003 233 1103 282 mons.

172 375 283 448 biania,
306 384 340 433 ut
365 383 444 444 certa
464 371 569 432 fiducia
591 367 713 433 Christo
734 373 791 434 boc
810 371 944 434 officiium
964 381 1137 454 praestaret.
1179 375 1343 438 Cartenna

172 453 230 515 bne
251 449 363 512 Christi
381 469 525 529 responso
545 469 608 510 non
627 459 741 510 numm
762 449 882 510 defensa
901 441 960 509 luit
979 451 1109 510 mulieris
1130 452 1218 513 nnius
1245 475 1343 526 causa,

171 529 224 600 sed
249 538 357 590 asserta
376 526 551 587 lnitsancta
570 525 880 619 omniumsgloriatio,
905 525 1012 606 quibus
1036 525 1149 588 suflicit
1176 541 1208 589 a·
1234 543 1266 590 et
1293 554 1342 592 sua

65 655 68 664 .
172 625 265 687 opera
283 605 353 664 Deo
373 601 503 684 probari.
541 602 638 694 Saepe
659 616 762 664 contro
786 615 816 664 ct
835 611 897 663 non
916 604 1010 664 modo
1028 605 1279 698 perstringis&
1291 631 1342 688 pa-

86 734 89 748 ,
171 683 230 744 lam
254 701 375 773 qunque
398 679 530 740 damnari
553 681 660 741 imuste
706 681 751 741 ios
800 681 928 755 omines,
957 681 1008 761 qni
1033 693 1135 742 tamen
1159 683 1219 743 srbr
1242 685 1343 764 probe

172 759 285 822 conseri
309 768 391 832 sunt,
415 755 489 816 nibil
507 756 616 818 se'nisi
635 777 669 816 ex
720 757 748 818 ei
767 756 845 818 iussu
864 777 968 840 agere:
993 768 1082 838 atque
1103 758 1163 818 hoc
1183 761 1342 842 superbiae

171 833 328 908 tribuitur,
351 833 376 894 si
402 853 539 924 perversa
563 833 666 893 mundi
688 834 796 894 iudicia
820 846 993 913 spernentes
1016 833 1078 894 sola
1100 835 1160 895 Ilei
1188 859 1205 896 a
1229 839 1340 918 proba-

171 913 255 973 tione
276 921 410 978 contenta
428 911 495 970 sint
535 909 686 983 Quoniam
710 911 783 970 baec
809 909 881 969 dura
907 922 951 970 est
977 912 1120 986 tentatio,
1148 923 1178 972 et
1204 859 1273 975 deri
1297 917 1342 974 vir

130 1019 132 1024 ·
195 991 288 1062 otest,
308 987 379 1068 quin
397 1007 504 1066 pravus
523 987 683 1047 multorum
703 1007 862 1072 consensus
883 1007 938 1047 nos
957 987 1117 1066 percellat,
1145 992 1280 1051 mncnda
1302 1003 1344 1052 est

172 1009 246 1126 baec
265 1063 412 1137 doctrina,
430 1062 527 1142 nullos
547 1083 676 1143 unquam
684 1064 733 1125 ·.ad
753 1063 831 1123 bene
907 1063 997 1124 ndum
1009 1076 1181 1125 constanter
1193 1067 1265 1128 lore
1278 1069 1344 1127 ani-

172 1153 278 1215 matos,
297 1140 354 1200 nisi
373 1161 390 1200 a
409 1140 475 1201 solo
490 1139 550 1199 Dei
570 1149 644 1200 nutu
664 1140 821 1222 pendeant
878 1139 935 1200 deo
948 1139 1082 1202 Christus
1102 1143 1260 1203 discrimen
1283 1144 1342 1204 bo-

61 1219 65 1240 '
137 1251 142 1264 ,
171 1239 280 1279 norum
299 1217 491 1278 etmalorum
511 1216 559 1279 bic
578 1217 615 1277 ad
634 1237 717 1278 suum
737 1217 823 1278 unius
842 1215 995 1280 arbitrium
1014 1230 1149 1278 revocat:
1167 1239 1236 1279 nam
1247 1243 1344 1301 quum

173 1295 286 1356 bonum
305 1314 325 1354 o
347 1315 382 1354 us
399 1293 528 1354 mulieris
548 1314 611 1354 esse
631 1293 773 1369 affirmat,
799 1294 880 1374 qnod
905 1293 962 1354 iam
982 1294 1153 1354 damnatum
1171 1309 1237 1356 erat
1258 1319 1278 1357 a
1299 1299 1343 1358 di·
1373 1313 1374 1318 ’

172 1369 309 1452 scipulis,
326 1314 387 1432 bac
411 1389 485 1432 soce
511 1370 673 1452 compescit
698 1369 849 1431 bominum
874 1371 1088 1445 temeritatem,
1113 1371 1164 1452 qui
1189 1373 1343 1434 iudicandi

171 1447 322 1509 licentiam
340 1447 399 1508 sibi
416 1446 581 1530 indulgent.
620 1445 722 1522 Quare
747 1457 780 1506 et
804 1467 860 1506 nos
886 1445 944 1508 boc
968 1446 1071 1528 elogio
1097 1447 1167 1506 lreti
1197 1451 1342 1512 discamus

171 1545 274 1586 secure
294 1525 381 1584 lloeci
401 1525 544 1604 pendere,
564 1523 671 1604 quirun
695 1542 732 1584 ue
751 1523 788 1583 de
808 1523 896 1582 nobis
915 1535 1095 1606 sparguntur
1111 1523 1143 1582 in
1159 1527 1278 1587 mundo
1293 1551 1340 1587 rr-

110 1607 122 1621 ‘
172 1622 285 1662 mores:
309 1603 400 1663 nrodo
425 1601 564 1676 sciamus,
591 1599 671 1680 quod
712 1601 825 1660 omines
845 1601 1000 1676 damnant,
1023 1601 1092 1661 lleo
1112 1601 1252 1680 probari.
1291 1605 1340 1664 Sic

173 1678 279 1739 lesaias
299 1681 362 1758 (50,
381 1678 436 1754 7.),
455 1677 552 1757 impiis
572 1676 723 1737 calumniis
744 1697 916 1758 oppressus,
940 1677 1036 1736 Deum
1057 1677 1194 1758 appellat
1212 1701 1340 1760 sponso-

172 1775 253 1828 rem,
277 1754 320 1814 sic
341 1765 372 1814 et
389 1753 498 1814 Paulus
518 1753 554 1813 ad
573 1753 652 1814 diem
673 1753 734 1812 eius
754 1765 899 1844 provocat
918 1755 959 1833 (l.
981 1753 1054 1814 Cor.
1074 1763 1105 1827 4,
1124 1760 1154 1820 3.
1175 1757 1229 1831 4.).
1271 1757 1338 1817 Dis-

173 1851 270 1892 camus
293 1850 369 1910 ergo
394 1851 456 1890 non
483 1828 558 1890 ultra
586 1829 743 1888 bominum
760 1829 875 1890 rudiciis
900 1829 1032 1902 deferre,
1060 1851 1148 1910 quam
1177 1844 1212 1890 ut
1235 1846 1338 1893 nostro

172 1926 253 1967 erem
276 1907 306 1966 lo
331 1906 522 1967 aedificentur
545 1907 576 1964 in
601 1905 775 1996 obsequium
799 1906 871 1965 Dei:
903 1918 934 1966 et
957 1927 1047 2042 prtum
1072 1927 1186 2044 mapuo
1216 1911 1337 1990 strepitu

171 2003 242 2042 mnn
264 2005 297 2043 us
317 1994 420 2042 contra
440 2002 496 2043 nos
515 1981 722 2055 insurrexerit,
746 1983 803 2044 boc
823 1981 911 2044 uobis
923 1995 963 2043 ‘so
976 1983 1066 2043 atium
1085 2006 1121 2044 su
1135 1985 1233 2060 liciat,
1257 1989 1337 2066 quod

173 2059 204 2119 in
222 2070 302 2120 terra
321 2059 429 2118 malum
449 2070 595 2134 censetur,
614 2057 726 2118 bonurn
744 2077 763 2119 e
784 2059 870 2119 coelo
889 2059 1086 2139 pronuntiari.

247 2141 294 2202 11.
333 2133 483 2211 Panpaees
499 2155 610 2212 uesper
627 2132 902 2196 bobedsuodiscunn
939 2136 1008 2196 Non
1034 2136 1175 2198 defendit
1198 2139 1336 2220 simplici-

172 2225 220 2274 ter
231 2211 365 2274 Christus
377 2213 558 2287 unctionem,
578 2223 611 2272 ut
630 2233 694 2273 eam
713 2214 872 2290 imitemur,
892 2215 942 2273 sed
962 2213 1103 2274 admonet
1114 2216 1187 2275 Deo
1208 2215 1250 2276 ob
1270 2238 1335 2274 cau-

89 2296 92 2306 '
171 2311 232 2352 sam
252 2290 380 2370 plaeere.
420 2289 514 2366 Quod
532 2289 694 2369 prudenter
713 2289 865 2351 attendere
886 2291 1042 2352 convenit:
1063 2311 1103 2350 ne
1124 2313 1185 2352 una
1204 2313 1271 2352 cum
1282 2291 1332 2352 Pa-

194 2367 255 2427 istis
274 2378 461 2447 sumptuosos
481 2365 550 2426 Deo
571 2365 664 2428 cultus
685 2378 876 2448 praepostere
895 2367 1046 2449 fingamus.
1076 2367 1153 2426 Nam
1176 2390 1270 2448 quum
1288 2391 1334 2428 au-

172 2388 272 2504 dirent
312 2443 437 2506 soluisse
463 2441 612 2504 Christum
637 2443 710 2525 ungi
735 2464 751 2502 a
777 2443 885 2516 illaria,
909 2454 1064 2525 putarunt,
1088 2445 1212 2521 suffitu,
1238 2449 1336 2517 cereis,

170 2487 329 2603 magnidco
351 2531 467 2596 ornatu,
488 2531 519 2580 et
537 2519 677 2582 similibus
697 2519 813 2602 pompis
833 2519 985 2581 oblectari.
1024 2519 1106 2580 llinc
1122 2533 1225 2582 tantus
1239 2523 1271 2582 in
1288 2545 1334 2584 eo-
1373 2571 1374 2576 1

171 2617 236 2658 rum
257 2597 432 2658 oeremoniis
450 2596 607 2677 splendor:
632 2617 688 2656 nec
707 2618 738 2657 se
759 2595 906 2678 legitimos
925 2597 984 2656 Dei
1004 2596 1134 2658 cultores
1154 2598 1226 2660 fore
1247 2601 1335 2660 confi-

173 2676 258 2753 dunt,
279 2675 335 2734 nisi
353 2675 386 2733 iu
404 2673 566 2754 sumptibus
586 2672 700 2753 prolusi
719 2674 786 2734 sint
825 2673 917 2754 Atqui
938 2674 984 2733 hie
1004 2673 1081 2734 clare
1104 2677 1218 2754 excipit
1239 2676 1336 2736 (ibris-
1373 2703 1374 2736 ι

171 2761 233 2827 tus,
258 2751 339 2831 quod
357 2762 428 2812 tunc
447 2748 539 2810 semel
559 2749 623 2810 fieri
642 2749 752 2825 voluit,
775 2749 832 2810 sibi
858 2751 888 2809 in
908 2762 1059 2831 posterum
1079 2751 1204 2812 minime
1225 2767 1335 2835 gratum
1373 2751 1374 2806 l

172 2829 248 2888 lore.
286 2828 361 2888 Nam
382 2847 471 2906 quum
487 2846 635 2917 pauperes
651 2846 769 2906 semper
788 2826 819 2886 in
840 2814 951 2887 inundo
970 2826 1037 2886 lore
1057 2827 1140 2900 dicit,
1160 2829 1247 2889 inter
1266 2852 1334 2910 quo·
1373 2865 1374 2878 ἢ

171 2903 314 2964 tidianum
335 2898 444 2964 cultum
465 2903 637 2985 distinguit,
656 2903 736 2964 cuius
756 2904 783 2964 vi
806 2924 858 2964 ere
878 2903 969 2964 debet
986 2925 1053 2964 usus
1073 2903 1155 2963 inter
1176 2905 1291 2977 fideles,
1308 2919 1334 2965 et

171 2980 254 3040 illum
274 2979 545 3054 extraordinarium,
565 2980 614 3058 qui
635 2980 757 3042 cessavit
775 2925 812 3042 ab
834 2981 896 3041 eius
915 2980 946 3039 in
968 2980 1083 3042 coelum
1104 3001 1243 3042 ascensu.
1274 2985 1333 3044 Vo-

171 3057 306 3117 lumusne
325 3055 480 3136 pecuniam
500 3055 577 3116 bene
596 3055 696 3117 locare
716 3058 746 3116 in
766 3077 836 3118 vera
854 3057 1014 3118 sacrificia?
1033 3057 1219 3148 pauperibus
1230 3081 1332 3142 eroge-

171 3153 249 3192 mus:
268 3152 337 3192 nam
355 3151 387 3192 se
407 3131 561 3192 nobiscum
581 3153 644 3194 esse
665 3131 798 3194 Christus
819 3146 924 3216 negat,
944 3145 977 3193 ut
997 3145 1123 3193 externus
1144 3138 1269 3216 pompis
1288 3159 1333 3196 to-

171 3209 257 3269 latur.
297 3209 411 3269 Scimus
438 3220 519 3270 certe
545 3210 679 3292 adeoque
702 3210 771 3270 fidoi
791 3211 970 3290 experientia
990 3211 1147 3282 sentimus,
1173 3212 1286 3274 virtute
1310 3227 1336 3273 et

171 3286 265 3368 grstia
290 3284 434 3366 spirituali
454 3285 540 3346 nobis
560 3307 623 3347 esse
643 3299 841 3369 praesentem:
866 3288 920 3349 scd
944 3287 1067 3348 visibilis
1092 3288 1254 3350 nobiscum
1278 3311 1335 3350 non

115 3361 118 3370 ’
171 3374 320 3440 versatur,
345 3373 537 3424 ut'tcrrenos
561 3363 692 3424 bonores
716 3385 733 3424 a
759 3364 847 3426 nobis
871 3363 1001 3446 recipiat
1041 3364 1146 3440 Quare
1167 3387 1276 3427 resana
1295 3379 1337 3428 est

172 3459 275 3501 eorum
299 3439 478 3514 obstinatio,
505 3440 556 3520 qui
581 3439 705 3502 ludicras
730 3439 876 3522 impensas
896 3441 988 3501 inrito
1011 3452 1040 3502 et
1059 3443 1211 3514 recusanti
1232 3445 1338 3503 obtru-

171 3517 253 3578 dunt.
292 3516 390 3577 Porro
410 3518 492 3597 quod
511 3536 628 3598 semper
647 3537 791 3597 pauperes
809 3519 875 3578 sore
892 3517 973 3592 dicit,
992 3519 1060 3577 binc
1074 3516 1251 3600 colligimus,
1271 3541 1338 3579 non
1373 3591 1374 3596 ἵ

110 3664 116 3678 ⁴
171 3587 297 3656 lort'uito
317 3593 426 3653 multos
446 3613 546 3676 egere,
566 3594 626 3670 sed,
637 3605 719 3655 certo
739 3593 799 3655 Dei
819 3594 943 3655 consilio
964 3593 1051 3654 nobis
1072 3591 1196 3668 ollerri,
1213 3596 1244 3654 in
1266 3597 1339 3674 qui-
1373 3643 1374 3692 ,

171 3670 226 3732 lm
245 3692 277 3733 se
296 3671 400 3733 caritas
420 3683 521 3731 nostra
541 3683 683 3731 exerceat.
722 3670 816 3731 Huius
835 3671 894 3732 loci
911 3693 1021 3731 summa
1033 3682 1086 3746 est,
1107 3671 1179 3732 licet
1188 3673 1340 3735 Dominus
1373 3713 1374 3728 r

171 3765 227 3808 nos
246 3760 277 3809 et
296 3760 395 3808 nostra
416 3747 514 3806 omnia
534 3747 591 3807 sibi
611 3746 701 3807 dicari
720 3746 836 3822 iubeat,
862 3767 924 3808 non
949 3758 1049 3808 tamen
1076 3751 1177 3838 puoad
1195 3769 1227 3809 se
1248 3749 1339 3810 alium
1373 3729 1374 3810 l

170 3843 258 3904 quam
281 3823 462 3906 spiritualem
487 3822 596 3884 cultum
622 3823 754 3904 exigere,
780 3823 831 3905 qui
855 3825 942 3885 nullis
963 3825 1102 3904 impensis
1122 3837 1257 3886 constat:
1288 3829 1339 3887 sed

75 3905 78 3914 '
170 3903 269 4040 potipc
287 3901 363 3964 velle
384 3900 414 3960 in
432 3920 578 3992 pauperes
599 3900 732 3984 erogari,
753 3921 829 3980 quae
847 3900 935 3960 stulte
956 3901 992 3960 ad
1013 3921 1078 3960 eum
1099 3902 1264 3963 colendum
1285 3905 1338 3964 irn-

192 3997 229 4038 en
251 3979 273 4041 it
291 4001 324 4041 su
348 3977 470 4038 erstitro.
1373 4013 1374 4024 η

170 3997 190 4058 P
246 4062 293 4122 1⁵2.
326 3998 389 4116 lidd
410 4050 601 4130 σοροὶίωᾶιιη
623 4075 669 4113 mc
684 4054 772 4132 fecit.
821 4053 984 4116 Confirmat
1009 4055 1052 4116 bis
1077 4053 1180 4115 verbis
1200 4055 1337 4117 Christus

171 4133 253 4208 quod
277 4132 414 4206 diximus,
439 4131 600 4211 pretiosum
626 4143 809 4211 unguentum
834 4151 895 4189 non
922 4131 1016 4192 odore
1041 4153 1111 4202 suo,
1141 4133 1196 4192 sed
1222 4145 1339 4194 tantum
1373 4183 1374 4204 ,

170 4206 339 4284 sepulturae
357 4229 404 4268 res
428 4219 495 4268 ectu
510 4219 625 4291 gratum
644 4227 720 4267 esse:
742 4207 810 4288 quia
829 4207 942 4268 scilieet
960 4209 1016 4269 boc
1036 4209 1177 4289 symbolo
1197 4221 1336 4270 testatum
1373 4211 1374 4272 l

170 4301 233 4341 esse
253 4283 356 4357 voluit,
376 4229 558 4344 odoriferum
578 4283 644 4345 sore
664 4305 747 4344 suum
766 4304 797 4345 se
821 4286 942 4357 ulcrum,
960 4296 995 4344 ut
1013 4279 1102 4348 vitain
1120 4299 1151 4344 et
1169 4285 1294 4346 salutem
1306 4288 1334 4343 r'n

169 4367 264 4416 totum
285 4359 423 4418 mundum
443 4361 572 4440 spiravit
610 4360 684 4420 Ideo
705 4362 784 4448 apud
799 4305 947 4421 loannem
968 4361 1102 4422 laudatur
1121 4362 1236 4437 Maria,
1256 4365 1335 4442 quod

1050 4573 1055 4602 l
