2790 4838
1128 105 1135 136 Ι

203 239 264 304 m
422 225 576 294 sectio
596 227 649 288 tx.
687 227 909 311 murmura
927 227 1129 296 Evauasnn.

204 409 269 455 ann
287 387 401 452 ominis
425 398 455 460 et
479 381 604 456 obsone
628 379 683 454 tob
706 379 836 466 unibris,
861 394 895 445 ut
913 381 973 472 illi,
999 383 1051 445 sed
1070 371 1171 474 prope
1188 393 1220 444 et
1238 382 1355 466 palam

205 469 307 533 adesse
331 467 388 528 iani
411 459 626 554 redemptionis
648 469 763 538 tempus
788 459 952 521 nuntiabat.
1004 460 1075 536 Quo
1097 472 1183 520 etiam
1204 463 1355 542 pertinet

202 544 370 609 vaticinium
391 523 550 602 Malachiae
571 534 650 617 quod
669 553 736 596 mox
755 535 923 611 subiicitur,
950 559 1056 618 nempe
1082 538 1113 597 iu
1135 558 1171 597 eo
1193 539 1355 603 excellere

204 623 358 702 ioannem,
378 618 458 698 quod
470 626 585 696 «praeco
606 612 644 672 sit
663 622 694 673 et
711 613 862 692 apparitor
876 604 994 676 Christi.
1020 615 1097 678 ,Etsi
1118 613 1197 676 enini
1218 616 1255 674 de
1279 617 1353 678 eius

172 719 186 738 ν
205 719 300 782 regno
321 693 436 776 loquuti
456 703 541 752 erant
559 689 618 749 Pro
642 689 727 749 hetae
747 703 876 765 veteres,
902 713 965 751 uon
985 697 1084 750 tamen
1104 691 1195 752 instar
1214 692 1352 754 loannis

205 773 296 858 positi
334 782 400 831 raiit
418 789 518 830 coram
539 757 599 826 eius
619 711 703 842 iidie,
723 775 756 824 ut
774 767 1173 848 praesentemostenderent.
1211 769 1353 850 Reliqua

178 861 309 932 petant
356 857 459 908 ctoies
479 841 628 924 exprimo
648 843 746 902 Lucae
771 844 875 924 capite.
913 845 985 906 Nori
1002 859 1123 904 amas
1161 849 1211 905 icit.
1252 848 1353 908 Ultra

204 923 395 1008 progreditur
404 922 566 996 Dominus,
579 931 663 982 tanto
684 919 905 989 excellentiores
924 921 1125 1014 loreEvange
1150 923 1157 936 “
1177 923 1353 1000 ministros,

205 1013 316 1082 quanto
336 1000 472 1082 superior
495 996 592 1078 luerat
619 998 746 1056 loannes
764 997 930 1078 Prophetis.
975 998 1069 1060 Nimis
1089 999 1193 1060 inscite
1214 999 1352 1060 halluci-

204 1078 268 1138 nati
287 1071 365 1152 sunt,
386 1075 491 1157 quibus
510 1074 587 1136 visus
601 1075 644 1133 esl
656 1069 788 1134 Christus
808 1095 839 1134 se
859 1075 953 1135 i‘sum
973 1076 1112 1136 conferre
1133 1098 1198 1137 cum
1210 1077 1351 1137 Ioanne:

203 1166 303 1234 neque
328 1155 413 1215 enim·
438 1151 488 1212 hic
513 1151 610 1232 agitur
626 1149 675 1210 'de
700 1167 844 1229 personae
867 1095 897 1211 di
941 1155 1027 1228 itate,
1053 1154 1105 1212 sed
1132 1153 1226 1213 officii
1251 1175 1353 1234 prae-

204 1232 312 1308 stantia
330 1231 480 1304 laudatur,
506 1227 587 1307 quad
611 1226 715 1294 elatius
741 1247 775 1286 ex
793 1171 1008 1290 verbiszucae
1028 1241 1110 1310 patet
1129 1229 1181 1290 nbi
1201 1229 1352 1308 liabetur,

205 1308 304 1375 nullan
321 1309 452 1370 saneah
465 1301 609 1384 propheto
627 1307 730 1378 audon
777 1303 853 1364 Nam
877 1307 1048 1388 magnitudo
1070 1307 1107 1366 ad
1128 1307 1254 1368 docendi
1274 1329 1353 1368 mu-

207 1407 263 1450 nus
288 1385 395 1448 diserte
419 1381 556 1444 reicitur.
600 1380 636 1439 Iii
661 1401 789 1454 summa,
807 1393 875 1452 'tam
900 1383 1052 1462 praeclaro
1084 1383 1185 1518 elogio
1216 1397 1353 1445 ornatur

208 1463 338 1527 Ioannes
373 1455 747 1520 ut‘atteutius'observent
764 1457 866 1520 ludaei
885 1480 971 1538 quam
992 1458 1129 1520 attulerat
1161 1460 1351 1540 egationem.

207 1539 327 1600 Deinde
341 1507 631 1628 lillipraelernittur,
651 1533 701 1612 qui
741 1533 808 1594 aulo
827 1545 897 1614 post
914 1557 946 1596 sc
968 1535 1066 1596 unturi
1086 1549 1171 1597 eraut
1190 1537 1351 1612 doctores,

209 1627 244 1678 ut
260 1614 417 1698 Evangelii
440 1612 577 1674 maiestas.
595 1630 682 1689 supra
709 1555 821 1694 Eegcpi
848 1623 878 1670 et
901 1557 974 1674 ittui
993 1613 1121 1674 medium
1145 1615 1351 1704 praeconium

209 1692 346 1756 emineat.
386 1687 479 1760 Sicuti
495 1685 594 1745 'aut'em
619 1705 690 1776 prae
714 1707 796 1746 arare
815 1685 941 1748 Iudaeos
966 1689 1061 1750 voluit
1080 1687 1214 1752 Christus
1233 1691 1272 1750 ad
1293 1715 1351 1753 re-

210 1766 379 1848 cipiendum
399 1761 608 1844 Evangelium,
628 1773 667 1820 ita
688 1707 776 1822 lodie
797 1785 850 1844 exp
908 1765 988 1825 cieri
1008 1786 1062 1826 iios
1083 1767 1178 1840 decet,
1198 1777 1231 1826 ut
1252 1768 1349 1830 Chri-

208 1856 284 1906 stum
304 1863 321 1904 e
340 1840 458 1901 sublimi
477 1838 612 1899 coelentis
631 1823 700 1898 sust
720 1839 833 1921 gloriae
859 1855 891 1902 so
906 1843 935 1903 io
955 1842 1043 1902 nobis
1063 1843 1236 1922 loquentem
1256 1851 1349 1908 iere-

199 1932 310 1984 'renter
328 1917 490 1978 audiamus:
511 1935 549 1974 ne
569 1926 771 1996 contemptum
790 1930 923 1978 nostiuni
942 1919 1096 1981 ulciscatur
1116 1919 1268 1980 horrendo
1290 1923 1350 1982 illo

207 1996 403 2069 anathemate,
423 1993 503 2072 quod
522 1989 678 2051 incredulis
699 1993 853 2054 denuntiat
894 2016 926 2055 er
942 1993 1115 2057 Malachiam
1135 1997 1242 2056 eodem
1263 1997 1349 2061 loeo.

207 2071 345 2149 Regnum
363 2070 507 2131 coehrum
525 2067 623 2129 etDoi
641 2088 695 2148 pro
715 2089 795 2130 noro
816 2015 966 2134 Ecclesiae
986 2085 1063 2134 statu
1083 2072 1206 2153 capitur,
1227 2086 1261 2134 ut
1280 2075 1350 2136 aliis

207 2147 410 2229 superioribus
435 2146 533 2228 locis„
562 2145 642 2228 quod
670 2145 781 2206 Christi
807 2148 933 2208 adventu
958 2149 1100 2230 promissa
1134 2163 1211 2211 essct
1241 2173 1349 2214 reruni

210 2226 342 2285 omnium
362 2222 542 2284 instauratio.
584 2221 643 2280 Ubi
662 2223 776 2283 reddidi
794 2227 960 2304 minimum
992 2246 1097 2309 graece
1117 2225 1227 2319 legitur
1244 2231 1351 2290 naim

207 2301 240 2364 in
260 2301 461 2384 comparativo
481 2299 589 2382 gradu:
621 2299 673 2360 sed
692 2319 793 2361 seusus
813 2301 871 2362 hoc
895 2303 985 2363 modo
1006 2315 1052 2364 est
1071 2303 1242 2381 dilucidior,
1273 2306 1349 2368 dum

208 2391 338 2455 constat,
367 2397 469 2438 omues
502 2373 656 2457 Evangelii
684 2375 832 2438 ministros
861 2379 1083 2459 comprehendi.
1118 2379 1228 2440 mPorro
1261 2385 1349 2460 quod

228 2456 342 2538 lerique
368 2456 411 2518 exi
455 2473 473 2514 o
499 2451 567 2512 fidei
594 2452 716 2513 modulo
742 2455 843 2514 donati
868 2455 960 2538 longe
985 2456 1061 2516 inira
1080 2456 1225 2516 Ioannem
1244 2458 1350 2520 subsi-

207 2475 292 2607 bunt,
313 2534 369 2592 boc
389 2555 420 2592 ιιι
444 2529 464 2590 il
484 2529 597 2602 obstat,
617 2530 688 2609 quin
710 2531 851 2594 excelsior
870 2533 908 2593 sit
928 2553 1030 2594 eorum
1050 2533 1247 2613 praedicatio,
1269 2557 1348 2627 qua-

152 2608 154 2619 '
206 2619 292 2670 tenus
305 2608 454 2671 Christum
473 2605 628 2687 proponit,
646 2619 767 2668 aeterna
778 2609 944 2690 expiatione
964 2629 1019 2692 per
1037 2611 1155 2698 uqicuni
1167 2611 1349 2674 sacrificium

201 2677 337 2774 peracta,
356 2685 460 2745 mortis
478 2681 622 2742 rictorem
642 2694 672 2742 et
691 2684 768 2744 vitae
789 2686 950 2764 dominum,
969 2685 1145 2768 sublatoque
1164 2688 1233 2749 uelo
1255 2686 1348 2752 disci-

206 2763 293 2847 pulos
313 2763 344 2823 in
365 2761 494 2822 coeleste
513 2759 709 2819 sanctuarium
729 2759 844 2820 attollit.
1389 2775 1390 2790 ¹

282 2843 328 2906 12.
366 2837 403 2898 A
421 2834 519 2895 diebsts
535 2835 667 2894 Iamno.
705 2838 775 2898 Nou
802 2837 907 2898 dubito
933 2840 1005 2920 quin
1026 2837 1160 2902 Christus
1184 2841 1348 2925 Evangelii

104 2948 107 2956 ·
130 2924 133 2938 '
205 2913 389 2974 maiestatem
409 2933 442 2973 ex
462 2931 500 2972 eo
520 2911 722 2987 commendet,
748 2914 829 3048 qpod
849 2916 975 2976 feruenti
994 2917 1154 2978 multomm
1173 2919 1272 2982 studio
1294 2943 1349 2982 ex-

209 2990 381 3070 petebatur:
401 3010 470 3048 naiii
489 2985 573 3048 sicuti
594 2988 736 3048 Ioannem
788 3011 839 3051 eus
859 2993 1043 3070 excitaverat,
1064 2995 1114 3073 qui
1156 3017 1245 3056 raeco
1266 3010 1350 3059 esset

207 3065 295 3148 regni
315 3065 384 3124 Filii
403 3065 463 3140 sui,
482 3063 524 3122 ita
545 3063 704 3142 efficaciam
725 3065 851 3145 Spiritus
870 3069 1017 3131 indiderat
1038 3069 1100 3132 eius
1140 3073 1291 3149 ottrinae,
1313 3087 1349 3136 nt
1389 3081 1390 3090 ’

206 3141 240 3200 iii
262 3141 412 3202 hominum
431 3139 522 3202 corda
538 3152 718 3221 penetraret,
738 3146 971 3236 accenderetque
991 3147 1127 3212 ardorem
1145 3148 1238 3212 illum.
1277 3153 1348 3244 Ap-

207 3229 294 3298 paret
312 3217 412 3306 igitur,
432 3215 527 3278 aDeo
546 3216 710 3298 proiectam
731 3239 803 3294 esse,
825 3243 899 3302 quae
918 3223 1040 3284 insolito
1059 3245 1143 3284 more
1163 3236 1223 3286 tam
1243 3226 1348 3290 subito

206 3294 347 3386 emergit,
377 3307 409 3355 et
431 3295 568 3378 ingentes
592 3307 690 3356 motus
715 3299 853 3358 concitat.
898 3298 959 3358 Sed
989 3299 1020 3359 in
1045 3301 1175 3360 secundo
1205 3303 1347 3368 membro

206 3371 358 3432 restricun
382 3372 514 3446 additur,
543 3369 622 3451 pand
643 3373 758 3434 mnan
781 3373 858 3434 illud
878 3379 1007 3451 minna.
1051 3377 1127 3436 Nam
1153 3377 1221 3456 quia
1245 3382 1347 3443 maior

205 3467 273 3534 pars
293 3447 387 3508 nihilo
407 3445 472 3532 plus
491 3447 676 3523 movebatur,
695 3471 781 3530 quam
801 3451 826 3512 si
845 3452 925 3514 nulla
944 3471 1073 3532 unquam
1092 3475 1149 3512 roi
1169 3455 1206 3514 de
1219 3455 1346 3521 Christo

210 3523 314 3590 emissa
335 3536 410 3584 esset
430 3546 446 3586 a
465 3523 634 3604 Prophetis,
654 3526 701 3586 vel
721 3524 871 3608 nunquam
890 3528 1048 3610 prodiisset
1067 3527 1129 3590 eius
1148 3531 1230 3591 testis
1251 3533 1347 3594 Ionii.

205 3621 275 3676 nes,
300 3601 473 3663 violentiam
498 3600 594 3676 illam,
626 3602 662 3662 dc
683 3623 739 3683 qua
759 3603 897 3684 loquutus
924 3605 1035 3682 tuerat,
1067 3607 1186 3667 nonnisi
1207 3607 1346 3674 incerto
1376 3670 1380 3693 ,

206 3675 359 3742 hominum
380 3697 491 3761 genere
514 3689 624 3739 exstare
638 3677 771 3742 Christus
792 3683 939 3742 admonet.
980 3681 1089 3744 Sensus
1110 3696 1155 3744 est
1173 3685 1275 3776 igitur,
1294 3689 1320 3746 F
1323 3691 1347 3750 it

207 3753 265 3813 iani
285 3775 408 3838 magnus
429 3755 579 3815 hominum
600 3775 774 3831 concursus,
794 3759 853 3817 acsi
872 3759 1020 3820 violenter
1040 3761 1174 3821 honines
1194 3777 1347 3825 irruerent

206 3830 243 3889 ad
263 3831 467 3912 occupandum
487 3832 546 3894 Dei
566 3850 705 3912 reguum:
732 3853 799 3892 iiam
820 3837 911 3895 erecti
931 3835 1016 3896 unius
1037 3837 1165 3896 hominis
1182 3859 1258 3898 voce
1278 3851 1346 3908 tur-

204 3907 306 3971 matim
327 3909 499 3983 confluunt,
528 3928 584 3966 uec
604 3908 698 3968 solum
719 3911 840 3991 cupide,
864 3913 916 3972 sed
935 3912 1039 4002 rapido
1060 3913 1172 3994 impetu
1193 3915 1346 3996 excipiunt

205 3981 336 4044 oblatam
357 3986 490 4070 gratiani.
531 3983 708 4066 Quanquam
729 4000 826 4060 autem
846 3988 984 4068 pernmlti
1004 4001 1143 4070 torpent,
1174 4011 1230 4050 nec
1249 3996 1344 4076 magis

203 4069 382 4142 tanguntur,
413 4083 500 4140 quani
521 4061 547 4118 ‘si
574 4061 702 4122 loannes
729 4062 857 4124 fabulam
882 4076 983 4146 ageret
1009 4066 1039 4124 iii
1067 4066 1184 4128 deserto
1212 4069 1286 4129 nibil
1308 4073 1345 4132 ad

206 4153 257 4192 eos
277 4149 470 4214 spectantem,
490 4135 573 4196 multi
593 4147 691 4200 lamen
711 4138 846 4200 violento
859 4141 976 4202 fervore
996 4155 1162 4208 accurrunt.
1195 4143 1244 4204 nd
1265 4147 1345 4209 hune

177 4229 275 4292 ‘iero
295 4229 418 4292 scopum
439 4213 533 4274 tendit
553 4209 664 4274 Christi
683 4218 846 4294 sententia,
872 4218 1081 4282 inexcusabiles
1101 4240 1182 4295 esse,
1208 4223 1259 4312 qui
1279 4245 1344 4286 uia·

203 4285 341 4350 riisestam
361 4287 419 4348 Dei
439 4289 591 4362 virtutem,
625 4311 699 4368 quae
712 4303 785 4372 „tam
805 4295 835 4354 iii
856 4291 979 4356 doctore
1000 4317 1087 4375 quam
1107 4295 1137 4354 iii
1158 4297 1344 4362 auditoribus

130 4427 137 4434 ,
203 4359 349 4446 refulget,
388 4353 581 4447 coutehiptini
612 4366 694 4432 velut
724 4371 827 4434 clauus
857 4373 950 4435 oculis
979 4386 1178 4454 praetereunt
1224 4375 1343 4440 Interea
