2756 4838
161 219 217 282 tas
245 215 249 222 '
279 204 282 222 '
429 205 644 270 SECT.XV1.
675 219 762 302 pren
782 219 816 265 m
836 180 1066 293 senosanam*

146 366 290 426 ,statione
309 362 453 422 continet.
482 361 601 420 Summa
620 369 716 419 antem
736 368 789 431 est,
809 355 920 416 nemini
941 365 1071 434 paratam
1091 372 1154 412 esse
1181 372 1327 413 coronam

164 441 221 500 nisi
246 440 296 520 qni
321 437 450 520 legitime
475 435 645 509 certaverit,
674 455 707 494 ac
734 433 891 512 praecipue
917 431 1063 490 neminem
1084 428 1162 488 vitae
1183 439 1215 488 et
1243 431 1328 509 regni

166 515 276 577 Christi
295 515 359 576 lore
380 525 558 594 consortem,
577 512 631 572 nisi
644 511 692 591 qui
707 509 872 588 passionum
893 520 923 568 et
935 507 1037 566 mortis
1049 503 1147 565 socius
1172 515 1244 589 ante
1263 505 1328 564 fne-

165 594 211 652 rlt.
255 593 291 650 In
317 591 437 650 nomine
462 589 608 664 baptismi,
639 587 714 646 ratio
740 585 929 664 metaphorae
960 594 1028 642 ate
1054 591 1190 640 constat:
1225 581 1329 641 scimus

166 670 245 730 enim
264 665 409 748 baptismo
421 667 458 726 ad
469 666 513 725 sui
527 663 765 799 abneqationem,
784 663 820 722 ad
835 674 966 720 veterem
979 605 1135 718 hominem
1149 657 1328 739 crucifigen-

167 746 246 816 dum,
265 743 391 822 denique
411 745 447 803 ad
467 742 559 802 crucis
579 752 611 800 to
625 739 765 799 erantiam
791 737 902 810 initiari
923 735 1032 796 fideles.
1078 735 1113 792 In
1135 753 1213 792 voce
1233 735 1331 794 cutm

168 821 287 882 dubium
308 830 365 892 cst,
385 839 423 878 an
442 819 479 877 ad
497 837 595 878 sacrae
615 835 727 876 coenae
747 814 919 880 musterium
942 810 1074 872 alluserit
1091 809 1262 882 Dominus,
1280 813 1328 870 sed

169 896 244 975 qnia'
255 894 384 955 nondum
404 895 435 954 in
454 917 507 953 usn
527 904 597 952 tunc
616 903 690 964 erat,
710 883 868 1002 simplicius
879 888 1015 970 accipere
1031 885 1109 946 malo
1124 907 1182 966 pro
1196 907 1328 946 mensura

169 971 373 1044 afflictionum,
415 991 479 1029 uam
498 969 580 1029 Dens
600 967 706 1047 cuique
728 966 841 1026 denuit.
873 967 946 1026 Nam
967 963 1033 1043 quia
1054 963 1116 1022 eius
1137 971 1260 1042 est·pro
1279 983 1328 1021 suo

69 1061 78 1073 ‘
169 1047 291 1108 arbitrio
311 992 431 1128 singulis
450 1046 603 1125 imponere
631 1066 713 1104 suum
736 1064 826 1113 onus,
852 1041 1096 1120 quemadmodum
1122 1039 1330 1117 paterfamilias

190 1123 322 1183 ortiones
342 1122 419 1181 inter
438 1141 506 1182 suos
526 1119 673 1182 distribuit
692 1141 726 1180 ac
746 1118 882 1198 partitur,
902 1118 970 1177 ideo
991 1115 1099 1176 dicitur
1118 1113 1239 1176 calicem
1260 1117 1331 1175 dare

168 1145 337 1260 bibendum.
370 1197 525 1260 Caeterum
541 1197 585 1258 his
601 1196 699 1256 verbis
712 1217 773 1254 non
784 1193 910 1276 vulgaris
929 1191 1028 1254 subest
1047 1191 1212 1252 consolatio
1233 1193 1271 1251 ad
1284 1191 1330 1250 le-

167 1276 306 1336 niendam
327 1275 419 1335 crucis
438 1273 643 1346 acerbitatem,
668 1273 736 1330 dnm
762 1272 792 1330 in
806 1287 847 1330 'ea
869 1269 1001 1330 Christus
1021 1290 1051 1329 se
1072 1268 1160 1326 nobis
1181 1267 1327 1348 adiungit.

170 1351 252 1426 Quid
270 1351 349 1410 enim
369 1350 459 1432 magis
481 1348 611 1429 optabile
632 1369 717 1427 quam
739 1349 835 1408 omnia
857 1345 966 1406 habere
987 1367 1052 1406 cum
1071 1343 1150 1403 Filio
1166 1343 1224 1402 Dei
1244 1363 1328 1402 com·

169 1427 287 1487 munia?
306 1428 347 1488 sic
367 1427 445 1486 enim
464 1426 507 1498 fit,
527 1438 559 1485 ut
578 1445 652 1506 quae

167 1504 325 1566 cedentia
345 1503 467 1562 salutem
487 1514 518 1562 et
537 1501 633 1563 vitam.
667 1447 728 1576 Clari
749 1521 817 1558 vero
831 1520 949 1579 prorsus
970 1520 986 1557 a
1006 1516 1093 1557 cruce
1114 1517 1255 1556 rmmunrs
1267 1517 1326 1555 esse

693 1425 763 1484 rima
783 1423 880 1502 specie
893 1421 1043 1483 mortifera
1061 1431 1220 1510 apparent,
1232 1419 1326 1510 'nobis
1373 1443 1374 1458 ¹

167 1581 259 1658 cupit,
279 1579 428 1659 quomodo
449 1579 527 1638 inter
546 1577 833 1654 Carissimisciputos
854 1573 1039 1652 censebitur,
1066 1573 1116 1652 qui
1146 1572 1210 1631 eins
1232 1572 1324 1652 bapti·
1373 1611 1374 1626 r

168 1676 260 1715 smum
280 1654 377 1716 subire
398 1653 528 1715 recusat?
549 1675 614 1713 nam
636 1653 692 1713 hoc
713 1652 786 1710 nihil
806 1650 885 1710 aliud
905 1664 959 1740 est,
980 1670 1108 1740 quamse
1128 1669 1145 1706 a
1157 1648 1264 1738 primis
1281 1666 1327 1706 rn-
1373 1641 1374 1680 ¹

170 1804 259 1866 nobis
279 1807 309 1866 in
328 1817 468 1878 mentem,
489 1806 541 1864 hac
562 1805 628 1886 lege
647 1825 702 1862 nos
720 1825 780 1866 esse
799 1803 962 1882 baptizatos
984 1814 1012 1861 et
1031 1802 1061 1860 in
1082 1801 1161 1860 huuc
1184 1801 1285 1872 linem,
1300 1813 1328 1858 nt

4 1727 5 1736 ¹
61 1778 65 1787 .
170 1731 305 1793 dimentis
324 1729 495 1790 subducere.
538 1730 599 1788 lam
624 1749 695 1790 vero
724 1729 838 1807 quoties
865 1726 1000 1806 baptisma
1019 1727 1053 1784 fit
1071 1736 1204 1798 mentio,
1234 1725 1328 1784 veniat
1373 1769 1374 1800 ,

177 1882 305 1940 humeth
325 1881 432 1940 nostris
453 1903 521 1940 crux
541 1881 706 1940 adhaereat
746 1880 838 1952 Quod
858 1880 985 1938 Ioannes
1004 1890 1034 1937 et
1052 1876 1181 1936 Iacobus
1208 1889 1267 1936 tam
1286 1897 1327 1935 se·
1373 1883 1374 1886 ’

171 1978 240 2018 cure
261 1957 381 2031 iactant,
400 1977 431 2015 se
451 1957 486 2015 ad
507 1955 667 2016 bibendum
687 1953 808 2016 calicem
829 1975 891 2014 esse
905 1968 1032 2034 paratos,
1051 1955 1081 2012 in
1101 1975 1140 2013 eo
1153 1953 1328 2033 perspicitur
1373 1979 1374 1994 κ

171 2032 265 2092 carnis
286 2031 478 2092 confidentia:
498 2053 565 2092 narn
581 2044 659 2090 extra
669 2032 795 2092 telorum
808 2031 914 2090 iactum
926 2031 1057 2090 videmur
1072 2029 1146 2090 nihil
1159 2051 1224 2089 non
1237 2051 1325 2110 posse.
1373 2035 1374 2066 ³

167 2109 212 2168 hc
231 2108 320 2188 paulo
341 2121 408 2188 post
426 2108 518 2188 turpis
540 2119 660 2168 eventus
681 2129 783 2168 eorum
797 2109 991 2167 temeritatem
1009 2107 1132 2166 deterit:
1153 2107 1213 2166 hdc
1234 2120 1325 2165 tamen

64 2251 72 2268 ι
169 2185 225 2246 luit
244 2185 275 2243 in
295 2184 350 2244 illis
370 2185 453 2258 boni,
474 2184 553 2264 quod
573 2184 609 2244 ad
629 2195 782 2264 utramque
801 2196 911 2244 sortem
931 2183 1024 2264 parati
1043 2203 1074 2245 se
1093 2181 1131 2242 ad
1145 2203 1268 2242 crucem
1286 2183 1324 2241 le·

169 2261 291 2322 rendam
311 2259 493 2321 obtulerunt.
545 2263 548 2274 '

242 2345 289 2404 23.
328 2337 467 2397 Pandam
482 2334 595 2416 paridem
613 2357 714 2396 meana.
756 2335 835 2410 Quia
856 2336 990 2472 discipuli
1011 2349 1105 2410 erant,
1125 2355 1249 2395 necesse
1269 2345 1325 2394 erat

167 2413 307 2495 magistro
328 2413 514 2498 configurari.
553 2413 718 2472 Denuntiat
736 2423 833 2471 autem
853 2413 909 2472 illis

166 2586 239 2624 sona
259 2587 326 2625 suos
352 2585 454 2626 omnes
479 2565 645 2650 alloquitur.
692 2567 767 2624 Nam
794 2564 848 2625 etsi
873 2563 958 2625 multi
977 2563 1077 2624 lideles
1096 2584 1151 2641 qno
1174 2561 1251 2637 lato,
1269 2585 1325 2622 non
1373 2595 1374 2614 2

947 2413 1075 2486 hristus,
1097 2411 1180 2491 quod
1199 2411 1326 2470 futurum
1373 2411 1374 2464 4

167 2501 222 2564 est,
240 2502 273 2549 nt
291 2510 324 2551 se
343 2489 379 2550 ad
399 2489 568 2570 patientiam
588 2500 777 2568 comparent,
804 2509 837 2548 ac
865 2488 918 2548 sub
941 2491 1065 2551 dirorum
1084 2487 1243 2547 hominnm
1262 2509 1324 2567 per·
1373 2505 1374 2538 1

166 2641 306 2715 violenta,
325 2661 382 2702 nec
401 2641 586 2722 sanguinaria
605 2652 703 2700 morte
725 2641 883 2714 intereunt,
899 2640 1039 2701 omnibus
1051 2651 1151 2699 tamen
1172 2659 1326 2700 commune
1373 2649 1374 2668 ¹

167 2729 212 2776 est
231 2717 330 2796 (sicuti
343 2717 451 2777 Paulus
461 2717 498 2776 ad
515 2717 600 2776 Rom.
613 2721 642 2790 8,
653 2723 700 2781 29.
713 2717 814 2800 docet)
835 2703 1014 2777 conlormari
1034 2718 1070 2776 ad
1091 2716 1206 2777 Christi
1226 2716 1324 2798 imagi-

166 2813 244 2851 nem.
275 2795 379 2873 Itaque
394 2805 456 2852 tota
469 2793 528 2852 vita
545 2814 614 2852 oves
630 2804 698 2850 sunt
713 2792 883 2853 mactationi
897 2793 1065 2853 destinatae.
1086 2791 1158 2852 Noa
1178 2807 1220 2852 est
1238 2814 1326 2852 m
1373 2811 1374 2816 ’

93 2871 94 2876 ’
122 2924 126 2934 ,
164 2867 245 2932 ὡκ.
284 2868 363 2928 Nihil
383 2869 439 2928 boc
458 2889 601 2948 responso
622 2867 679 2926 sihi
700 2869 833 2928 Christus
854 2870 998 2953 derogat,
1018 2869 1069 2927 sed
1089 2881 1205 2929 tantum
1227 2871 1323 2930 adrno-

164 2953 226 3017 net,
244 2943 364 3003 minime
383 2943 471 3004 fuisse
492 2944 653 3002 iniunctum
667 2943 723 3002 sibi
737 2965 752 3002 a
765 2942 853 3004 Patre
873 2945 928 3006 hoc
947 2966 1062 3019 munus,
1081 2959 1115 3003 ut
1134 2945 1245 3024 cuique
1258 2967 1322 3026 pro·

164 3019 258 3097 priam
278 3029 308 3078 et
327 3019 491 3081 distinctam
512 3018 611 3078 sedem
631 3020 660 3076 in
680 3039 775 3100 regno
797 3022 949 3081 coelorum
969 3021 1104 3104 assignet.
1144 3023 1242 3081 Venit
1263 3023 1323 3102 qni-

124 3147 126 3154 ,
166 3095 243 3167 dem,
263 3105 295 3152 nt
314 3115 381 3154 snos
403 3115 504 3154 omnes
525 3095 680 3183 colligeret
692 3096 722 3154 in
734 3096 822 3155 vitam
840 3111 1000 3173 aeternam,
1018 3097 1169 3157 sednobis
1189 3099 1323 3158 sulficere

165 3169 263 3242 debet,
285 3170 363 3304 quod
383 3171 524 3252 sangnine
545 3191 605 3230 erus
626 3184 707 3250 parta
728 3171 890 3234 haereditas
911 3196 966 3234 nos
986 3186 1092 3234 manet.
1133 3174 1207 3250 Quo
1229 3173 1328 3234 antem*
1373 3239 1374 3252 χ

200 3246 255 3305 adu
275 3245 324 3305 aii
343 3267 430 3326 supra
449 3247 521 3306 alios
541 3246 699 3322 emineant,
718 3269 814 3338 neque
828 3261 961 3310 nostrum
982 3261 1027 3310 est
1046 3249 1209 3330 inquirere,
1229 3271 1322 3386 neque
1373 3259 1374 3276 ¹

177 3342 244 3412 'eus
263 3342 281 3382 a
301 3319 419 3411 Christo
439 3321 525 3382 uobis
546 3323 678 3403 patelieri
698 3323 800 3397 voluit,
820 3327 872 3385 sed
891 3349 923 3387 us
945 3348 981 3387 ue
1002 3326 1038 3386 ad
1055 3327 1190 3386 ultimam
1210 3348 1282 3387 rere
1295 3349 1322 3386 a·

161 3409 274 3457 taonem
294 3397 400 3457 drlleri.
438 3399 525 3458 Nunc
550 3412 682 3460 tenemus
709 3400 819 3462 Christi
845 3349 1007 3464 consilinm.
1051 3403 1157 3482 Neque
1186 3403 1266 3464 enim
1287 3406 1320 3464 de

162 3494 213 3533 sua
226 3485 373 3565 potestate
394 3475 441 3536 hic
460 3477 598 3567 disputa,
617 3477 669 3536 sed
689 3488 801 3536 tantum
821 3479 952 3556 reputari
970 3478 1041 3553 vult,
1062 3499 1203 3558 quorsum
1224 3480 1321 3540 missus

109 3571 113 3582 ¹
162 3549 252 3610 luerat
271 3573 288 3610 a
308 3551 406 3627 Patre,
427 3563 456 3612 et
476 3553 546 3633 quid
565 3573 633 3612 suae
650 3553 798 3613 vocationi
812 3557 978 3615 conveniat.
1009 3556 1143 3634 Ideoque
1156 3555 1194 3614 ab
1215 3575 1318 3616 amano

159 3627 218 3686 Dei
239 3626 362 3688 consilio
384 3624 542 3690 iniunctam
561 3628 618 3688 sibi
631 3629 758 3688 docendi
777 3630 923 3690 rationem
937 3632 1083 3705 discerpit
1117 3631 1207 3692 Utilis
1219 3632 1318 3691 admo-

159 3702 245 3776 nitio,
266 3716 298 3763 ut
316 3703 416 3765 sobrie
435 3726 537 3786 sapere
558 3705 708 3780 discamus,
728 3727 783 3765 nec
802 3727 994 3787 perrumpere
1008 3729 1151 3767 conemur
1172 3709 1203 3768 in
1223 3706 1319 3767 abdita

158 3780 216 3839 Dei
236 3779 383 3916 mpsteriaq
402 3802 436 3842 ac
456 3781 627 3861 praesertim
647 3803 685 3840 ne
705 3781 736 3840 in
757 3781 931 3842 excutiendo
952 3783 1068 3844 suturae
1088 3785 1168 3844 vitae
1187 3795 1263 3843 statu
1282 3784 1318 3842 si-

156 3879 219 3916 mus
239 3879 258 3916 u
271 3869 315 3916 tra
336 3860 455 3919 modum
475 3857 597 3921 curiosi:
618 3859 749 3917 nondum
770 3857 848 3917 enim
868 3861 1014 3939 apparuit,
1033 3860 1104 3941 quid
1125 3861 1247 3935 erimus,
1266 3861 1317 3921 do-

156 3952 211 3992 nec
232 3951 286 3994 nos
304 3931 388 3994 Deus
413 3933 470 3993 sibi
489 3928 649 3995 reddiderit
672 3934 780 3994 similes
799 3935 839 4014 (Ι.
860 3936 905 3995 lo.
924 3941 955 4010 3,
974 3939 1026 4014 2.).
1074 3934 1238 3998 Caeterum
1265 3957 1316 3996 no·
1373 3923 1374 3978 l

85 4051 86 4061 ,
153 4008 274 4096 tandum
285 4020 340 4098 est,
360 4009 564 4090 aequalitatem
578 4031 640 4099 pon
653 4011 739 4070 statui
755 4011 902 4072 interDei
920 4011 1007 4088 filios,
1027 4023 1186 4104 postquam
1207 4011 1316 4092 recepti

155 4083 265 4140 furunt
283 4105 314 4142 rn
335 4087 492 4148 coelestem
511 4087 646 4170 gloriam,
665 4087 715 4146 secl
732 4088 830 4166 potius
842 4085 964 4170 singulis
984 4089 1117 4170 promitti
1130 4111 1199 4150 eum
1220 4090 1315 4151 honu-

38 4215 50 4234 Ι
153 4158 192 4215 ris
212 4159 345 4238 gradum,
365 4163 399 4223 ad
420 4183 507 4242 quem
527 4176 649 4227 aeterno
670 4161 728 4224 Dei
749 4163 872 4224 consilio
894 4165 1029 4226 destinati
1050 4177 1126 4227 sunt.

999 4360 1004 4371 .
1102 4331 1110 4368 l
