2756 4838
88 41 97 71 l

34 75 101 128 Ἳ
203 81 205 88 ,

164 211 225 280 ΝΔ,
432 197 549 262 SECT.
569 178 650 258 xv'1.
689 201 823 259 marm
844 203 1046 258 mensutam

161 361 338 428 novissimo
365 354 444 424 dare
471 357 553 422 sicut
578 351 706 457 et,tibi.
760 355 810 420 15.
842 355 894 420 An
914 352 1080 422 nonlicet
1101 353 1194 432 mibi,
1239 355 1327 440 qnod

162 464 242 530 volo
263 459 371 528 iacere
393 464 427 526 in
450 457 548 524 rebus
569 461 669 523 meis?
710 479 750 522 au
773 455 887 524 oculus
909 469 983 523 tuus
1005 457 1107 522 malus
1130 465 1194 533 est,
1239 457 1327 544 quod

83 594 89 609 =
164 587 226 654 ego
247 565 354 632 bonus
374 567 451 629 sim?
494 564 543 627 16.
569 561 624 628 Sic
647 561 813 624 novissimi
840 571 934 626 crunt
953 560 1065 643 primi,
1099 570 1131 625 et
1152 561 1251 645 primi
1272 583 1327 628 no-

162 670 297 747 vissimi:
317 665 410 734 multi
431 669 516 733 enim
538 675 613 732 sunt
632 665 752 742 vomu,
772 665 869 750 pauci
890 683 969 728 vero
992 661 1098 727 electi.

242 865 351 978 Quum
362 901 435 962 hacc
455 885 595 979 parabola
615 899 688 960 nibil
708 897 787 960 aliud
807 897 859 973 sit,
885 915 971 1031 poam
990 895 1142 974 proximae
1162 897 1324 958 sententiae

96 1029 102 1037 .
162 977 361 1054 confirmatio,
373 975 470 1037 Erunt
478 980 574 1052 primi
588 979 745 1049 notissimi,
764 995 843 1034 nunc
858 973 887 1034 vi
909 974 1018 1032 endum
1034 973 1189 1061 quomodo
1201 975 1325 1054 aptanda

161 1055 211 1114 ait
252 1053 381 1129 Quidam
401 1055 578 1134 interpretes
597 1053 674 1113 hanc
693 1072 833 1112 summam
854 1049 1009 1130 colligunt,
1029 1069 1097 1127 qura
1117 1068 1183 1108 non
1203 1071 1325 1129 operum

162 1131 274 1192 meritis
294 1131 456 1210 aequiritur
475 1129 611 1190 coelestis
631 1129 811 1200 baereditas,
830 1127 881 1186 sed
922 1125 990 1210 ratis
1010 1125 1154 1198 donatur,
1173 1127 1326 1204 aequalem

163 1207 231 1267 fore
252 1206 381 1267 omnium
402 1207 537 1298 gloriam.
562 1206 653 1286 Atqui
673 1227 734 1265 non
755 1205 883 1284 disputat
898 1145 1043 1274 Shuntus,
1062 1197 1111 1260 vel
1132 1201 1167 1260 de
1187 1202 1325 1262 coelestis

163 1282 278 1366 gloriae
298 1283 484 1364 aequalitate,
503 1281 550 1342 tel
571 1283 607 1342 de
621 1283 721 1342 futuro
732 1282 848 1362 piorum
861 1290 950 1338 statu:
969 1279 1022 1338 sed
1041 1277 1100 1337 boc
1119 1289 1232 1338 tantum
1251 1300 1325 1357 pro-

162 1359 290 1434 nuntiat,
310 1381 424 1420 causam
445 1361 506 1420 noh
528 1379 589 1418 esse
610 1380 663 1418 cur
682 1357 848 1441 glorientur
866 1354 914 1415 vel
934 1355 996 1414 aliis
1007 1353 1159 1428 insultent,
1180 1355 1231 1433 mai
1249 1367 1327 1414 tem-

163 1456 238 1516 pore
258 1447 327 1496 sunt
339 1438 464 1517 priores,
484 1435 551 1516 quia
562 1434 720 1509 Dominus,
740 1433 855 1513 quoties
868 1432 908 1492 ita
924 1431 1077 1512 placuerit,
1096 1451 1205 1490 vocare
1217 1431 1328 1510 poterit

164 1533 240 1592 quos
259 1512 336 1574 visus
357 1523 402 1573 est
420 1513 456 1573 ad
476 1524 590 1592 tempus
604 1511 773 1602 negligere,
794 1529 904 1588 eosque
920 1508 965 1568 vel
977 1527 1103 1586 aequare
1116 1508 1163 1566 vel
1177 1508 1326 1586 praeferre
1371 1543 1372 1560 ι

162 1587 313 1670 prioribus
330 1588 397 1650 illis.
422 1589 454 1649 Si
474 1588 538 1668 quis
560 1599 659 1650 exacte
678 1585 807 1668 singulas
827 1585 910 1645 huius
931 1583 1090 1665 parabolae
1110 1596 1213 1674 partes
1234 1585 1326 1644 discu-

161 1676 227 1725 tere
246 1666 334 1742 uelit,
363 1665 464 1746 inepta
484 1665 541 1724 erit
558 1665 622 1724 eius
642 1665 802 1724 curiositas.
840 1661 922 1722 Nihil
942 1652 1015 1742 cr'go
1036 1661 1159 1739 amphus
1182 1681 1326 1739 quaeren-

164 1741 245 1816 dum,
264 1761 351 1832 quam
372 1743 452 1821 quod
471 1741 588 1800 tradere
610 1739 720 1800 Christi
741 1737 900 1800 consilium
917 1737 980 1796 luit.
1000 1737 1096 1796 Porro
1117 1736 1176 1795 iam
1199 1737 1327 1809 diximus,

162 1837 226 1878 uon
246 1817 304 1877 abo
324 1837 391 1877 enm
411 1829 556 1896 spectasse
577 1837 663 1895 quam
675 1827 707 1876 ut
724 1837 792 1875 suos
803 1816 840 1874 ad
851 1813 1033 1896 pergendum
1053 1813 1207 1872 continuis
1226 1814 1328 1872 stimu-

162 1893 200 1953 lis
219 1892 383 1953 incitaret..
403 1893 533 1966 Scimus,
561 1912 592 1952 se
616 1893 720 1952 nitiem
739 1893 804 1952 lere
824 1912 858 1950 ex
878 1890 968 1951 nimia
988 1887 1092 1950 fiducia
1113 1891 1210 1950 nasci:
1237 1890 1276 1949 ita
1297 1890 1326 1949 lit
1371 1919 1372 1922 ¹

163 1979 197 2028 ut
215 1966 310 2044 multi,
330 1968 517 2048 quasistadio
539 1912 689 2044 conlecto,
708 1970 739 2028 in
759 1968 858 2027 medio
879 1989 964 2028 cursu
985 1966 1146 2026 desideant.
1187 1967 1262 2026 ldeo
1282 1968 1325 2026 iu-

162 2043 216 2105 bet
235 2065 289 2106 uos
306 2043 414 2106 Paulus
435 2065 509 2134 quae
529 2065 546 2104 a
566 2056 653 2126 tergo
672 2057 741 2106 sunt
761 2043 909 2116 oblivisci,
929 2054 961 2101 ut
979 2042 1156 2123 eop'tantes,
1178 2043 1250 2122 qnid
1269 2065 1324 2102 no-

161 2119 207 2181 bis
227 2121 322 2182 adbuc
341 2123 379 2182 sit
397 2121 555 2193 residuum,
574 2142 629 2182 nos
649 2123 686 2182 ad
705 2133 824 2182 strenue
844 2121 1019 2180 currendum
1039 2139 1188 2178 acuamus.
1228 2119 1325 2178 Verba
1371 2139 1372 2166 1

160 2207 260 2258 tamen
280 2218 453 2278 percurrere
473 2197 546 2256 nihil
565 2197 710 2272 nocebit,
723 2210 757 2257 ut
776 2197 880 2257 clarius
900 2196 969 2255 inde
989 2194 1103 2255 eluceat
1124 2195 1272 2256 doctriua.

167 2291 171 2310 ¹
237 2273 341 2336 Mattb.
361 2283 388 2341 1.
427 2274 508 2334 Nom
525 2274 619 2334 εἰηιίἱο
636 2289 676 2335 est
693 2296 814 2351 reginum
833 2263 1003 2333 coelorum?
1027 2271 1138 2330 Sensus
1161 2283 1222 2346 est,
1252 2293 1321 2332 ean·
1371 2319 1372 2332 ι

162 2352 231 2414 dem
250 2370 312 2411 esse
331 2352 477 2412 rationem
498 2350 613 2412 divinae
633 2350 807 2424 vocationis,
828 2351 884 2410 acsi
918 2348 1041 2428 uispiam
1054 2348 1212 2436 operarios
1228 2349 1264 2408 ad
1282 2349 1324 2408 vi-

160 2447 236 2488 neae
257 2447 326 2493 suae
346 2428 488 2488 culturam
507 2447 593 2488 mane
613 2439 696 2488 certo
717 2427 815 2507 pretio
836 2371 1026 2498 conduceret,
1045 2423 1118 2484 ahos
1130 2425 1240 2485 deinde
1256 2425 1327 2484 snb-

159 2504 292 2564 mitteret
310 2504 373 2566 sine
392 2504 547 2584 pactione,
574 2503 679 2584 quibus
703 2516 803 2564 tameo
823 2523 923 2583 parem
947 2501 1115 2561 mercedem
1134 2503 1325 2582 rependeret
1371 2525 1372 2542 ι

160 2581 260 2656 Regu
278 2593 375 2642 autem
393 2580 615 2641 coelorumideo
628 2579 772 2654 meminit,
792 2581 861 2659 quia
878 2577 1057 2659 spiritualem
1078 2577 1169 2638 vitam
1189 2589 1327 2638 terrenae

160 2669 324 2738 comparat,
342 2658 478 2736 vitaeque
491 2668 629 2717 aeternae
661 2658 801 2717 raemium
813 2655 966 2736 pecuniae,
986 2675 1043 2734 qua
1064 2653 1202 2714 homines
1222 2675 1327 2734 operas

160 2733 217 2794 sibi
238 2735 388 2812 praestitas
408 2745 608 2794 munerantur.
674 2732 849 2794 ocumbunc
883 2730 978 2792 uidam
998 2728 1146 2790 subtiliter
1166 2731 1329 2812 accipiunt,
1371 2739 1372 2758 ¹

160 2808 221 2870 acsi
241 2810 421 2870 discerneret
440 2806 572 2870 Christro
592 2809 718 2870 ludaeos
739 2829 754 2870 a
776 2753 933 2868 Gentibus.
985 2807 1110 2866 Iudaeos
1130 2807 1213 2866 enim
1234 2809 1327 2887 prima

160 2887 235 2946 bora
255 2884 357 2944 dicunt
375 2883 465 2946 luisse
484 2898 571 2967 pacta
589 2887 727 2946 mercede
738 2897 870 2959 vocatos,
890 2883 957 2964 quia
968 2881 1114 2944 Dominus
1126 2883 1218 2942 vitam
1230 2897 1326 2944 aeter·
1371 2891 1372 2952 l

161 2982 231 3020 narn
251 2960 305 3020 sub
326 2961 499 3022 conditione
519 2962 578 3046 illis
597 2962 743 3043 promisit,
761 2961 785 3020 si
797 2962 911 3053 Legem
930 2959 1102 3050 implerent:
1124 2960 1155 3018 in
1176 2959 1327 3020 Gentibus
1371 2963 1372 3008 i

161 3049 259 3096 autem
279 3037 418 3098 vocandis
431 3039 541 3099 nullam
554 3037 641 3098 luisse
657 3037 825 3118 pactionem
838 3049 1053 3117 interpositam,
1072 3034 1177 3096 saltem
1190 3057 1328 3116 operum,
1371 3041 1372 3112 l

161 3113 229 3193 quia
249 3113 339 3194 gratis
360 3114 460 3175 oblata
479 3115 536 3175 illis
557 3114 612 3174 luit
630 3114 661 3174 in
683 3113 803 3174 Christo
823 3114 908 3174 salus.
957 3112 1018 3172 Sed
1044 3111 1237 3193 importunae
1260 3126 1329 3174 snut
1371 3119 1372 3170 l

160 3209 264 3250 omnes
284 3190 449 3252 huiusmodi
467 3191 616 3274 argutiae,
656 3191 723 3270 qula
743 3191 897 3251 discrimen
918 3190 949 3247 iu
974 3199 1061 3268 pacto
1081 3189 1205 3250 minime
1225 3190 1328 3250 statuit
1371 3175 1372 3266 l

158 3265 317 3341 Dominus,
335 3269 387 3328 sed
406 3279 519 3328 tantum
538 3267 570 3327 in
590 3280 736 3348 tempore,
757 3265 899 3346 quodqui
914 3265 1008 3326 ultimi
1028 3264 1082 3324 sub
1102 3285 1260 3348 vesperam
1282 3267 1326 3324 in·
1371 3271 1372 3326 l

182 3343 253 3404 rossi
283 3344 405 3404 suntin
430 3343 562 3417 vineam,
601 3346 725 3404 eandem
750 3363 816 3404 cum
862 3343 941 3402 rimis
972 3341 1120 3420 accipiant
1146 3343 1328 3402 mercedem

159 3361 302 3494 Dnamvis
322 3420 401 3482 enim
414 3419 698 3481 Deus'olimludae‘
732 3364 898 3480 mercedem
919 3439 1043 3500 operum
1061 3415 1093 3476 in
1106 3417 1190 3500 Lege
1211 3420 1327 3498 prumi-
1371 3419 1372 3462 l

159 3495 241 3571 serit,
260 3497 365 3556 scimus
384 3507 493 3571 tamen,
513 3495 570 3558 boe
583 3498 708 3558 caruisse
729 3495 851 3568 ellectu,
871 3495 938 3576 quia
959 3515 1047 3554 nemo
1068 3493 1194 3554 salutem
1214 3495 1326 3554 meritis
1371 3497 1372 3550 l

158 3573 216 3634 suis
237 3593 364 3654 unquam
385 3571 507 3708 adeptus
528 3585 580 3634 est
622 3572 685 3633 Cur
704 3593 777 3655 ergo
804 3574 899 3652 (dicet
918 3571 1076 3663 quispiam)
1106 3572 1251 3651 pactionis
1270 3591 1324 3628 ex·
1371 3599 1372 3640 ι

181 3670 258 3710 resse
278 3648 413 3708 meminit
462 3649 582 3725 hristus,
621 3648 657 3710 de
677 3649 777 3729 primis
797 3649 939 3729 loquens,
978 3669 1009 3708 m
1037 3647 1100 3706 aliis
1119 3668 1195 3707 vero
1213 3645 1333 3705 tacuit?-
1371 3693 1372 3722 ,

157 3671 274 3806 llempe
294 3737 326 3785 ut
346 3725 484 3800 doceret,
509 3727 573 3786 sine
593 3726 763 3806 cuiusquam
784 3723 889 3786 iniuria
910 3722 1065 3805 postremis
1083 3721 1191 3783 haberi
1210 3735 1328 3782 tantum
1371 3761 1372 3774 ι

157 3803 294 3877 honoris,
314 3803 372 3864 acsi
383 3802 419 3861 ab
440 3803 528 3864 initio
548 3803 647 3863 vocati
667 3812 777 3862 essent:
797 3825 865 3862 nam
885 3800 1006 3891 proprie
1026 3799 1194 3890 loquendo,
1213 3801 1328 3859 nemini
1371 3835 1372 3852 ι

96 3921 104 3944 .
159 3880 316 3960 quiequam
337 3877 442 3953 debet,
467 3881 589 3958 iureque
609 3898 662 3938 suo
684 3879 774 3960 exigit
793 3899 810 3938 a
829 3877 931 3952 nobis,
957 3897 1031 4012 epuns
1050 3875 1108 3936 srbi
1128 3875 1221 3936 babet
1240 3877 1328 3936 addi·

158 3969 233 4027 ctos,
253 3975 444 4036 quaecunque
465 3955 496 4015 in
516 3953 602 4016 nobis
622 3955 675 4014 sita
695 3967 764 4014 sunt
784 3954 934 4033 obsequia.
989 3954 1024 4012 ed
1045 3953 1113 4030 quia
1135 3953 1226 4035 gratis
1246 3975 1328 4012 mer-

158 4033 259 4091 cedem
280 4032 367 4123 ”Oblt
388 4029 497 4106 ollert,
528 4031 635 4091 dieitur
661 4051 766 4111 operas
790 4031 846 4092 sibi
873 4029 985 4108 alioqui
1009 4029 1122 4088 debitas
1144 4030 1327 4090 conducere.
1371 4045 1372 4062 ¹

157 4106 237 4167 Hinc
257 4107 342 4168 litut
361 4107 448 4168 etiam
467 4107 612 4168 mercedis
630 4107 751 4167 nomine
772 4107 919 4190 dignetur,
940 4127 1027 4186 quam
1047 4105 1139 4186 gratis
1158 4105 1253 4166 donat
1273 4127 1328 4166 eo-

157 4201 270 4241 ronam.
294 4183 391 4244 Porro
411 4195 445 4245 ut
465 4183 644 4257 ostenderet,
663 4182 771 4243 nullam
793 4183 880 4251 nobis
901 4203 963 4243 esse
983 4203 1097 4241 caumm
1118 4182 1328 4262 expostulandi

158 4279 223 4316 cnm
236 4259 315 4348 Deo,
335 4261 359 4320 si
379 4260 500 4321 honoris
519 4261 616 4322 socios
637 4259 724 4319 nobis
744 4261 893 4343 adiungat,
913 4257 964 4339 qui
985 4256 1036 4317 lon
1062 4279 1080 4318 o
1097 4257 1255 4319 intervallo
1270 4280 1329 4318 nos
1371 4253 1372 4318 l

158 4345 278 4413 sequuta
297 4347 375 4412 sunt,
393 4337 613 4403 similitudinem
625 4348 771 4415 mutuatus
786 4349 830 4398 est
841 4357 876 4398 ex
886 4337 1036 4398 communi
1075 4334 1209 4396 ominum
1229 4355 1330 4403 ruore,
1371 4351 1372 4378 t
