2768 4834
162 215 221 278 ιιι
594 195 596 204 ’
617 207 770 296 snntto
791 207 845 268 ιιι.

166 383 269 426 omues
288 363 351 424 illas
363 355 578 443 ‘querimonias
608 359 644 422 Iu
663 382 773 422 summa
792 359 948 443 siguificat,
967 343 1150 440 quantumiis
1162 357 1310 432 difficile,
1377 341 1378 424 ζ

166 442 298 516 arduum,
316 439 481 513 molestum,
499 440 547 499 vel
568 455 700 518 asperum
720 438 759 498 sit
779 437 860 517 quod
879 436 1025 516 praecipit
1044 436 1136 510 Deus,
1155 433 1233 495 nibil
1253 447 1308 494 ta-

165 539 235 582 men
255 516 446 578 excusationis
465 515 534 575 inde
556 537 587 576 ca
611 515 732 576 tandum
753 535 834 587 esse,
854 513 922 592 quia
942 513 1033 594 pluris
1053 511 1140 572 nobis
1160 529 1224 572 esse
1245 512 1309 582 de-

121 611 126 628 '
166 593 238 656 beat
256 592 365 653 iustitia
384 593 452 666 Dei,
473 613 558 670 quam
577 537 634 650 alia
654 592 751 650 omnia
765 610 847 680 quae
868 611 934 649 cara
953 588 1095 669 imprimis
1116 599 1147 648 et
1165 587 1310 668 pretiosa

167 682 248 730 suut:
269 669 327 732 acsi
347 668 477 741 dixisset,
497 670 565 728 Non
587 681 631 728 est
650 668 731 746 quod
749 667 821 726 nubi
843 665 981 740 obiicias,
1001 677 1031 725 te
1051 665 1097 724 vix
1116 682 1204 744 posse
1226 687 1309 724 ocu-

167 746 227 806 lum
247 747 304 805 huc
324 743 392 806 illuc
412 756 547 820 vertere,
567 744 638 824 quin
659 765 692 804 ex
713 742 873 823 improviso
893 741 1050 802 illecebrae
1071 740 1186 820 aliquae
1207 740 1309 800 obre-

168 834 256 904 pant:
277 819 369 880 oculis
390 821 467 888 enim
487 822 544 880 tuis
564 821 663 902 potius
682 817 910 894 renuntiandum
932 830 989 893 est,
1009 837 1095 898 quam
1115 829 1148 876 ιιι
1167 817 1309 878 discedas

168 895 346 964 amandatis
365 893 433 959 Det
472 899 518 958 Ne
542 918 578 957 ue
597 909 696 956 tamen
716 894 809 956 intelli
832 896 856 954 it
867 895 1011 970 Christus,
1030 895 1225 955 mutilandum
1238 915 1309 954 esse

168 995 276 1053 corpus
296 985 328 1031 ιιι
347 994 498 1053 pareamus
518 920 602 1034 beo:
634 973 686 1033 sed
706 973 773 1051 quia
793 915 922 1032 libenter
941 982 1080 1052 optarent
1099 991 1218 1044 omnes,
1239 991 1309 1030 non

166 1049 338 1110 ita‘srenari
357 1069 457 1110 sensus
471 1071 549 1128 suos,
570 1049 641 1129 quin
660 1047 786 1108 liberum
805 1047 951 1109 haberent
971 1068 1076 1107 eorum
1095 1069 1189 1122 usum,
1212 1043 1307 1106 Chri-

168 1137 228 1188 stus
249 1123 441 1216 hyperbolice
461 1127 550 1188 docet
567 1125 757 1212 resecandum
779 1144 857 1199 esse,
883 1125 950 1205 quic
972 1124 1022 1184 uid
1041 1144 1097 1183 nos
1116 1123 1157 1182 im
1181 1123 1245 1183 edit
1263 1142 1309 1182 ne

168 1201 344 1282 obsequium
362 1203 430 1263 Deo
451 1215 641 1284 praestemus,
662 1202 747 1281 quale
759 1201 807 1264 ¹lla
833 1201 887 1262 itat
905 1202 936 1260 in
983 1221 1039 1284 ege
1058 1221 1117 1260 sua.
1142 1145 1253 1279 ldtque
1272 1200 1310 1260 id

169 1277 306 1338 consulto
327 1276 412 1355 facit,
442 1279 508 1360 quia
534 1279 618 1338 nimis
638 1279 764 1338 licenter
782 1221 838 1339 siit
864 1277 997 1338 homines
1023 1278 1077 1338 hac
1097 1275 1128 1335 in
1148 1288 1234 1356 parte
1255 1276 1308 1334 in-

171 1351 303 1436 dulgent
343 1351 375 1412 si
395 1376 484 1434 purus
505 1367 581 1416 esset
601 1355 722 1428 animus,
742 1355 845 1414 oculos
866 1375 984 1434 quoque
1005 1364 1036 1412 et
1055 1373 1156 1413 manus
1177 1351 1310 1412 baberet

169 1430 226 1492 sthi
247 1429 459 1509 obsequentes,
490 1431 596 1511 quibus
616 1442 728 1490 certum
749 1443 794 1489 est
812 1431 924 1490 nullum
944 1431 1039 1490 inesse
1060 1428 1216 1509 proprium
1237 1449 1308 1488 mo-

169 1517 241 1566 tum.
280 1507 317 1565 In
338 1527 375 1568 eo
395 1519 492 1568 autem
513 1507 643 1590 graviter
662 1528 827 1586 peccamus,
846 1507 926 1586 quod
946 1507 1020 1568 adeo
1042 1526 1103 1565 non
1123 1525 1222 1565 sumus
1242 1504 1310 1566 sol-

170 1583 256 1658 liciti,
275 1593 309 1658 pt
329 1583 463 1658 decebat,
483 1585 512 1642 in
534 1583 668 1644 cavendis
689 1583 847 1663 illecebris,
867 1594 900 1666 qt
918 1583 1016 1666 potius
1037 1582 1074 1642 ad
1092 1581 1200 1642 malum
1222 1581 1309 1642 ultro

170 1679 366 1742 provocemus
386 1681 486 1720 sensus
506 1673 622 1721 nostros
644 1659 751 1720 effreni
771 1657 898 1722 licentia,

127 1977 131 1983 ,
216 1906 296 1994 (47.)
327 1905 497 1986 ΜΑῘΓΤΗ.
519 1907 558 1970 V.
600 1905 651 1974 31.
677 1906 806 1975 Dictum
831 1917 878 1971 est
899 1917 1014 1984 eutem,
1036 1905 1235 1993 Quicunque
1257 1927 1312 1972 re-

172 1995 513 2093 pudiaverit'uxorcm
540 2029 643 2085 suam,
679 2006 734 2071 det
761 2005 810 2071 illi
835 2005 982 2072 libellum
1005 2007 1144 2072 divortii.
1184 2007 1237 2070 32.
1264 2010 1313 2072 At

173 2127 235 2192 ego
262 2105 337 2172 dico
364 2104 472 2183 robis,
506 2107 593 2193 quod
628 2109 772 2192 quisquis
807 2107 1028 2194 repudiaverit
1059 2127 1190 2172 uxorem
1216 2129 1313 2172 suam

172 2207 237 2271 nisi
260 2191 355 2271 causa
375 2210 486 2294 stupri,
506 2208 583 2272 lacit
603 2229 674 2300 eam
695 2203 874 2276 moechari:
896 2217 928 2274 et
950 2209 1133 2294 quicunque
1155 2206 1313 2294 repudia·

172 2315 238 2376 tam
261 2306 620 2385 duxericmoechatur.
756 2289 762 2304 ¹
785 2288 788 2306 ⁸

170 2531 176 2546 ἡ
197 2483 210 2521 ¹.
258 2439 467 2508 LUC.xv1,
510 2441 559 2506 18.
582 2437 737 2528 Quisquis
750 2440 879 2508 dimittit
899 2463 1031 2511 uxorem
1052 2441 1152 2518 snam,
1173 2451 1208 2509 et
1229 2440 1311 2506 alte.

173 2562 241 2610 rum
264 2541 361 2619 ducit,
382 2539 573 2606 adulterium
596 2543 775 2608 committit:
798 2555 830 2609 et
852 2545 996 2630 quisquis
1018 2539 1180 2608 dimissam
1203 2563 1223 2607 a
1245 2565 1314 2612 ma..

173 2643 237 2708 rito
259 2640 363 2720 ducit,
384 2629 574 2764 adulterium
597 2635 771 2709 committit.

110 2879 113 2889 ,
251 2815 355 2874 Mattb.
366 2821 414 2882 31.
457 2813 836 2900 Quicunquerspudiqverit.
877 2813 1311 2896 Quia'opportrmioretittra-

176 2891 299 2950 ctaudae
321 2889 410 2950 fusius
431 2903 461 2952 et
481 2891 667 2972 explicandae
692 2892 845 2953 doctrinae
866 2893 948 2952 locus
965 2891 1068 2982 'iapite
1088 2899 1134 2958 19.
1155 2893 1312 2970 Matthaei,

175 2985 255 3026 nuuc
281 2965 411 3026 breviter
434 2987 616 3046 percurram,
649 2970 729 3049 qood
755 2969 802 3027 hic
828 2966 961 3028 Christus
986 2967 1066 3028 dreit.
1112 2969 1207 3029 Sicuti
1233 2971 1312 3032 falso

176 3043 334 3104 defunctos
353 3064 385 3102 se
405 3063 474 3126 erga
494 3045 591 3104 Deum
610 3045 754 3125 putabant
773 3045 885 3120 Iudaei,
904 3045 928 3105 si
948 3045 1059 3128 Legem
1101 3045 1204 3105 olitico
1223 3068 1310 3108 more

176 3131 344 3194 servarent,
370 3121 410 3180 ita
429 3142 542 3204 rursum
562 3122 702 3202 quicquid
722 3121 781 3182 Lex
801 3121 922 3200 politica
943 3143 1005 3182 non
1025 3065 1199 3201 probibeat,
1219 3124 1310 3184 stulte
1347 3176 1356 3192 ‚

177 3193 413 3284 imaginabantur
431 3193 486 3256 sibi
506 3218 568 3258 csse
583 3199 702 3262 licitum.
741 3197 887 3272 Divortia,
901 3219 982 3278 „quae
1002 3197 1066 3256 fieri
1085 3196 1224 3257 solebant
1242 3221 1311 3262 cum

176 3271 330 3350 uxoribus,
354 3272 451 3332 Moses
492 3276 569 3334 uoad
591 3287 740 3334 externum
761 3273 895 3334 ordinem
915 3294 978 3340 non
996 3284 1144 3348 vetuerat,
1170 3274 1222 3334 sed
1241 3288 1311 3335 tan-

175 3359 240 3405 tum
272 3348 454 3410 cohibendae
472 3295 610 3410 libidinis
636 3369 720 3411 causa
750 3350 873 3415 iusserat
897 3351 959 3410 dari
983 3350 1143 3430 repudiatis
1169 3351 1311 3412 uxoribus

175 3423 309 3487 libellum
329 3423 454 3489 divortii
480 3429 553 3486 Erat
572 3438 670 3486 autem
691 3429 837 3511 qqoddam
849 3425 1083 3488 manumissionis
1098 3427 1310 3504 testimonium,

176 3509 211 3558 ut
233 3499 327 3560 libera
359 3513 434 3564 esset
462 3504 493 3561 in
523 3514 673 3582 posterum
705 3503 809 3562 mulier
834 3523 848 3564 a
873 3504 971 3564 mariti
995 3504 1067 3585 iugo
1093 3514 1122 3562 et
1145 3516 1312 3582 potestates

177 3575 261 3636 simul
273 3578 318 3636 vir
329 3577 535 3654 confitebatur,
555 3599 586 3638 se
598 3599 660 3636 non
681 3577 827 3660 dimittere
846 3600 966 3641 uxorem
987 3579 1026 3639 ob
1048 3579 1159 3640 crimen
1179 3579 1314 3672 aliquod,

177 3651 230 3715 sed
251 3655 316 3732 quia
337 3675 400 3716 non
419 3654 558 3735 placeret
598 3655 677 3715 Hinc
697 3675 781 3715 error
799 3655 977 3731 invaluerat,
1009 3655 1118 3716 nullam
1138 3655 1170 3714 in
1189 3655 1242 3717 tuh
1262 3679 1310 3718 re-

199 3731 269 3791 udio
291 3731 405 3811 culpam
427 3751 505 3807 esse,
535 3731 625 3792 modo
645 3730 721 3814 Legi
745 3731 908 3792 satisfieret
947 3731 1007 3794 Sed
1032 3753 1185 3812 perperam
1212 3755 1310 3806 sume-

177 3753 252 3867 bant
271 3808 319 3888 pic
339 3817 497 3888 sancteque
517 3807 777 3888 vivendircgulam
794 3827 828 3867 ex
847 3809 911 3869 iure
932 3807 1017 3870 civili.
1056 3808 1131 3868 Nam
1152 3808 1234 3898 leges
1253 3831 1311 3890 po-

176 3883 274 3945 liticae
294 3884 443 3945 interdum
462 3883 499 3944 ad
517 3883 670 3944 hominum
689 3903 787 3944 mores
807 3885 980 3950 flectuntur:
1012 3883 1094 3944 Deus
1119 3886 1311 3968 vero‘legcm

177 3983 190 4028 s
214 3957 359 4020 iritualem
380 3959 503 4019 lercndo
524 3980 585 4019 non
605 3959 746 4040 respexit,
770 3961 840 4040 quid
860 3962 974 4041 possint
994 3959 1142 4035 homines,
1167 3963 1219 4022 sed
1241 3963 1311 4042 quid

200 4037 316 4097 ebeaut.
355 4037 429 4096 Ideo
448 4035 508 4097 illic
528 4035 660 4116 perlecta
680 4035 854 4120 integraque
875 4036 984 4098 iustitia
1003 4037 1189 4114 continetur,
1217 4061 1311 4119 quau-

177 4112 284 4172 tumvis
315 4113 375 4172 cius
404 4113 595 4192 praestandae
628 4111 748 4172 facultas
775 4134 830 4173 nos
860 4114 984 4174 deficiat.
1033 4113 1138 4194 Itaque
1169 4115 1311 4176 admonet

180 4187 330 4259 Christus,
368 4209 431 4252 non
445 4189 590 4326 lprotinus
610 4187 700 4252 licere
725 4210 824 4252 coram
843 4191 928 4267 Deo,
966 4189 991 4250 si
1017 4190 1087 4326 quid
1107 4192 1168 4282 Les
1188 4193 1311 4273 politica

152 4262 271 4322 'Mosis
290 4263 407 4325 tolerat.
471 4277 602 4326 raetextu
620 4263 735 4410 Leqqs,
755 4267 865 4347 iuquit,
896 4288 927 4328 se
947 4265 1089 4342 absovit,
1118 4289 1169 4346 qm
1190 4291 1310 4329 uxorem

180 4338 329 4408 dimittens
349 4341 460 4410 dattttt
479 4340 595 4431 repudii
614 4341 673 4410 ttbe
697 4363 759 4412 unt:
789 4355 819 4406 at
838 4343 964 4414 sanctius
992 4355 1036 4412 est
1056 4343 1187 4432 coniugii
1207 4345 1311 4415 vinco,

1230 4521 1238 4552 l
