2778 4838
306 201 395 337 ¹(142
436 256 519 319 Iesus
537 267 663 320 mortem
681 219 763 320 suam
781 257 980 340 praedicens.)
1165 263 1224 335 11³

58 407 272 490 valeant,''pia
295 407 353 473 fuit
371 409 454 470 Petri
478 409 621 486 intentio,
645 409 692 484 rel
715 373 819 472 salteln
837 409 1010 491 probabilis.
1047 413 1140 496 Atqui
1158 438 1222 480 non

54 485 158 567 potuit
178 485 294 560 durius,
318 507 375 547 nec
394 487 485 570 magis
505 487 719 548 eantumeliose
739 509 806 548 eum
824 488 948 550 relicere
969 489 1114 552 Christum
1135 491 1221 568 Quid
1367 535 1382 572 ·,

59 562 191 623 obsecro
210 561 268 622 sibi
287 563 350 622 vult
368 575 426 624 tam
447 581 548 644 aspera
567 564 743 645 responsio?
768 566 818 644 qui
836 577 949 638 tantam
967 569 1221 634 mansuetudinem
1295 625 1296 635 ,

59 639 174 775 pbippe
194 639 329 712 servavit,
349 661 387 699 ne
404 639 544 700 calamum
557 645 719 719 quassatum
738 643 952 724 confringeret,
969 647 1130 779 puomodo·
1142 661 1223 711 nunc

56 737 88 776 ιιι
131 737 154 774 rs

157 714 288 796 cipulmn
308 717 434 776 electum
454 729 511 777 tarn
533 717 673 778 atrociter
690 719 846 782 fulminat?
885 717 966 785 blani
980 731 1041 781 esta
1054 733 1134 782 certe
1144 725 1221 786 ratio

59 804 114 866 est,
135 793 218 876 guod
239 793 270 852 in
289 794 373 852 nnius
394 795 520 854 bominis
541 813 668 874 persona
688 814 876 877 compescere
896 818 998 859 omnes
1016 798 1164 876 voluerit,
1181 821 1222 862 ne

59 868 126 929 zelo
147 888 203 929 suo
224 869 405 962 indulgeant.
446 871 622 950 Quanquam
649 871 727 932 enim
753 873 848 933 carnis
876 873 1029 950 libidines,
1054 888 1088 934 ut
1111 875 1242 940 silniles¹

58 957 129 1005 sunt
149 945 221 1008 feris
241 945 356 1020 bestns,
381 946 522 1008 cohibere
541 947 665 1008 ¹difficile
686 961 744 1024 est,
768 949 848 1010 nulla
870 961 969 1011 tamen
992 953 1085 1034 magis
1110 953 1222 1016 fdriosa
1292 955 1296 960 ’

60 1021 161 1098 bellua
183 1034 243 1095 est,
272 1045 358 1103 φιιιιι
379 1025 473 1084 carnis
492 1025 658 1106 prudentia.
696 1027 779 1108 Ergo
799 1038 858 1086 tam
878 1027 985 1087 acriter
1003 1029 1033 1086 in
1054 1038 1117 1089 eam
1137 1031 1222 1092 inve-

57 1099 139 1158 bitor
159 1097 311 1172 Christus,
340 1112 369 1160 et
395 1100 477 1182 quasi
503 1100 604 1161 ferreo
627 1102 735 1162 malleo
761 1112 824 1164 eam
848 1105 995 1181 retundit,
1020 1116 1054 1166 ut
1077 1107 1221 1170 diseamus

55 1186 172 1236 tantum
194 1197 229 1236 ex
247 1177 308 1236 Dei
326 1177 419 1239 verbo
439 1197 551 1258 sapere.
723 1190 725 1196 ’

134 1259 184 1318 23·
217 1251 355 1329 Alipota
362 1277 415 1330 me,
434 1255 558 1315 Scaena.
589 1255 695 1335 Inepte
709 1256 825 1334 quidam
840 1256 1087 1339 philosophantur
1100 1261 1130 1320 in
1138 1273 1221 1324 ‘voce

54 1343 148 1403 m,
171 1331 253 1408 quasi
272 1330 408 1390 iubeatur
418 1332 528 1392 Petrus
543 1332 636 1411 sequi,
656 1352 718 1390 non
738 1333 869 1413 praeire:
889 1348 957 1392 nam
977 1346 1007 1394 et
1017 1335 1110 1396 Lucas
1129 1357 1218 1418 supra

58 1405 157 1486 capite
199 1418 296 1481 uasto,
316 1408 466 1470 diabolum
487 1407 589 1467 iisdem
605 1407 702 1468 verbis
719 1430 736 1468 a
750 1401 882 1470 Domino
894 1409 1043 1490 repulsum
1054 1411 1141 1472 luisse
1149 1431 1220 1472 nae-⁴

56 1483 141 1544 ravit.
197 1484 224 1543 't
242 1483 365 1544 verbnm
386 1491 477 1564 &noys
496 1485 640 1545 facessere
659 1485 682 1544 si
707 1485 815 1560 nificat,
833 1485 912 1546 unde
933 1499 964 1546 et
982 1486 1103 1548 latinum
1117 1490 1179 1569 Apa
1202 1506 1221 1574 e

58 1559 219 1620 deductum
239 1571 292 1619 est.
332 1560 442 1621 Procul
463 1579 536 1644 ergo
556 1562 655 1622 reiicit
704 1561 809 1638 hristus
829 1561 1019 1642 discipulum,
1087 1566 1112 1625 'a
1131 1510 1220 1646 pral-
1256 1591 1259 1602 ⁴

57 1647 183 1716 postero
203 1656 258 1696 sno
276 1636 343 1698 zelo
364 1638 490 1697 Satanae
511 1649 608 1718 partes
629 1637 740 1698 obiret:
761 1658 859 1720 neque
879 1640 956 1700 enim
974 1640 1147 1720 simpiciter
1166 1643 1224 1703 ad-

55 1711 217 1774 versarium
236 1725 340 1785 vocat,
362 1714 416 1788 sed
437 1713 547 1774 diaboli
566 1735 678 1776 nomen
697 1715 726 1776 ei
745 1715 782 1774 im
807 1717 874 1775 onit
890 1716 923 1775 in
941 1716 1057 1800 signum
1076 1719 1218 1781 maximae

57 1789 273 1850 detestationis.
312 1791 449 1852 Notanda
475 1803 532 1865 est,
558 1811 635 1871 quae
652 1812 722 1851 mox
740 1737 856 1852 additur
880 1793 974 1868 ratio,
997 1794 1219 1856 mercedulam

54 1863 126 1926 utta·
147 1887 194 1939 as,
222 1870 292 1945 qula
316 1864 479 1927 mmm
501 1872 599 1946 sapia,
624 1881 651 1934 et
674 1889 734 1944 non
757 1867 912 1930 secundum
936 1870 1064 1948 Dm'
1087 1872 1221 1933 Scanda-

56 1943 117 2002 lum
132 1940 256 2002 Christo
267 1942 323 2004 fuit
332 1944 448 2018 Petrus,
469 1945 537 2004 dum
553 1965 585 2005 se
597 1939 657 2005 eiius
670 1946 821 2006 vocationi
838 1949 987 2028 opposuit
1006 1967 1010 1975 ·
1026 1948 1115 2008 Unde
1131 1949 1220 2010 stiam

57 2027 201 2101 apparet,
232 2032 422 2100 quantopere.
439 2021 470 2080 in
491 2041 631 2101 perverso
651 2043 704 2082 suo
724 2023 790 2084 nelo
810 2023 958 2084 insaniant
976 2025 1124 2086 homines:
1148 2044 1222 2086 nam

58 2098 126 2156 dum
148 2095 254 2156 Petrus
274 2119 390 2158 cursum
409 2096 539 2177 magistri
560 2097 735 2178 abrumpere
760 2112 882 2159 conatus
909 2112 967 2175 est,
995 2123 1052 2180 per
1070 2121 1136 2161 eunt
1157 2121 1220 2162 non

57 2173 155 2248 stetit,
191 2172 263 2251 quin
287 2194 320 2233 se
344 2186 374 2234 et
393 2184 489 2233 totum
514 2175 671 2234 humanum
691 2193 783 2256 genus
811 2171 930 2235 aete‘rna
949 2178 1043 2238 salute
1062 2177 1222 2239 fraudaret¹

58 2251 129 2309 Uno
150 2249 245 2330 igitur
262 2250 357 2310 verbo
377 2249 529 2325 docemun
551 2262 736 2330 quantopere
757 2251 928 2343 fugiendum
948 2253 987 2312 sit
1006 2252 1144 2332 quicquid
1162 2275 1221 2315 noa
1257 2255 1261 2264 ’
1317 2247 1325 2256 ’

58 2325 181 2386 abducit
200 2347 217 2385 a
236 2326 296 2386 Dei
321 2326 475 2405 obsequio.
526 2325 657 2385 Primum
681 2345 752 2388 vero
777 2339 868 2402 totius
891 2328 960 2387 mali
985 2329 1100 2388 lontent·
1124 2329 1221 2411 aperit

60 2399 212 2477 Christus,
236 2423 326 2483 quum
345 2402 417 2462 dicit
435 2402 557 2462 Petrum
576 2423 680 2482 sapere
721 2424 775 2463 uae
794 2417 862 2464 sunt
882 2406 1041 2464 hominum.
1078 2407 1161 2486 Ergo
1181 2425 1223 2466 ne

58 2479 197 2542 coelestis
216 2480 303 2541 iudex
322 2500 376 2540 nos
397 2491 426 2538 et
445 2479 540 2538 studia
559 2489 661 2538 nostra
681 2426 719 2539 ad
739 2479 887 2540 diabolum
913 2480 1046 2561 ableget,
1078 2481 1221 2543 discamus

57 2577 120 2616 non
140 2556 268 2637 proprio
287 2555 385 2616 sensui
405 2575 467 2614 esse
487 2555 612 2628 addicti,
631 2556 682 2617 sed
703 2554 879 2616 obedienter
897 2556 1034 2647 amplecti
1054 2559 1134 2636 quod
1153 2559 1223 2618 Do·

56 2634 154 2694 minus
175 2632 294 2714 probat.
331 2633 410 2692 Eant
428 2653 508 2691 nunc
527 2630 675 2711 Papistae,
695 2643 725 2691 et
743 2654 793 2692 sua
813 2631 919 2711 placita
939 2653 970 2692 ιιι
990 2633 1106 2692 coelum
1126 2633 1222 2694 extol-

57 2711 134 2771 lant:
154 2710 287 2771 sentient
303 2709 438 2782 tandem,
458 2707 509 2768 ubi
529 2708 566 2767 ad
586 2706 714 2786 coeleste
732 2708 862 2769 tribunal
881 2721 1000 2770 ventum
1020 2709 1124 2786 fuerit,
1149 2709 1222 2789 quid

56 2787 156 2849 valeat
175 2785 323 2858 iactantia,
343 2806 429 2864 quam
451 2783 584 2844 Christus
596 2784 763 2845 Satanicam
783 2805 844 2845 esse
865 2785 1046 2866 pronuntiat
1065 2785 1128 2846 Nos
1138 2807 1221 2862 vero,

57 2863 114 2922 nisi
133 2873 243 2943 sponte
262 2862 383 2921 velimus
403 2861 564 2922 mortiferis
584 2859 740 2922 obstaculis
759 2862 834 2925 viam
858 2860 957 2923 salutis
977 2861 1064 2924 nobis
1084 2863 1221 2943 praeclu-

59 2939 146 3012 dere,
168 2958 231 2998 non
252 2937 337 3007 aliter
355 2957 459 3019 sapere
479 2950 649 3018 appetamus
671 2959 757 3018 quam
778 2960 811 3000 ex
832 2961 885 3000 ore
904 2937 972 2998 Dei.
1033 2971 1039 2976 ·

132 3021 183 3080 24·
202 3038 205 3046 ’
225 3015 312 3075 Tunc
335 3015 420 3075 Iesus
444 3011 523 3074 dtxtt
545 3013 695 3090 deotpato
715 3021 784 3076 suis.
834 3015 924 3090 Quia·
942 3013 1063 3077 videbat
1087 3016 1220 3080 Christus

56 3091 182 3152 Petrum
204 3111 320 3150 crucem
339 3092 474 3166 horrere,
495 3102 526 3151 et
545 3093 650 3152 eodem
671 3091 743 3152 alios
760 3113 862 3153 omnes
881 3113 968 3153 sensu
988 3091 1136 3173 praeditos
1156 3112 1222 3155 esse

57 3177 197 3240 noverat,
216 3167 396 3250 generaliter
407 3167 443 3228 dc
457 3166 615 3230 tolerantia
626 3168 720 3229 crucis
740 3169 869 3229 disserit:
889 3190 945 3229 nec
964 3169 1043 3230 solos
1064 3170 1221 3230 duodecim

59 3243 236 3324 compellat,
267 3244 319 3304 sed
339 3245 461 3306 eandem
480 3245 608 3380 inappnit
628 3245 724 3326 legem
766 3245 800 3305 iis
820 3245 966 3306 omnibus.
1004 3245 1136 3306 Similem
1155 3247 1221 3308 fere

56 3320 236 3382 sententiam
256 3319 408 3382 babuimus
428 3323 506 3401 apud
558 3321 705 3381 atthaeum
725 3323 738 3400 (
773 3323 984 3401 attb.10,28),
1003 3324 1055 3384 sed
1073 3322 1134 3382 illic
1152 3333 1221 3382 tan-

57 3396 445 3458 tumadmonitifuernntll
469 3396 558 3458 ostoli
576 3398 612 3457 de
655 3398 874 3478 erseqnutione,
895 3419 968 3478 quae
979 3399 1057 3479 ipsos
1072 3397 1221 3472 manebat,
1263 3405 1270 3412 ’

58 3473 181 3534 simulac
202 3473 297 3534 exorsi
310 3484 435 3534 essento
472 3474 583 3534 ἀοειιο
596 3418 684 3535 delun
709 3474 733 3533 i:
747 3474 801 3534 'bic
820 3495 893 3535 vero
913 3475 1061 3535 communi
1080 3473 1221 3534 tirocinio

58 3549 178 3624 imbuit,
198 3550 321 3630 etquasi
352 3550 431 3610 rimis
444 3549 616 3612 rudimentis
630 3551 671 3609 ini
714 3551 924 3632 aquicuoque
934 3551 1097 3633 Evangelio
1110 3567 1222 3608 nomen
1322 3611 1326 3618 „

61 3627 132 3687 dare
158 3626 272 3686 volunt.
345 3625 497 3686 ominatim
519 3647 591 3689 vero
620 3627 705 3704 dicit,
733 3630 760 3686 si
784 3632 853 3708 pola
866 3638 935 3704 post
956 3649 1002 3687 ms
1019 3640 1152 3687 veum
1170 3631 1222 3699 ast,

59 3715 94 3762 ut
113 3701 233 3764 refellat
252 3702 334 3766 Petri
354 3703 535 3784 figmentum.
580 3705 655 3764 Nam
674 3724 705 3764 se
725 3701 930 3786 abnegationis
949 3704 993 3763 sui
1012 3715 1043 3762 et
1061 3701 1221 3781 patientiae

61 3780 212 3860 exemplar
231 3780 337 3859 cuique
357 3799 545 3860 proponens,
575 3779 632 3839 sibi
653 3779 806 3841 ferendum
826 3801 888 3842 esse
909 3779 1052 3852 ostendit,
1082 3777 1163 3855 quod
1182 3774 1220 3835 ab

59 3857 124 3917 eius
145 3876 273 3936 persona
293 3855 419 3916 alienum
440 3877 503 3917 esre
524 3856 651 3918 ducebat
660 3856 778 3918 Petrus:
800 3858 905 3919 deinde
922 3855 958 3916 ad
971 3853 1163 3914 imitationem
1173 3851 1223 3911 in-

57 3933 134 3993 vitat
153 3932 269 4014 singula
289 3933 424 4012 corporis
443 3933 488 3994 sui
507 3931 648 3994 membra.
675 3933 725 3995 Sic
745 3945 842 3994 autern
861 3931 968 3993 resolvi
989 3938 1109 4009 oportet
1119 3927 1223 4006 rerba,

58 4009 94 4070 si
115 4008 180 4089 quis
199 4008 263 4070 vult
280 4029 361 4069 meus
382 4028 455 4085 esse,
474 4009 623 4092 abnegato
634 4031 665 4072 se
683 4011 692 4068 i
715 4032 748 4071 so
760 4021 790 4070 et
802 4029 889 4070 cruce
907 4007 1030 4079 sublata,
1050 4024 1097 4064 me
1116 4025 1223 4085 sequa-

58 4097 127 4159 tur,
145 4083 194 4146 vel
216 4085 252 4144 ad
272 4085 437 4179 exemplum
456 4107 554 4147 meum
573 4107 605 4148 se
625 4031 802 4147 condomae
840 4087 951 4146 Sensus
970 4094 1067 4142 autem
1085 4092 1140 4156 est
1158 4101 1222 4142 non

55 4181 148 4251 posse
161 4161 277 4222 censeri
290 4160 399 4222 Christi
414 4161 582 4244 discipulos,
601 4163 659 4223 uisi
678 4162 729 4242 qui
747 4162 810 4224 reri
829 4172 897 4221 sunt
917 4160 977 4220 eius
997 4159 1170 4236 imitatores,
1188 4179 1224 4219 ac

56 4259 90 4298 ιιι
112 4238 222 4297 eodem
242 4259 361 4299 currere
380 4240 474 4301 stadio
495 4240 589 4320 parati
608 4251 684 4300 sunt.
722 4239 819 4299 Porro
839 4236 969 4297 brevem‘
984 4235 1154 4296 imitationis
1173 4255 1223 4294 re-

58 4313 164 4406 gulam
184 4315 368 4393 praescribit,
386 4327 420 4375 ut
438 4317 572 4392 sciamus,
590 4337 647 4395 qua
680 4316 817 4397 raecipue
827 4313 858 4373 in
878 4333 911 4372 re
930 4312 1001 4374 velit
1019 4312 1075 4374 sibi
1094 4331 1148 4372 nos
1159 4329 1223 4372 esse

55 4389 186 4454 similes:
206 4409 242 4452 ea
259 4405 333 4457 vcro
347 4391 462 4458 duobus
471 4394 568 4456 modis
581 4411 653 4456 cons
684 4403 707 4472 t,
726 4390 925 4476 abnegatione
943 4391 1049 4468 nostri,
1067 4400 1100 4452 et
1116 4388 1224 4452 volun·

6 4479 8 4484 “
82 4483 583 4548 affimant-‚acroam
1005 4471 1027 4534 ⁸
