2766 4840
479 239 613 290 enatent
634 239 820 290 matema·
1175 235 1235 300 w

76 403 110 444 ex
132 381 217 444 variis
243 381 437 444 concionibus
462 401 602 442 summam
622 381 775 443 doctrinae
796 391 955 443 contexens
979 381 1075 464 (sicut
1094 381 1164 444 alibi
1184 405 1234 444 os-

75 459 234 537 tendimus)
254 457 329 519 bani
349 479 469 540 quoque
488 458 658 540 parabolam
676 459 789 519 inserit.
831 459 880 520 Ad
904 459 977 520 baec
1002 459 1148 542 generalis
1172 459 1233 522 illic

75 537 192 618 ponitur
211 535 367 626 praelatio,
386 547 420 594 ut
438 534 572 616 discipuli
593 533 699 595 lumbis
719 535 908 617 praecinctis,
926 548 956 595 et
975 535 1109 596 lucernas
1125 555 1233 597 accen-

73 633 115 671 sas
139 611 274 673 manibus
297 601 461 694 gestantis,
485 611 635 672 dominum
659 633 743 672 suum
769 623 946 694 exspectent.
987 612 1044 672 Cui
1067 614 1234 674 sententiae

73 689 235 768 respondet
253 687 411 769 parabola,
431 707 506 769 quae
526 688 614 768 paulo
657 699 704 748 ost
722 701 861 769 sequetur
881 689 958 770 apud
978 689 1175 765 lllattbaeum,
1194 691 1234 760 de

73 765 233 856 virginibus
247 763 439 844 prudentibus
457 776 487 825 et
504 765 600 825 latuis.
635 709 741 826 i'aucis
760 777 858 826 autem
878 765 975 826 verbis
995 765 1142 826 concinne
1162 787 1233 846 per-

73 841 189 924 stringit
209 839 360 912 Christus,
387 841 538 920 quomodo
563 833 662 902 fidiles
687 842 718 900 in
743 844 854 902 mundo
874 841 1059 924 peregrinari
1078 855 1233 923 oporteat:

72 941 136 983 naun
164 919 260 998 primo
287 917 454 989 lumborum
481 917 640 978 cincturam
662 917 788 980 desidiae
809 917 950 1000 opponit,
975 919 1107 979 lucernas
1133 932 1232 980 autem

72 998 208 1055 ardentes
229 992 413 1076 ignorantiae
432 993 572 1054 tenebris.
611 995 741 1054 Primum
761 1013 834 1077 ergo
856 995 1013 1076 discipulos
1038 993 1121 1056 iubet
1140 996 1230 1057 Chri-

71 1084 129 1132 stus
150 1071 186 1132 ad
207 1071 264 1131 iter
282 1083 400 1150 paratos
420 1083 451 1130 et
470 1071 621 1151 expeditos
641 1091 714 1146 esse,
732 1084 765 1132 ut
784 1093 839 1152 per
857 1083 965 1132 terram
985 1071 1123 1132 celeriter
1134 1083 1231 1134 nans-

72 1162 150 1222 eant,
170 1167 225 1208 nee
246 1147 537 1227 fixamquietamque
555 1147 713 1208 stationem
733 1148 803 1209 alibi
820 1161 971 1240 quaerant,
992 1149 1121 1230 quamin
1134 1150 1231 1210 coelo.

70 1223 245 1285 Admonitio
270 1223 354 1284 valde
381 1223 473 1284 utilis:
505 1244 669 1304 quanquam
700 1225 780 1284 enim
807 1237 885 1284 vitae
910 1224 1086 1286 curriculum
1111 1225 1232 1316 profani

71 1323 191 1382 quoqne
218 1301 351 1361 homines
371 1301 403 1362 io
424 1321 476 1362 ore
496 1300 622 1376 habent,
646 1301 779 1361 videmus
796 1312 896 1362 tamen
916 1313 949 1360 ut
967 1301 999 1360 lu
1019 1312 1097 1361 terra
1116 1314 1233 1363 raccant

70 1379 180 1438 resides
205 1398 239 1438 ac
264 1376 357 1437 defixi.
395 1375 478 1438 Deus
504 1390 600 1436 autem
625 1375 753 1438 filiorum
779 1377 893 1438 bonore
913 1398 975 1438 noo
996 1378 1149 1460 dignatur,
1174 1378 1232 1439 nisi

70 1455 119 1533 qui
140 1465 237 1515 terrae
257 1453 417 1532 inquilinos
437 1474 468 1513 se
488 1465 664 1536 agnoscunt,
685 1473 741 1514 nec
760 1465 873 1514 tanturn
892 1454 930 1513 ad
948 1453 1133 1538 migrandum
1152 1475 1230 1514 sem-

70 1552 123 1610 per
148 1531 243 1610 parati
267 1541 351 1604 sunt,
379 1531 432 1590 sed
460 1529 604 1591 continuo
630 1530 718 1590 etiam
743 1552 829 1591 cursu
855 1543 985 1623 pergunt
1009 1532 1045 1590 ad
1072 1529 1231 1591 coelestem

69 1608 184 1668 vitam.¹
206 1607 268 1666 Iam
293 1627 364 1668 vero
390 1605 457 1686 quia
482 1605 613 1666 tenebris
636 1606 768 1686 undique
795 1607 929 1672 obvoluti
953 1618 1038 1681 sunt,
1067 1627 1154 1686 quam
1180 1609 1230 1668 diu

69 1683 100 1742 in
120 1684 233 1744 mondo
252 1696 416 1757 versantur,
436 1682 562 1743 lucernis
582 1703 634 1742 eos
649 1683 781 1758 instruit,
805 1685 907 1764 utqui
927 1695 1019 1743 noctu
1038 1681 1143 1743 facturi
1162 1696 1231 1743 sunt

70 1759 136 1821 iter.
177 1759 282 1820 Priore
308 1760 408 1840 itaque
433 1759 502 1821 loco
528 1759 666 1820 currendi
686 1760 841 1820 strenuitas
861 1761 1097 1820 commendatur:
1123 1760 1232 1820 deinde

69 1849 153 1898 certa
178 1835 319 1912 directio,
343 1857 382 1896 ne
407 1837 534 1897 errando
554 1838 661 1897 frustra
681 1857 712 1896 se
732 1835 859 1920 fatigent
877 1835 993 1897 fideles:
1024 1855 1091 1896 nam
1117 1835 1231 1916 alioqui

69 1923 234 1992 praestaret
257 1913 289 1972 in
314 1913 360 1974 via
385 1913 564 1989 claudicare,
594 1933 682 1993 quarn
706 1924 818 1974 temere
844 1913 992 1976 conficere
1017 1931 1138 1972 coecum
1163 1912 1230 1972 iter.

69 1991 164 2064 Quod
183 1991 220 2052 ad
239 1989 406 2050 lumborum
426 1991 587 2050 cincturam
605 2011 618 2050 s
641 2001 729 2065 eetat,
748 1988 883 2071 loquutio
905 2009 938 2051 ex
956 1989 1105 2050 communi
1117 1985 1230 2074 Oriepl

67 2069 171 2126 talium
191 2085 275 2128 more
294 2080 408 2146 sumpta
428 2077 482 2141 est,
502 2065 552 2146 qui
572 2011 712 2147 obibngis
731 2078 853 2126 utuntur
871 2065 1009 2129 vestibus.

144 2144 217 2203 Luc.
235 2149 283 2208 36.
327 2143 368 2202 Et
385 2165 436 2203 uos
452 2143 566 2202 similes.
595 2142 671 2202 *Alia
695 2142 882 2216 similitudine
906 2142 1014 2214 utitur,
1038 2163 1125 2223 quarn
1150 2141 1229 2202 blat-
1305 2145 1321 2158 ‘

58 2219 172 2280 -tbaeus
198 2217 340 2295 subticet,
369 2220 420 2298 qui
444 2219 475 2279 in
502 2219 557 2278 bac
582 2229 666 2298 parte
686 2217 807 2278 brevior
826 2231 879 2279 est.
917 2218 959 2278 Se
979 2217 1058 2277 enim
1079 2231 1230 2298 comparat

65 2294 286 2376 patrifamilias,
311 2293 361 2374 qui
385 2296 454 2354 dum
478 2293 610 2353 hilariter
635 2292 771 2374 epulatur
789 2294 821 2353 in
840 2293 966 2374 nuptiis,
991 2292 1039 2353 vel
1058 2292 1129 2352 alibi
1150 2306 1230 2357 extra
1312 2363 1313 2367 ,

66 2375 191 2433 domum
211 2368 338 2430 laetitiae
358 2369 502 2451 indulget,
522 2369 583 2428 vult
601 2379 700 2429 tamen
719 2389 819 2430 servos
838 2390 906 2430 suos
925 2368 1059 2431 modeste
1080 2379 1109 2429 et
1127 2368 1229 2432 sobrie

66 2447 153 2508 domi
172 2466 276 2525 agere,
297 2445 434 2526 legitimis
454 2444 553 2526 operis
572 2445 718 2520 intentos,
744 2467 778 2504 ac
797 2445 923 2507 reditum
943 2467 1026 2507 snum
1045 2447 1158 2508 assidue
1178 2468 1229 2508 ex-

64 2533 247 2604 spectantes.
289 2521 375 2582 Licet
405 2541 479 2614 ergo
499 2521 589 2582 Filius
608 2521 667 2581 Dei
689 2521 723 2582 ln
748 2520 863 2582 beatam
888 2522 965 2583 coeli
989 2522 1119 2614 quietern
1143 2544 1229 2586 rece-

64 2613 137 2682 ptus
157 2620 174 2658 a
194 2598 280 2658 nobis
299 2597 385 2673 absit,
405 2617 472 2678 quia
492 2610 591 2658 tamen
612 2598 718 2677 cuique
738 2619 822 2660 suum
843 2599 973 2661 ollicium
992 2598 1127 2673 iniunxit,
1148 2601 1229 2660 otio-

64 2697 117 2738 sos
138 2675 267 2735 dormire
287 2673 443 2736 absurdum
469 2687 521 2736 est.
559 2673 678 2736 Deinde
705 2676 772 2768 quia
791 2696 823 2736 se
844 2677 880 2736 ad
900 2697 955 2736 nos
973 2676 1136 2736 rediturum
1155 2697 1229 2756 pro-

64 2753 162 2826 misit,
188 2750 224 2810 ad
250 2773 316 2812 euru
340 2751 461 2832 singulis
486 2751 643 2812 momentis
667 2751 871 2834 excipiendum
896 2763 1014 2834 paratos
1036 2763 1113 2814 stare
1134 2753 1230 2828 decet,

64 2851 107 2890 nc
133 2829 248 2908 sopitos
272 2829 484 2909 deprehendat.
521 2830 596 2890 Nam
616 2827 641 2888 si
661 2828 718 2890 boc
737 2829 795 2890 sibi
815 2829 917 2890 deberi
937 2829 1079 2890 existimat
1096 2830 1229 2892 mortalis
1279 2883 1285 2896 ,

64 2909 171 2978 bomo,
189 2917 223 2964 ut
241 2925 416 2988 quacpnque
437 2905 510 2965 ho'ra
529 2905 648 2965 domum
666 2906 800 2982 redierit,
819 2919 937 2986 praesto
957 2905 1103 2966 sintservi
1120 2905 1156 2966 ad
1175 2927 1228 2968 oc-

64 3003 201 3056 cursum,
232 2995 341 3062 quanto
367 2981 472 3042 maiori
496 2981 559 3042 iure
585 2981 643 3042 boc
667 3002 684 3042 a
708 2983 767 3044 suis
792 2983 897 3064 exigit,
926 2995 959 3042 ut
983 2983 1045 3043 eius
1069 2984 1229 3047 adventum

64 3057 162 3121 sobrii
184 3071 213 3118 et
231 3059 335 3141 vigiles
353 3079 470 3139 semper
490 3057 679 3140 exspectent?
719 3059 790 3136 Quo
815 3071 911 3121 autem
931 3059 997 3140 plus
1016 3061 1104 3120 addat
1122 3059 1228 3122 alacri-

63 3136 146 3210 tatis,
167 3135 253 3196 heros
272 3149 406 3196 terrenos
426 3147 638 3196 commemorat
656 3135 709 3196 ista
727 3156 879 3198 servorum
899 3135 1133 3218 promptitudine
1151 3137 1227 3198 adeo

64 3212 219 3286 delectari,
239 3221 272 3271 ut
290 3213 378 3274 'etiam
397 3211 453 3272 illis
473 3212 654 3272 ministrent:
683 3231 745 3272 uon
786 3213 846 3274 uocl
866 3211 1003 3274 omnibns
1022 3213 1148 3274 dominis
1169 3215 1229 3274 boc

63 3289 104 3348 sit
130 3287 282 3362 usitatum,
305 3287 358 3348 sed
378 3289 445 3368 quia
464 3287 522 3350 boc
541 3287 688 3348 interdum
708 3233 814 3349 accidit
857 3299 891 3348 ut
913 3280 1017 3374 hedos,
1048 3290 1098 3369 qui
1123 3302 1228 3352 natura

63 3363 159 3426 comis
179 3375 209 3424 et
228 3365 370 3424 humanus
391 3376 450 3437 est,
468 3385 569 3425 servos
589 3375 725 3445 tanquam
745 3365 816 3426 soda
831 3386 860 3426 ea
880 3365 918 3426 ad
937 3385 1122 3426 communem
1141 3387 1228 3428 men-

63 3463 126 3502 sam
147 3441 288 3501 admittat.
328 3441 490 3515 Quaeritur
513 3453 628 3514 tamen,
657 3463 746 3532 quum
765 3442 870 3577 passim
891 3441 1044 3522 Scriptura
1062 3463 1118 3504 nos
1137 3437 1227 3524 vocet

64 3517 144 3578 filios
170 3515 259 3592 lucia,
284 3528 315 3576 et
333 3517 481 3577 Dominus
501 3517 588 3577 etiam
607 3515 695 3578 nobis
715 3539 766 3580 ver
789 3538 881 3580 osuo
901 3517 1085 3598 praeluceat,
1110 3530 1143 3578 ut
1163 3539 1225 3579 am-

63 3593 200 3656 bulemus
220 3607 358 3674 tanquam
378 3593 407 3652 in
427 3594 552 3654 meridie
570 3593 661 3674 (pr.
681 3601 719 3668 5,
737 3600 765 3672 8,
784 3593 809 3658 Ι.
829 3595 931 3656 Thess.
951 3601 986 3668 5,
1004 3599 1054 3731 52,
1073 3596 1228 3673 quomodo

63 3672 156 3730 vitam
177 3683 307 3732 nostram
326 3669 474 3734 Dominus
493 3671 629 3730 conferat
648 3671 800 3732 nocturnis
818 3670 934 3754 vigiliis.
973 3671 1013 3731 Se
1054 3671 1138 3730 buius
1152 3671 1226 3730 nodi

62 3746 176 3808 solutio
197 3768 231 3806 ex
251 3747 332 3807 Petri
353 3749 426 3883 ίξομ.
446 3747 486 3806 ll.
511 3754 546 3820 1,
571 3747 639 3881 19?
664 3745 761 3807 verbis
786 3749 914 3828 peteuda
938 3757 997 3821 est,
1028 3745 1079 3826 qui
1101 3743 1226 3808 verbum

62 3823 124 3882 Dei
155 3823 293 3884 lucernae
319 3823 448 3882 arentis
472 3823 563 3884 instar
587 3823 619 3884 iu
633 3841 704 3906 gere
729 3824 829 3898 docet,
852 3836 885 3882 ut
909 3823 941 3882 iu
965 3823 1035 3883 loco
1061 3822 1225 3902 caliginoso

62 3901 112 3960 via
137 3899 175 3960 sit
201 3899 287 3960 nobis
313 3899 481 3978 conspicua.
519 3901 602 3982 Ergo
627 3912 783 3979 utrumque
803 3899 975 3972 notandum,
994 3899 1075 3977 quod
1094 3919 1149 3980 per
1168 3898 1226 3959 ob-

61 3997 164 4036 scuras
188 3977 289 4036 mundi
307 3975 444 4036 tenebras
464 3975 521 4035 iter
539 3975 625 4036 uobis
645 3975 811 4035 laciendum
824 3986 878 4050 est,
897 3987 1045 4036 ettamen
1064 3989 1226 4056 praeeunte

62 4052 202 4114 coelestis
222 4053 374 4112 doetrinae
394 4051 513 4110 lucerna
533 4051 570 4111 ab
591 4052 707 4112 errandi
748 4053 859 4112 ericulo
879 4051 935 4110 tuti
953 4071 1069 4129 sumus,
1089 4072 1223 4134 praescr·
1317 4108 1320 4121 ,

61 4131 117 4188 tim
159 4149 227 4188 uum
247 4128 334 4188 nobis
355 4125 487 4189 Christus
506 4127 569 4206 ipsc
590 4121 669 4190 Solis
689 4074 820 4189 oiieium
838 4139 975 4207 praestet.

176 4205 246 4265 attb.
265 4211 312 4270 43
350 4203 435 4262 illud
450 4217 544 4263 numm
561 4209 665 4265 aedae.
705 4204 770 4265 Alia
794 4203 983 4264 similitudine
1008 4225 1086 4265 nunc
1112 4204 1149 4266 ad
1174 4227 1223 4266 se-

63 4281 147 4344 dulas
168 4281 302 4342 excubias
322 4280 480 4360 discipulos
499 4300 567 4341 suos
588 4282 723 4343 bortatur
742 4280 885 4350 Cbristus.
922 4283 998 4342 Nam
1017 4284 1041 4344 si
1061 4283 1125 4361 quis
1143 4283 1222 4343 iures

62 4369 159 4420 noctu
182 4357 306 4442 grassari
331 4357 472 4434 audierit,
501 4369 596 4420 metus
620 4359 683 4440 ipse
709 4371 739 4419 et
762 4357 890 4440 suspicio
916 4379 984 4420 euru
1008 4361 1136 4422 donuire
1159 4379 1223 4420 nou
