2764 4854
148 293 154 307 .
180 237 238 316 '372
407 247 522 310 SECT.
543 247 620 308 xlx.
663 261 793 308 cunisrr
814 261 929 308 cassio
951 259 992 305 rr
1013 259 1115 306 noas.
1198 217 1209 236 ⁸

183 383 296 484 llegeni
316 400 428 476 adorat,
448 419 571 484 regnum
592 400 652 461 cius
673 401 851 462 celebratio
874 401 1022 460 horrenda
1043 410 1074 458 ct
1093 397 1161 478 plus
1183 417 1272 478 qnam
1294 400 1341 458 de-

182 477 273 558 sormi
297 476 477 536 abiectione:
505 477 713 538 moribundum
739 477 912 558 pronuntiat
942 476 1020 536 vitae
1048 488 1215 534 auctorem.
1255 475 1343 536 Certe

184 553 207 622 si
229 553 353 614 imbutos
375 553 475 614 suisset
495 565 574 615 recta
595 555 662 628 lide,
682 555 771 614 multa
792 555 828 614 de
850 553 961 613 Christi
981 551 1083 611 olhcio
1106 551 1190 630 prius
1211 551 1343 620 audisset,

185 629 329 690 miraculis
356 631 441 690 etiain
468 631 569 690 suisset
588 631 617 690 iii
639 632 695 691 hoc
720 632 786 710 ipso
807 630 1010 691 confirmatus:
1038 628 1134 687 ollusa
1164 640 1266 688 tamen
1288 641 1343 688 tam

184 707 348 844 probrosae
368 709 469 766 mortis
489 707 615 789 caligine
636 728 810 768 evanescere
831 708 928 786 potuit
940 705 988 764 illa
1001 704 1148 786 cognitio.
1191 705 1282 764 Nunc
1299 729 1343 764 rii-

205 805 250 843 em
276 794 305 842 et
326 783 488 858 novicium,
513 785 573 844 inio
621 805 717 844 rorsos
743 795 842 844 mente
871 795 1058 852 cornutum,
1084 781 1228 840 statima
1272 782 1342 841 iiniis

185 859 356 919 rudimentis
382 859 412 918 in
440 880 526 920 cruce
550 807 701 922 malidicta
727 860 849 920 salutem
876 879 891 919 a
915 803 1100 938 prehendere
1130 870 1162 916 et
1189 803 1343 918 coelestem

208 935 322 1008 loriam,
342 936 406 1016 plus
427 957 511 1026 quani
533 936 703 998 admirabile
724 937 789 996 snit.
821 881 947 1010 ‚Quibus
968 936 1046 994 enlin
1066 932 1284 993 notisiielinsi
1324 935 1342 992 i-

186 956 239 1074 lus
260 1023 394 1070 ornatum
415 1012 535 1073 videbat
556 1012 719 1087 Christum,
738 1025 771 1073 ut
790 1024 918 1072 mentem
939 1012 974 1071 ad
996 1012 1057 1071 cius
1076 1029 1211 1092 regnum
1233 1023 1297 1070 atto
1309 1011 1343 1070 le-

142 1094 146 1110 ¹
186 1089 252 1150 ret?
292 1088 329 1146 Et
345 1101 428 1148 certe
448 1089 505 1149 hoc
525 1103 587 1150 erat
608 1091 687 1169 quasi
700 1111 732 1150 ex
742 1089 896 1170 profundis
917 1088 1018 1148 inferis
1037 1107 1128 1167 supra
1151 1087 1264 1146 coelos
1280 1109 1344 1147 coii-

185 1165 334 1225 sccndere.
375 1163 466 1225 Cariii
485 1187 556 1226 vero
578 1165 741 1226 fabulosum
763 1167 819 1225 hoc
840 1165 938 1225 luitae
953 1163 1122 1236 ridiculum,
1143 1162 1301 1223 reiecticio
1320 1175 1345 1222 et

186 1243 323 1302 damnato
339 1245 442 1320 (quem
461 1242 538 1302 serre
555 1243 678 1302 mundus
692 1263 752 1302 non
769 1243 902 1322 poterat)
917 1260 1040 1333 regnum
1051 1251 1214 1300 terrenum
1228 1242 1345 1300 terrenis

187 1315 322 1378 omnibns
335 1318 464 1398 imperiis
477 1318 604 1384 nobilius
614 1319 752 1379 tribuere.
779 1319 857 1378 Hinc
871 1317 1045 1400 colligimus,
1059 1337 1150 1395 quain
1166 1317 1343 1396 perspicaces

187 1395 215 1454 ei
229 1395 454 1463 [ucrintmentis
466 1395 554 1466 oculi,
575 1395 678 1475 quibus
697 1395 784 1456 vitain
806 1395 833 1454 iu
855 1407 962 1467 morte,
981 1393 1193 1454 celsitudinem
1215 1395 1249 1452 in
1262 1393 1345 1462 ruina,

187 1470 310 1552 gloriam
328 1471 357 1529 in
376 1471 500 1551 probro,
519 1472 672 1533 victoriam
692 1473 721 1532 in
743 1472 843 1545 exitio,
861 1491 986 1554 regnum
1006 1470 1037 1529 in
1057 1470 1210 1532 servitute
1231 1470 1343 1528 intuitus

186 1558 239 1619 est.
279 1547 395 1622 Quodsi
421 1549 495 1608 latro
522 1549 670 1608 Christum
691 1549 721 1607 in
746 1568 833 1608 cruce
875 1547 1048 1618 rudentem,
1067 1557 1100 1604 et
1120 1548 1211 1626 quasi
1231 1546 1342 1605 maledi-

187 1624 287 1684 ctione
307 1623 454 1700 obrntuni,
474 1625 530 1684 fide
550 1647 600 1686 sua
621 1626 650 1685 iii
672 1625 800 1685 coeleste
820 1569 924 1684 solium
945 1624 1057 1698 erexit,
1076 1642 1134 1682 vae
1158 1635 1283 1682 nostrae
1300 1643 1342 1682 so-

186 1700 314 1769 cordiae,
333 1701 357 1758 si
378 1721 437 1762 noo
458 1713 628 1762 reverenter
648 1703 816 1782 suspicimus
830 1699 1029 1760 adertrisDei
1050 1700 1225 1775 sedentem,
1245 1701 1269 1759 si
1288 1721 1342 1757 nori

185 1797 266 1854 spein
281 1777 358 1835 vitoe
380 1777 408 1836 iii
430 1777 490 1837 eius
510 1778 726 1838 resurrectione
746 1778 872 1861 figimus,
891 1777 988 1836 sinon
1009 1776 1164 1835 tendimus
1184 1777 1216 1834 io
1234 1775 1343 1836 eoelum

185 1871 244 1931 quo
265 1851 410 1931 ingressus
430 1864 482 1912 est.
522 1851 583 1914 lain
604 1855 627 1913 si
648 1875 681 1912 ex
701 1855 792 1916 altera
817 1864 901 1934 parte
924 1864 1112 1932 reputamus,
1137 1853 1171 1910 in
1194 1873 1256 1932 qno
1275 1863 1343 1914 statii

186 1925 304 2014 Christi
317 1927 544 1989 misericordiam
565 1929 774 2021 imploraverit,
794 1941 906 1990 crescet
923 1929 991 1988 fidei
1010 1929 1074 1989 eius
1095 1929 1267 1990 admiratio
1290 1929 1342 1986 Ια-

84 2049 95 2056 ·-
184 2022 254 2065 cero
275 2023 401 2083 corpore
420 2005 476 2064 iam
498 2026 648 2088 exsanguis
673 2017 831 2066 extremam
850 2021 965 2066 manum
991 2004 1170 2065 carnificum
1192 2015 1343 2094 exspectat,

185 2091 331 2138 ettamen
352 2079 381 2138 in
402 2080 464 2141 sola
478 2081 587 2143 Christi
606 2083 697 2174 gratia
719 2083 885 2164 acquiescit.
923 2081 1053 2141 Primum
1074 2083 1161 2141 unde
1180 2082 1224 2140 illi
1241 2101 1339 2140 reniae

184 2155 299 2229 fiducia,
320 2156 375 2216 nisi
396 2159 504 2235 quiain
516 2157 625 2219 Christi
645 2171 742 2220 morte
762 2167 851 2239 (quae
872 2158 1006 2220 omnibus
1018 2158 1085 2218 aliis
1105 2157 1284 2219 detestabilis
1295 2157 1338 2214 si-

186 2232 285 2308 detor)
308 2233 481 2294 sacrificinm
506 2233 579 2296 boni
600 2236 699 2296 odoris
719 2237 850 2317 concipit
869 2236 904 2296 ad
924 2234 1065 2314 e'iipianda
1094 2236 1201 2295 mundi
1223 2246 1338 2314 peccata

186 2309 308 2368 ellicai?
347 2309 438 2384 Quod
459 2323 554 2372 autem
580 2313 723 2373 cruciatus
749 2334 816 2374 suos
836 2314 965 2373 animose
984 2309 1166 2403 negligens,
1185 2311 1243 2370 imo
1262 2309 1338 2389 qnasi

184 2385 230 2444 sni
249 2383 357 2446 oblitus
376 2388 413 2446 ad
432 2409 513 2468 spem
534 2401 565 2449 et
584 2389 758 2450 desiderium
779 2389 912 2450 occultae
931 2387 1008 2448 vitae
1028 2401 1165 2466 rapitur,
1190 2388 1337 2448 birunnun

184 2481 300 2522 sensum
322 2461 371 2521 lon
395 2477 557 2544 eruperat.
597 2466 698 2541 Quare
720 2477 750 2525 et
769 2463 1024 2526 mortificationem
1046 2466 1160 2538 carnis,
1180 2476 1212 2524 et
1231 2465 1337 2544 patien-

184 2537 271 2612 tiam,
294 2549 325 2597 et
343 2539 360 2598 li
384 2541 412 2599 ei
431 2541 630 2616 altitudinem,
651 2554 681 2602 et
699 2542 762 2623 spei
782 2541 989 2612 constantiam,
1014 2550 1045 2600 et
1065 2541 1189 2620 pietatis
1210 2543 1337 2601 ardorem

184 2615 221 2674 ab
242 2615 299 2674 hoc
318 2616 458 2707 magistro
484 2618 594 2678 discere
619 2638 680 2679 non
705 2619 830 2699 pudeat,
855 2639 940 2698 quem
960 2616 1109 2676 Dominus
1129 2617 1169 2676 ad
1190 2617 1337 2676 hornilirn-

185 2691 250 2750 dam
271 2713 364 2752 carnis
384 2688 548 2772 superbiam
568 2694 655 2754 nobis
674 2695 830 2786 praefecit:
850 2714 917 2754 nain
935 2694 1108 2773 utquisque
1131 2714 1203 2754 eum
1223 2693 1336 2776 alacrim
1372 2713 1373 2716 ¹

184 2779 333 2846 sequetur,
353 2769 392 2828 ita
413 2771 534 2848 propius
555 2771 590 2832 ad
612 2770 762 2831 Christum
782 2771 910 2831 accedet

143 2861 150 2870 ¹
260 2850 307 2910 43.
345 2845 443 2904 Anien
466 2846 531 2906 dico
554 2845 612 2906 ittt
658 2849 834 2927 Quanquam
860 2847 988 2908 nondum
1020 2845 1159 2906 Christus
1185 2847 1283 2926 palam
1306 2846 1335 2904 dc

183 2931 280 2979 morte
299 2922 535 3001 triumphaverat,
556 2923 617 2983 eius
637 2935 734 2984 tamen
756 2924 915 2984 efficaciam
935 2935 965 2984 et
983 2924 1110 2985 fructum
1133 2925 1166 2982 in
1186 2913 1283 2983 media
1297 2921 1334 2980 soi

185 2995 382 3057 exinanitione
401 2999 513 3058 exserit.
552 3003 649 3079 Atque
670 3001 726 3060 hoc
745 3002 836 3060 modo
858 3000 1001 3073 declarat,
1024 3021 1180 3090 nunqnam
1202 3021 1236 3060 se
1260 2998 1333 3080 regni

73 3135 80 3142 ,
159 3073 319 3152 ,potentia
339 3073 425 3133 luisse
447 3086 575 3134 exutum:
596 3076 669 3136 nihil
691 3076 768 3138 enim
788 3076 863 3158 Regi
884 3077 982 3137 divino
1006 3097 1099 3158 magis
1126 3077 1274 3136 excelsum
1292 3087 1334 3133 ant

184 3147 381 3284 magpihcum,
401 3171 487 3229 quani
506 3151 628 3212 mortuis
647 3153 735 3213 vitain
754 3153 918 3213 restituere.
958 3153 1092 3212 Christus
1106 3173 1183 3234 ergo
1199 3152 1334 3214 licctma-

184 3243 224 3282 nu
265 3225 293 3283 ei
311 3247 462 3306 percussus
481 3227 609 3308 speciem
630 3230 755 3290 bominis
768 3230 830 3290 sere
844 3229 990 3310 deplorati
1009 3228 1197 3309 praebuerit,
1218 3230 1335 3310 qniata-

183 3321 252 3360 mcn
272 3322 334 3362 non
353 3301 466 3363 destitit
485 3325 546 3365 esse
565 3306 666 3366 mundi
685 3318 831 3381 servator,
852 3305 972 3367 coelesti
992 3306 1127 3385 potentia
1146 3325 1269 3386 semper
1287 3305 1336 3364 luit

184 3377 331 3456 praeditus
352 3379 387 3440 ad
411 3400 516 3441 munus
540 3404 622 3442 suum
648 3382 686 3441 iin
708 3383 837 3443 lendum.
875 3385 918 3443 Ac
937 3383 1034 3462 priino
1060 3382 1182 3462 quidem
1211 3383 1337 3441 notanda

185 3464 229 3514 est
248 3453 427 3516 incredibilis
453 3458 588 3534 facilitas,
615 3480 673 3539 quo
719 3459 783 3519 sine
807 3477 889 3520 mora
914 3458 1059 3519 latronem
1083 3469 1145 3516 tam
1171 3459 1337 3518 humaniter

151 3559 156 3574 =
184 3531 404 3610 complectitur,
433 3533 548 3614 sibique
568 3535 670 3596 heatae
696 3535 772 3596 vitae
803 3536 914 3597 socium
939 3534 1005 3595 lore
1030 3535 1188 3614 promittit.
1236 3534 1338 3610 Quare

182 3607 302 3669 mininie
321 3608 442 3670 dubium
462 3623 515 3685 est,
534 3611 678 3691 quinsine
691 3613 863 3692 exceptione
878 3613 908 3672 in
919 3633 1044 3694 regnum
1062 3632 1148 3670 sunm
1167 3631 1274 3670 omnes
1287 3612 1338 3670 ad-

142 3742 145 3750 ,
181 3684 298 3745 mittere
320 3695 439 3766 'paratus
463 3688 515 3762 sit,
535 3689 584 3767 qui
609 3689 645 3748 ad
671 3709 736 3750 euin
762 3688 944 3772 confugient.
982 3687 1072 3747 Unde
1098 3699 1181 3748 certo
1208 3698 1340 3748 statuere

183 3759 262 3838 licet,
281 3763 371 3825 niodo
391 3783 505 3824 memor
522 3764 559 3824 sit
578 3765 682 3840 nostri,
701 3784 756 3826 nos
775 3765 869 3825 salvos
889 3765 963 3825 lore.
987 3765 1099 3824 ·Pori·o
1120 3763 1186 3824 fieri
1206 3785 1272 3823 non
1284 3785 1339 3844 po-

180 3848 394 3898 testnteoruin
415 3841 612 3914 obliviscatur,
633 3842 683 3920 qui
701 3840 949 3902 suameisalutem
970 3841 1189 3902 commendant.
1222 3839 1339 3914 Quodsi
1369 3837 1370 3859 ¹

178 3911 289 3973 latroni
312 3927 372 3974 taio
396 3915 490 3978 facilis
512 3918 649 3978 transitus
673 3918 705 3977 iii
731 3918 844 3979 coelum
871 3918 940 3992 luit,
965 3918 1033 3998 quia
1051 3917 1084 3975 in
1109 3915 1216 3977 ultima
1239 3937 1338 3976 rei-iiiii

180 3991 311 4050 omnium
331 3994 537 4073 desperatione
556 3993 693 4056 recubuit
712 3994 741 4054 in
754 3992 863 4054 Christi
878 3994 1014 4076 gratiam:
1034 3993 1129 4053 multo
1143 3993 1238 4076 magis
1248 3993 1338 4053 hodie

180 4061 313 4127 Christus
332 4069 434 4131 mortis
454 4071 548 4131 victor
566 4091 683 4131 manum
704 4093 720 4131 e
740 4071 816 4132 solio
836 4091 889 4130 suo
910 4069 996 4134 nobis
1014 4069 1168 4152 porriget,
1190 4085 1224 4130 ut
1243 4069 1277 4128 in
1295 4069 1336 4126 vi·

177 4149 225 4198 tae
243 4144 414 4230 societatem
434 4147 502 4208 colli
526 4159 563 4207 at.
600 4146 767 4208 Absurdum
788 4148 865 4207 eniiu
879 4158 964 4218 esset,
983 4167 1087 4225 exquo
1104 4146 1338 4238 chirographon

177 4214 264 4300 nobis
285 4221 463 4281 contrarium
483 4167 573 4284 simii
592 4223 682 4298 cruci,
701 4236 886 4304 mortemque
896 4234 927 4284 et
943 4223 1080 4284 Satanam
1100 4223 1193 4302 proll'
1216 4235 1291 4298 aut,
1310 4235 1337 4282 ct

179 4307 210 4344 in
230 4309 282 4349 sua
300 4299 514 4360 resurrectione
534 4299 712 4380 triumphum
733 4301 796 4384 egit
815 4302 850 4360 de
871 4299 971 4360 mundi
989 4299 1142 4380 principe,
1161 4319 1205 4360 no
1230 4300 1254 4358 is
1275 4319 1336 4357 non

180 4379 273 4442 aeque
304 4367 420 4430 facilem
446 4385 477 4434 et
500 4387 669 4458 promptum
694 4397 810 4440 esseae
838 4376 946 4441 latroni
969 4377 1123 4438 transitum
1144 4395 1161 4436 a
1180 4388 1284 4438 morte
1306 4375 1335 4432 in
