2764 4854
849 143 864 170 0

61 315 64 322 ,
153 249 210 310 adit
375 190 493 299 hECT.
513 233 593 294 XIX.
634 247 766 295 cunrsrr
788 247 907 294 rassro
932 213 1095 336 rrhroos.

119 465 126 480 ,
155 395 308 462 credetis:
328 395 378 460 suit.
423 392 552 480 Quodsi
576 394 669 456 etiam
691 393 953 475 interrogavero,
980 411 1047 455 nou
1076 389 1323 476 respondebitis

155 500 240 575 mihi,
261 518 369 584 neque
396 497 567 561 dimittetis.
610 495 660 559 69.
702 494 749 558 Ex
771 492 1007 578 hoetempere
1036 493 1096 555 erit
1128 493 1236 559 Filius
1266 495 1322 560 ho-

157 604 249 666 minis
287 600 404 664 sedens
436 622 452 662 a
487 597 604 662 dextris
643 590 769 661 virtutis
806 595 878 660 Dei.
937 597 985 660 70.
1021 595 1185 660 Dixerunt
1216 609 1320 660 autem

158 717 283 782 omnes,
310 705 361 764 'l'u
390 721 468 784 ergo
497 721 531 765 es
560 701 662 768 Filius
696 699 781 767 Dei?
823 698 891 782 Qui
918 681 976 773 ait,
1009 699 1079 761 Vos
1114 696 1238 774 dicitis,
1271 721 1320 762 me

158 829 237 884 esse,
280 809 329 871 il.
353 809 394 870 At
414 805 461 868 illi
485 801 647 904 dirempt,
679 802 769 888 Quid
792 801 900 867 adhue
929 797 1151 864 desideramus
1180 801 1319 864 testimo

156 915 259 978 nium?
280 913 341 996 ipsi
365 911 447 974 enim
476 907 654 972 audivimus
677 927 716 970 ex
738 926 796 970 ore
819 907 897 970 eius.
924 983 927 993 Ι
971 916 976 926 ²

237 1170 340 1232 hlattlr¹
364 1175 411 1233 6⁶2.
456 1163 496 1226 Et
524 1187 646 1242 surgens
675 1186 803 1225 mammos
830 1159 974 1224 sacerdos.
1015 1159 1165 1220 Christum
1197 1159 1323 1220 tacuisse

160 1261 272 1309 cer-trun
292 1259 346 1318 cst,
367 1267 456 1326 quum
478 1243 541 1304 lalsi
561 1255 649 1304 testes
671 1262 736 1302 cum
759 1251 939 1321 premerent,
959 1257 1019 1298 non
1040 1236 1132 1296 modo
1152 1237 1220 1316 quia
1240 1236 1321 1294 rriu-

159 1325 273 1384 tatioue
300 1323 414 1404 indigni
440 1332 539 1396 erant,
566 1322 616 1380 scil
644 1319 711 1398 quia
733 1318 789 1378 iam
809 1316 922 1378 absolvi
943 1337 1003 1373 non
1026 1311 1206 1392 quaerebat,
1224 1313 1322 1373 sciens

161 1403 262 1460 horam
282 1421 362 1460 suam
382 1397 504 1468 ‚venisse
530 1396 672 1477 ‘Caiphae
691 1407 789 1461 tamen
813 1395 873 1456 eius
893 1390 1154 1463 silentioinsrrltat,
1175 1390 1259 1468 quasi
1278 1390 1321 1448 ri-

161 1491 222 1538 etus
244 1475 470 1546 obmutesceret,
489 1474 573 1554 sicuti
594 1473 692 1532 solent
711 1472 762 1563 qui
782 1471 838 1530 sihi
857 1469 933 1528 male
955 1466 1066 1527 conscii
1085 1477 1163 1526 sunt.
1200 1467 1321 1526 Summa

160 1567 256 1614 autem
278 1551 450 1632 improbitas
472 1563 529 1625 est,
551 1551 634 1629 'quod
655 1547 803 1608 Christum
832 1543 980 1605 insimulat
1006 1565 1067 1604 non
1094 1563 1199 1602 carere
1225 1545 1322 1624 culpa,

161 1631 228 1708 quia
255 1651 327 1689 emm
347 1639 434 1688 testes
462 1638 645 1708 oppugnent.
685 1619 873 1694 Tantundem
905 1623 982 1682 enim
1012 1622 1091 1681 ralet
1121 1619 1320 1702 interrogatio

161 1709 248 1780 liaeo,
279 1705 351 1786 quiri
376 1709 424 1764 isti
451 1719 589 1764 testamur
615 1715 719 1762 contro
743 1708 788 1762 ta?
820 1701 879 1760 acsi
909 1698 1041 1781 disisset,
1071 1695 1123 1776 qui
1149 1697 1183 1754 lit
1210 1709 1244 1757 nt
1266 1697 1319 1756 tihi

161 1784 352 1842 adversentur
371 1781 417 1840 isti
438 1781 599 1859 homiues„
613 1779 668 1837 nisi
714 1779 761 1836 uia
782 1777 864 1858 cogit
884 1797 935 1839 eus
961 1774 1089 1856 religio?
1116 1793 1217 1852 neque
1243 1774 1319 1834 enirn

154 1851 223 1916 'sine
245 1879 328 1916 rausa
351 1855 402 1914 tihi
424 1857 531 1915 infensi
552 1865 656 1914 essent.
730 1857 791 1913 uasi
811 1874 883 1915 reru
904 1852 1029 1912 nesciret
1049 1850 1154 1908 fraude
1175 1851 1318 1910 suborna-

160 1945 206 1993 tos
228 1953 304 2005 asse,
333 1933 384 1991 sed
405 1933 443 1990 ita
464 1951 581 1992 excisso
606 1933 722 2010 pudore
747 1930 897 1991 ferociunt
914 1929 1012 2007 impii,
1037 1927 1107 1988 duur
1134 1928 1271 2006 potentia
1290 1939 1319 1986 rt

101 2001 104 2025 ¹
159 2009 269 2070 uiribus
289 2020 357 2068 sunt
376 2009 552 2087 superiores.
591 2008 715 2076 ltursum
741 2027 813 2067 vero
841 2005 931 2066 tacuit
958 2005 1110 2076 Christus,
1137 2025 1202 2062 uon
1226 2005 1316 2064 solum

161 2086 228 2164 qrria
249 2085 355 2144 frivola
375 2096 438 2144 erat
457 2083 599 2158 obiectio,
618 2085 676 2144 sed·
690 2084 757 2164 quia
777 2083 920 2146 sacrificio
940 2081 1063 2142 deuotus
1084 2099 1206 2139 omnem
1222 2080 1315 2160 prira-

156 2175 207 2222 tae
228 2161 408 2232 defensionis
428 2182 528 2238 curum¹
546 2159 703 2220 abiecerat.

235 2245 282 2303 68.
320 2237 440 2318 Adiuro
459 2253 485 2296 re
499 2231 559 2312 per
576 2236 672 2300 Dauni
689 2237 831 2296 niventon.
870 2237 937 2296 Hoc
956 2255 1045 2294 unum
1067 2236 1184 2298 crimen
1210 2241 1316 2320 putarit

160 2315 196 2374 ad
205 2315 398 2376 damnandum
410 2315 558 2379 Christum
569 2313 866 2384 sulficerePontiler,
874 2314 898 2372 si
911 2333 941 2374 se
949 2313 1100 2374 Christum
1112 2316 1265 2398 professus
1274 2339 1315 2378 es

161 2395 219 2450 seti
246 2389 327 2471 atqui
355 2413 445 2471 quum
470 2413 500 2452 se
521 2393 663 2451 instarent
687 2412 789 2451 omnes
809 2411 824 2448 a
847 2389 964 2450 Christo
985 2391 1229 2471 redemptionem
1254 2417 1316 2474 spe-

160 2487 236 2546 rare,
258 2468 454 2560 ‹ptroercndum
476 2469 555 2558 prius
576 2468 681 2541 scierat,
700 2468 778 2526 itanc
804 2477 888 2526 esset.
927 2466 1044 2526 Nullum
1068 2468 1138 2529 fore
1161 2471 1236 2531 Chri
1253 2486 1319 2536 tum,

159 2565 213 2678 per
234 2563 313 2604 cuius
333 2565 450 2606 manum
469 2543 636 2604 liberandus
658 2555 735 2634 esset
746 2543 886 2638 populus,
906 2563 1014 2624 negare
1030 2563 1092 2604 non
1105 2548 1235 2606 fuissent
1252 2549 1316 2607 ausi.

185 2622 264 2680 rodit
284 2622 364 2681 lesus
381 2623 413 2680 in
433 2622 562 2682 medium
581 2641 647 2680 cum
663 2620 773 2680 Christi
793 2619 909 2698 elogio:
930 2641 982 2680 cur
1000 2621 1036 2679 ad
1057 2643 1122 2680 rem
1143 2624 1241 2703 ipsam
1261 2646 1317 2684 nou
1376 2693 1377 2698 ἵ

159 2697 333 2759 attendunt?
354 2719 406 2757 cur
426 2719 487 2758 nou
507 2699 530 2756 si
554 2719 588 2758 ua
609 2697 783 2787 examinant,
803 2701 881 2756 unde
901 2708 1012 2756 rectum
1025 2697 1171 2759 iudicium
1186 2701 1251 2761 lieri
1267 2723 1319 2781 po-

120 2831 122 2842 ,
159 2773 253 2835 terat?
293 2775 353 2834 Sed
375 2773 441 2854 quia
462 2718 551 2834 senil
571 2785 710 2833 statutum
736 2772 792 2830 illrs
818 2783 882 2832 erat
903 2773 1050 2832 Christum
1077 2777 1226 2854 perdere,
1247 2799 1316 2838 con-

159 2850 232 2908 tenti
252 2863 319 2909 sunt
340 2851 395 2910 hoc
413 2851 559 2932 sacrilegii
579 2862 741 2928 praetextu,
761 2851 841 2927 qnod
851 2849 976 2908 Deitatis
995 2849 1123 2930 gloriam
1144 2867 1317 2934 praesetu-

148 2927 234 2984 ,lerit
273 2929 313 2984 Et
331 2937 430 2986 tamen
450 2928 637 2988 iureiurando
657 2926 791 2988 adhibito
810 2926 935 3006 perinde
945 2947 1007 2985 rem
1021 2930 1169 2996 examinat
1182 2930 1317 3012 Caiphas,

159 3001 217 3062 acsi
243 3023 276 3060 ea
304 3003 399 3081 prohe
424 3015 573 3086 comperta
598 3015 716 3082 paratus
741 3014 816 3062 esset
842 3003 961 3062 cedere:
987 3003 1108 3064 interim
1134 3019 1234 3067 totam
1260 2993 1317 3067 eius

157 3089 285 3136 mentem
312 3081 460 3160 occupant¹
483 3100 651 3160 perversum
674 3077 783 3138 Christi
810 3077 909 3138 odium
930 3090 961 3138 et
979 3091 1187 3162 contemptus,
1206 3085 1251 3144 sic
1271 3086 1317 3144 de-

153 3155 226 3231 iude
248 3174 309 3213 eam
339 3169 499 3216 excoecant
522 3155 659 3236 snperbia
681 3169 710 3216 et
730 3155 864 3230 ambitio,
884 3167 917 3214 ut
935 3175 991 3246 pro
1004 3157 1267 3236 consessosumat,
1281 3161 1316 3220 si-

157 3231 252 3294 mulac
273 3232 309 3290 de
330 3232 408 3292 laeto
434 3232 613 3306 constiterit,
642 3233 745 3294 omissa
770 3232 839 3292 iuris
860 3232 1068 3311 inquisitione,
1093 3235 1125 3294 in
1145 3257 1239 3297 manu
1260 3257 1318 3296 esse

157 3307 260 3366 iustam
282 3309 477 3369 denotationis
498 3329 620 3368 causam.
659 3309 756 3368 Porro
777 3329 812 3368 es
832 3307 964 3387 Caiphae
987 3309 1084 3368 rerhis
1111 3313 1186 3373 colli
1210 3336 1263 3374 ere
1283 3315 1316 3372 li-

157 3394 215 3456 cet,
235 3384 383 3444 celebrum
404 3397 473 3444 tnnc
494 3385 570 3444 inter
590 3385 715 3444 Iudaeos
736 3385 822 3444 fuisse
843 3385 967 3445 hlessiae
985 3385 1115 3462 titulum,
1134 3399 1170 3448 ut
1221 3391 1251 3450 ei
1269 3391 1317 3448 Fi-

156 3459 226 3520 lium
246 3473 400 3522 mearent:
422 3483 518 3542 neque
539 3463 619 3522 enim
638 3461 757 3520 aliunde
777 3482 863 3540 quam
883 3481 917 3520 ex
937 3483 1086 3522 commum
1098 3485 1186 3526 more
1202 3480 1318 3546 sumpta
1376 3515 1377 3532 ,

155 3537 211 3596 suit
232 3539 302 3596 haec
324 3537 526 3620 interrogandi
546 3539 650 3598 forma.
688 3539 809 3597 Etsane
830 3559 891 3597 non
909 3539 1314 3621 minusenScripturaeor-a-

93 3646 101 3658 =
155 3613 227 3672 culis
247 3614 305 3674 Dei
325 3613 430 3674 Filium
452 3636 511 3674 esse
536 3614 679 3674 tenebant
699 3635 786 3694 quom
804 3614 934 3674 Doridis.
972 3616 1162 3676 deridetur
1187 3618 1316 3698 Caiphas
1376 3629 1377 3662 ἲ

153 3691 201 3750 rel
218 3691 371 3750 territandi
384 3691 492 3750 Christi
513 3712 607 3772 causa,
627 3692 673 3750 rel
693 3691 845 3772 augendae
865 3691 1002 3767 invidiae,
1021 3691 1080 3752 hoe
1101 3695 1234 3774 epitheto
1245 3717 1318 3753 usus

154 3787 230 3846 esse:
251 3768 309 3828 acsi
329 3767 458 3840 dixisset,
478 3768 555 3826 Vide
576 3788 635 3846 quo
656 3767 869 3849 progrediaris:
894 3789 932 3826 ne
954 3787 991 3827 ne
1011 3769 1090 3829 enim
1110 3783 1142 3830 te
1164 3769 1315 3830 Christum

154 3845 253 3904 dicere
273 3856 369 3922 potes,
390 3845 460 3922 quin
480 3843 564 3904 simul
586 3863 707 3925 arroges
727 3865 837 3904 nomen
852 3790 1002 3918 Fitithet,
1043 3865 1081 3905 uo
1103 3867 1172 3908 eum
1192 3848 1251 3908 insi
1274 3849 1319 3906 nit

154 3921 315 3999 Scriptura.
337 3922 469 3980 ‘Eodem
489 3931 603 4000 spectat
623 3922 703 4010 quod
724 3923 801 4000 apud
812 3921 943 3994 Marcpm
964 3943 1020 4002 pro
1065 3943 1103 3984 eo
1118 3868 1318 3984 hahetnriiae⁴

150 3995 285 4056 nedicms.
325 3997 380 4055 Illa
401 3997 477 4056 enim
498 4008 681 4056 reverentiae
700 3997 846 4056 simulatio
871 3995 963 4078 magis
985 3995 1135 4059 Christum
1162 4001 1321 4081 gravabat,

152 4093 238 4150 quam
258 4074 281 4131 si
301 4085 431 4132 sanctum
452 4073 511 4133 Dei
531 4092 640 4132 nomen
683 4074 853 4134 rolanasset.

227 4153 275 4210 64.
316 4150 367 4208 Tu
391 4147 502 4210 dixisti.
540 4149 628 4229 Apud
655 4094 764 4210 lincam
795 4149 935 4210 inseritur
966 4150 1021 4210 alia
1051 4151 1233 4231 responsio,
1261 4172 1319 4232 qua

150 4223 321 4303 perstringit
350 4225 483 4285 Christus
509 4227 692 4286 sacerdotum
718 4225 867 4298 malitiam,
888 4229 967 4305 quod
987 4226 1099 4286 scilieet
1119 4249 1181 4286 non
1194 4248 1317 4319 cognu-

148 4297 248 4382 scendi
274 4299 370 4384 studio
395 4301 551 4380 inquirant.
595 4296 666 4362 Non
696 4301 828 4378 credetis,
861 4303 971 4380 inquit,
995 4307 1023 4362 si
1045 4302 1170 4364 dixero:
1201 4305 1315 4384 qurhus
1376 4351 1377 4376 ,

148 4371 245 4458 uerbis
265 4375 425 4450 significat,
450 4377 560 4436 etiamsi
587 4381 695 4438 centies
721 4379 888 4456 probaverit
912 4401 942 4436 se
968 4401 1029 4438 esse
1053 4379 1225 4456 Christum,
1252 4381 1311 4440 hoc
1376 4381 1377 4392 ¹
