2766 4840
154 236 215 300 atta
245 312 247 320 Α
291 274 296 288 ,
383 225 500 288 SECT.
520 223 601 285 xlx.
641 235 773 286 cnmsrr
792 217 910 340 passio
930 237 972 282 nr
992 237 1093 284 muns.

155 393 299 480 tenelet
329 394 522 472 repererunt
547 379 819 470 quemadmodum
846 377 970 446 dixerat
997 379 1078 458 illis,
1109 391 1321 467 paraverunt·
1372 353 1373 360 ¹

154 510 220 578 que
246 485 376 554 Pascha.
404 484 468 553 17.
489 485 531 552 Et
550 507 649 572 quum
668 505 807 571 vespera
828 485 891 550 iem
913 496 1011 566 esset,
1030 487 1124 552 venit
1144 507 1219 552 cum
1240 480 1321 551 tino-
1372 539 1373 544 ,

134 635 136 644 >
155 593 272 662 decim

215 775 343 846 ‘LUC.
368 777 466 843 xxtt.
517 773 547 842 3.
581 775 713 842 intravit
745 775 1012 842 autem¹Satanes
1043 775 1079 840 in
1105 773 1237 851 ludam,
1268 774 1322 837 euri

106 941 112 964 ,
155 901 338 971 cognomen
360 892 429 948 eret
449 881 633 958 heariotes,
661 899 761 945 unum
784 897 803 944 e
824 877 1006 946 duodecim.
1047 878 1079 943 1.
1109 877 1153 944 Et
1180 877 1262 944 abiit
1291 887 1323 942 et

155 989 310 1076 loquutus
345 994 393 1050 eet
426 973 498 1048 oum
530 979 731 1068 principibus
763 982 967 1052 secerdotum
1001 1004 1039 1048 ae
1071 978 1323 1068 magistratibus,

155 1085 426 1180 quemadmodum
458 1085 550 1154 illum
583 1083 726 1151 traderet
752 1087 839 1172 ipsis
886 1087 916 1154 5.
947 1085 990 1152 Et
1023 1087 1124 1173 gaslei
1154 1095 1246 1163 sunt,
1282 1105 1325 1147 ac

156 1195 242 1283 pacti
270 1202 365 1271 sunt,
386 1211 422 1256 se
449 1187 499 1256 illi
526 1189 696 1275 pecuniam
715 1187 866 1256 daturos.
911 1191 941 1256 (i.
974 1189 1017 1256 Et
1042 1187 1101 1256 ille
1128 1186 1324 1276 spopondit:

155 1293 401 1386 quaerebatque
443 1291 730 1380 opportunitatem,
769 1303 806 1357 ut
843 1292 985 1359 traderet
1023 1313 1096 1358 enm
1134 1293 1212 1378 ipsis
1249 1292 1325 1356 sine
1372 1337 1373 1366 ,

126 1389 262 1467 'turbu
301 1397 331 1465 7.
356 1398 458 1464 Venit
484 1405 589 1462 autem
614 1393 688 1488 dies
708 1396 922 1484 haymorum,
948 1400 981 1462 in
1010 1418 1073 1484 qua
1096 1417 1232 1461 necesse
1256 1403 1326 1460 erat

155 1500 316 1568 immolari
341 1498 471 1566 Pascha.
520 1499 550 1563 8.
584 1497 627 1564 Et
661 1499 746 1564 misit
773 1499 902 1564 Petrum
933 1518 972 1565 ec
998 1502 1169 1578 loannem,
1202 1497 1326 1576 diceus,

153 1607 281 1674 Euntes
308 1613 418 1692 parate
445 1599 542 1668 nobis
563 1601 698 1681 Pascha,
722 1612 759 1667 ut
785 1602 926 1668 edamus.
966 1605 996 1668 9.
1023 1604 1066 1669 At
1091 1603 1141 1668 illi
1172 1601 1323 1668 dixerunt
1372 1655 1373 1680 ,

84 1726 118 1786 ᾗ
155 1713 203 1787 ei,
229 1707 294 1773 Ubi
315 1709 379 1785 vis,
404 1709 574 1792 paremus?
615 1705 665 1772 10.
690 1706 733 1771 Et
754 1704 835 1770 dixit
857 1704 934 1785 illis,
959 1707 1060 1786 Eece,
1080 1705 1325 1773 introeuntibus
1372 1717 1373 1730 ¹

154 1809 253 1877 vobis
280 1811 314 1875 in
341 1806 455 1874 urbem
482 1819 631 1875 occurret
652 1808 749 1875 homo
770 1831 826 1875 vas
848 1829 952 1896 aquae
974 1819 1149 1875 testaceum
1173 1821 1324 1896 portans:

153 1914 329 2000 sequimini
356 1933 429 1976 enm
456 1913 491 1976 in
518 1912 663 1990 domum,
689 1915 722 1977 io
750 1935 846 2000 quam
871 1912 1010 1978 intrabit.
1053 1911 1103 1977 11.
1138 1913 1184 1978 Et
1212 1913 1323 1977 dicetis

103 2056 106 2069 ·
154 2013 378 2105 patrifamilias
396 2013 525 2097 domus,
551 2015 640 2094 Dicit
660 2017 830 2102 Magister,
850 2013 917 2081 Ubi
940 2026 988 2081 est
1008 2014 1239 2090 diversorium,
1265 2011 1323 2077 uhi

154 2105 279 2187 Pascha
301 2140 372 2184 eum
396 2117 562 2204 discipulis
583 2121 663 2186 meis
689 2119 804 2186 edam?
846 2119 895 2186 12.
921 2117 962 2181 Et
988 2119 1057 2201 ipse
1086 2117 1239 2183 ostendet
1263 2137 1320 2182 vo·
1372 2167 1373 2198 ,

103 2235 106 2238 '
154 2223 210 2292 bis
236 2220 454 2289 ¹coenaculum
487 2244 636 2310 magnum
666 2233 811 2290 stratum:
848 2221 896 2287 ibi
928 2229 1050 2307 parato.
1118 2223 1171 2287 lde
1202 2221 1321 2287 Euntes
1372 2219 1373 2268 t

157 2337 266 2401 autem
294 2329 504 2404 invenerunt,
537 2327 620 2392 sicut
646 2324 769 2394 dixerat
795 2325 874 2404 illis,
907 2335 938 2389 et
965 2335 1167 2410 paraverunt
1195 2325 1322 2391 Pas‘cha.
1372 2383 1373 2392 ,

156 2432 210 2498 11.
233 2431 280 2496 'Et
306 2450 404 2518 quum
431 2430 493 2496 iam
521 2440 607 2497 esset
631 2435 871 2517 tempestivum,
898 2426 1060 2506 occubuit,
1088 2449 1129 2494 ao
1149 2429 1323 2496 duodecim
1372 2473 1373 2506 ,

101 2600 104 2608 ,
157 2532 309 2624 Apostoli
330 2553 401 2600 cum
424 2553 474 2601 eo.
878 2613 885 2620 ‚
1372 2547 1373 2612 t

237 2819 286 2880 Ad
297 2818 476 2880 flectendum
488 2803 656 2894 corindae,
674 2819 721 2880 vel
741 2820 772 2878 in
790 2819 894 2882 melius
914 2820 1137 2902 corrigendum,
1158 2821 1242 2882 adeo
1259 2822 1325 2882 nihil
1372 2821 1373 2898 ᾖ

160 2895 277 2980 profuit
296 2893 407 2956 Christi
427 2895 607 2972 admonitio,
631 2906 663 2955 ut
681 2916 783 2957 secure
803 2897 899 2958 statim
919 2898 955 2958 ad
974 2899 1164 2957 tractandum
1186 2921 1255 2958 clun
1275 2902 1323 2960 bo-

155 2971 254 3038 rtibns
277 2971 423 3033 nefarium
444 2984 561 3054 pactum
579 2973 738 3033 transierit.
776 2972 868 3034 Mirus
888 2987 984 3035 autem
1005 2995 1038 3034 ac
1059 2971 1258 3056 prodigiosus
1277 2976 1327 3036 loit

156 3063 282 3129 stupor,
305 3049 386 3126 quod
410 3049 442 3109 in
462 3049 572 3111 iactura
591 3049 735 3141 unguenti
756 3049 909 3111 honestam
928 3062 1013 3112 tanto
1032 3051 1139 3110 sceleri
1163 3055 1326 3113 excusatio·

158 3145 231 3187 uem
249 3143 282 3184 se
301 3135 418 3186 nechim
438 3125 564 3206 putavitz
590 3126 698 3186 derude
722 3125 802 3206 qnod
828 3125 924 3188 verbis
944 3126 1055 3188 Christi
1073 3128 1251 3191 admonitus
1270 3151 1324 3190 noo

156 3200 261 3275 sendt,
281 3201 471 3285 qnidageret.
509 3203 581 3263 Sola
601 3202 712 3264 mentio
733 3203 899 3283 sepulturae
918 3203 1045 3266 ferreum
1067 3224 1122 3264 cor
1139 3204 1268 3268 mollire
1279 3209 1326 3267 de·

157 3279 283 3360 buerat:¹
305 3297 395 3356 quum
419 3280 488 3341 inde
508 3279 650 3372 colligere
669 3290 840 3416 prompstum
860 3293 950 3356 esset,
978 3280 1132 3342 Christum
1149 3303 1184 3342 se
1228 3305 1265 3344 ro
1283 3305 1326 3343 sa-

154 3357 222 3418 lute
241 3353 360 3415 humani
380 3357 499 3438 generis
518 3355 549 3415 iu
567 3356 715 3418 uictimam
735 3377 754 3416 o
783 3377 856 3418 erre.
896 3357 955 3418 Sed
977 3356 1007 3416 in
1026 3357 1085 3418 hoc
1105 3305 1236 3440 specoib
1262 3382 1328 3441 per-

154 3430 308 3516 spicimus,
327 3445 435 3512 quanta
455 3432 493 3494 sit
510 3433 649 3494 malarum
671 3433 862 3514 cupiditatum
881 3433 1020 3507 coecitas,
1040 3445 1071 3494 et
1090 3456 1184 3514 quam
1199 3437 1326 3498 efficaci-

155 3523 207 3572 ter
224 3519 355 3570 mentem
374 3510 529 3570 fascinent.
567 3511 698 3571 Fnraodi
718 3511 864 3572 desiderio
884 3509 1007 3571 ardebat
1025 3510 1130 3587 ludas,
1160 3515 1253 3606 lungo
1273 3537 1325 3573 usn

154 3588 247 3650 edila
270 3583 353 3645 itiam
366 3586 560 3648 obduruerat:
580 3607 660 3648 nunc
680 3587 747 3666 qnia
768 3587 885 3647 aliunde
904 3589 1012 3668 praedo
1031 3607 1095 3648 non
1114 3602 1254 3664 oceurmt,
1272 3591 1297 3648 F
1299 3592 1327 3650 i-

152 3665 231 3728 lium
282 3659 407 3724 civitae
427 3675 578 3726 auctorem
598 3665 711 3743 perfide
730 3663 760 3722 in
781 3674 908 3724 mortem
927 3665 1044 3725 tradere
1065 3683 1130 3726 uon
1153 3667 1276 3741 dubitat,
1295 3678 1328 3727 et

201 3739 291 3802 amvis
310 3751 410 3800 sancta
430 3739 632 3806 admonitione
651 3753 794 3802 retractus
813 3739 959 3800 violenter
978 3740 1105 3820 prosilit.
1140 3743 1246 3819 Quare
1264 3765 1330 3804 ooo

152 3837 174 3882 n
199 3842 213 3880 s
238 3837 273 3880 re
298 3813 392 3878 Lucas
416 3817 591 3877 nominatim
615 3818 764 3898 exprimit,
790 3816 928 3878 Setanem
953 3818 984 3876 in
1009 3839 1076 3878 eum
1097 3819 1244 3896 intrasse,
1269 3841 1331 3880 non
1372 3859 1373 3862 =

177 3895 243 3958 nod
261 3893 320 3953 Dei
341 3893 469 3974 Spiritus
496 3893 589 3974 ipsum
609 3907 678 3955 aute
697 3905 817 3978 regeret
839 3893 927 3973 (quia
950 3893 1035 3954 furtis
1061 3906 1092 3954 ct
1116 3917 1149 3958 ra
1176 3899 1253 3972 inis,
1277 3898 1332 3956 uisi
1372 3883 1373 3968 i

232 3990 288 4032 uae
308 3968 409 4031 fuisset
428 3969 621 4050 mancipium,
646 3971 777 4031 addictus
798 3991 860 4032 esse
880 3990 942 4030 non
963 3971 1093 4051 potuit),
1113 3919 1173 4034 sei
1190 3973 1288 4035 intell'
1310 3975 1331 4030 it
1372 4037 1373 4046 χ

153 4049 266 4122 lauces,
284 4057 356 4108 tuuc
368 4047 494 4108 Satanae
515 4047 631 4127 penitus
652 4047 682 4108 in
703 4048 919 4129 pussessionem
939 4047 1026 4108 luisse
1047 4049 1205 4128 traditum,
1226 4064 1261 4112 ut
1300 4073 1329 4110 e-

153 4135 293 4206 tqteretne
317 4124 349 4184 in
374 4125 491 4186 exitium
516 4146 599 4185 suum
624 4136 733 4185 rueret.
771 4126 845 4185 Nam
869 4125 924 4185 etsi
949 4125 984 4184 ad
1011 4125 1207 4205 quotidianos
1234 4131 1330 4209 lspsru

23 4245 25 4253 ι
85 4241 88 4250 ·
153 4222 216 4262 nos
235 4200 275 4260 im
299 4201 362 4260 ellit
382 4202 489 4277 Satan,
513 4212 620 4284 regnat
640 4212 735 4260 autem
756 4201 786 4259 in
807 4201 912 4276 nohis,
936 4201 1003 4262 dum
1031 4203 1068 4262 ed
1089 4205 1240 4264 maiorem
1261 4227 1329 4286 pec-

152 4278 248 4339 condi
274 4221 422 4338 iicentiam
446 4276 568 4357 abripit:
596 4278 704 4338 dicitur
727 4288 826 4337 tamen
847 4277 877 4335 iu
896 4277 1044 4358 reprobus
1064 4279 1186 4340 deorum
1209 4283 1329 4350 intrare,

151 4374 250 4433 quum
270 4372 373 4414 everso
393 4354 451 4412 Dei
470 4366 570 4428 metu,
595 4355 733 4420 exstineto
758 4353 880 4416 rationis
907 4353 989 4429 luce,
1016 4355 1133 4434 pudore
1162 4358 1255 4420 etiam
1279 4379 1328 4416 en·
1372 4419 1373 4422 ,
