2766 4834
418 188 461 230 '¹
510 208 783 326 ‹ts-‘tossen
865 329 868 335 ,
981 301 987 314 .
1104 195 1211 320 ἰι

32 389 186 472 mamillis
218 394 450 476 propositum
478 391 581 471 iuuit,
609 395 739 458 infantes
765 398 797 458 el
820 396 852 458 in
876 395 935 456 lide
961 398 1095 460 novicios
1121 399 1209 471 lactis

33 481 90 603 potu
107 468 207 543 alere,
234 469 302 549 qui
329 465 469 530 solidum
492 470 593 532 cibum*
609 473 743 536 noudum
764 493 870 554 capere
890 483 1039 554 poterant,
1060 475 1138 548 nulla
1161 499 1210 539 re-

42 546 89 623 igio
109 545 278 624 impedit,
321 547 492 628 quominus
518 547 678 630 diligenter
702 561 731 609 et
757 561 857 610 exacte
877 549 1038 630 inquirant·
1051 551 1074 612 F
1078 553 1118 612 ilii
1140 553 1211 633 Dei,

38 623 89 700 quid
102 623 282 682 contineat
296 623 476 703 Scriptura,
497 635 583 704 atque
605 626 642 685 ita
664 638 775 708 gustus,
797 645 885 706 quem
900 627 1209 718 praebentltpostoli,

39 723 75 758 rus
93 701 128 758 ad
149 701 294 760 iontem
320 701 464 760 deducat.
490 701 576 760 Nunc
598 702 749 762 redeamus
768 703 803 762 ad
821 704 989 769 vaticinium
1006 703 1211 782 Michae5,'1·.

40 777 68 834 sic
85 777 119 835 ad
139 776 292 836 verbum
318 777 436 860 legitur
456 777 533 856 apud
546 777 737 857 Prophetam,
758 781 800 839 Et
819 789 849 838 tu
867 778 1044 842 Bethlehem
1064 780 1208 864 Ephrata,
1262 846 1265 858 ,

40 853 144 932 parvula
166 865 207 912 ut
233 855 281 912 sis
306 855 342 912 in
365 851 496 912 millibus
517 854 601 928 Iuda,
622 866 704 914 exte
724 855 797 915 mihi
818 875 833 915 e
873 857 1074 938 edietnr‚'qui
1092 860 1131 920 sit
1149 861 1207 920 do-

42 933 158 990 minator
178 933 219 988 in
246 928 375 990 lsrael.-
396 931 461 994 Pro
480 931 504 989 E
529 931 610 990 hrata
621 932 784 992 Matthaeus
805 933 840 992 lu
862 955 878 993 a
897 933 1007 1024 posuit,
1027 936 1078 994 sed
1100 937 1207 996 eodem

42 1029 124 1066 semu
169 1007 293 1068 Micha
327 1006 408 1066 enim
434 951 625 1082 Bethlehem,
660 1008 697 1068 de
730 1030 786 1090 qua
809 1009 968 1092 loquum,
1006 1023 1120 1076 tautum
1152 1014 1207 1074 hac

42 1097 102 1142 sota
122 1085 321 1144 discernere
342 1082 443 1143 voluit
462 1081 498 1141 ab
519 1084 625 1158 altera,
651 1105 726 1174 quae
749 1097 812 1146 erat
833 1085 863 1145 in
883 1086 963 1147 trihu
983 1087 1128 1152 Sebulou.
1168 1090 1206 1150 ln
1266 1073 1270 1099 ’

43 1161 151 1240 reliquo
176 1171 339 1221 contextu
361 1160 427 1239 plus
449 1170 492 1218 est
512 1159 701 1220 difficultatis.
737 1159 822 1222 Dicit
846 1163 924 1222 enirn
944 1163 1114 1244 Propheta,
1146 1166 1234 1226 exi-¹
1299 1164 1304 1172 ’

44 1259 123 1363 pram
153 1236 462 1312 esse‘llethlchem‚
501 1255 575 1318 quae
607 1246 762 1299 censeatur
785 1238 864 1298 inter
892 1241 1094 1320 praefecturas·
1119 1243 1206 1302 Iuda:

45 1315 214 1374 .latthaeus
241 1325 354 1375 contra
370 1313 543 1394 dignitatem
565 1313 627 1372 eius
648 1313 771 1388 extollit,
791 1326 825 1372 ut
844 1335 901 1373 uua
921 1317 959 1374 sit
978 1337 1011 1376 ex
1031 1319 1206 1401 praecipuis.

47 1391 123 1450 llaec
151 1391 242 1451 ratio
273 1390 370 1450 morit
397 1388 539 1468 quosdam
565 1389 758 1470 interpretes,
788 1401 821 1450 ut
840 1390 1050 1474 interrogative
1071 1392 1207 1486 legerent

45 1468 220 1546 Prophetae
252 1467 366 1526 locum.
413 1465 532 1524 llcctius
557 1477 655 1526 tamen
677 1463 742 1540 alii,
768 1467 819 1546 qui
839 1467 1020 1528 hlatthacum
1041 1469 1206 1530 existimant

47 1543 101 1602 Dei
122 1546 263 1627 gratiam
285 1541 416 1604 voluisse
444 1541 476 1600 iu
502 1542 555 1602 hac
575 1541 739 1610 mutatione
760 1543 928 1619 celebrare,
961 1543 1041 1624 quo'd
1066 1557 1154 1606 tenue
1176 1558 1207 1606 et

48 1621 213 1682 obscurum
247 1619 427 1710 oppidulum
462 1617 569 1678 lactum
598 1618 695 1678 suerat
726 1619 829 1679 natalis
859 1620 940 1681 locus
968 1622 1074 1697 summi
1093 1621 1150 1682 -ltc
1172 1623 1205 1682 is.

49 1697 217 1758 Caeterum
242 1709 299 1756 etsr
318 1696 380 1754 hoc
403 1697 519 1754 honore
540 1694 675 1755 excelluit
690 1694 882 1772 Bethlehem,
916 1699 990 1758 adeo
1010 1709 1108 1759 tarneu
1131 1721 1160 1758 m
1183 1699 1206 1758 il

48 1775 164 1862 proluit
191 1775 259 1834 eius
280 1771 406 1844 incolis,
439 1782 472 1829 ut
498 1773 617 1832 cesserit
641 1770 740 1851 potius
757 1771 796 1841 'in
817 1774 932 1856 gravius
959 1775 1092 1848 exitium,
1124 1775 1205 1855 quod

54 1851 106 1910 hic
133 1851 208 1934 plus
236 1847 326 1930 qdam
351 1847 476 1932 indigne
503 1859 638 1928 exceptus
659 1847 715 1906 luit
739 1848 850 1910 Redem
873 1861 930 1910 tor.
970 1851 1030 1912 Pro
1056 1852 1204 1913 Domina-

53 1939 112 1988 tore
149 1927 247 1988 etiam
282 1927 439 1985 Pastorem
465 1925 629 1984 Matthaeus
661 1924 797 1985 reddidit.
871 1947 1015 2008 uapouam
1045 1939 1204 2008 utrumque

54 2005 219 2084 expressit,
251 2023 360 2082 nempe
384 2000 533 2064 Christum
555 2021 617 2065 csse
637 1999 740 2086 populi
761 2001 879 2082 ducem,
900 2016 930 2066 et
948 2003 992 2068 illi
1013 2005 1202 2068 commissum

54 2101 114 2141 esse
136 2079 289 2164 pascendi
307 2097 424 2140 munus.
868 2091 869 2098 ’
973 2105 976 2110 ·

87 2301 182 2379 (m)
227 2295 405 2362 ΜΑΤΤΗ.
428 2295 467 2363 ll.
510 2299 539 2364 7.
560 2297 642 2362 Turn
661 2295 822 2374 Herodes,
844 2297 924 2364 clam
945 2255 1107 2368 accersitis
1128 2253 1201 2370 hta·

51 2401 104 2483 gis,
130 2409 247 2464 exacte
271 2399 464 2485 perquisivit
486 2396 621 2476 abillis,
643 2419 709 2484 quo
722 2408 868 2483 ternpore
884 2382 1201 2486 apparuissetstella.

50 2500 150 2566 &Et
177 2503 278 2564 iussis
302 2503 352 2564 ire
376 2501 410 2562 iu
433 2497 641 2577 Bethlehem,
676 2497 773 2573 dixit,
809 2499 952 2564 Profecti
981 2504 1135 2587 inquirite
1157 2504 1200 2570 de

49 2601 213 2684 perulo:
248 2599 306 2664 ubi
329 2611 438 2664 autern
459 2603 667 2676 inveneritis;
699 2603 881 2663 renuntiate
903 2599 995 2675 mihi,
1022 2609 1058 2664 ut
1085 2611 1117 2686 et
1139 2621 1200 2686 ego

47 2705 180 2766 reniam
207 2713 239 2765 et
262 2703 398 2766 adorem
422 2695 502 2764 earm.¹
534 2702 565 2766 9.
588 2689 630 2765 ht
651 2699 700 2765 illi
723 2697 833 2764 audito
855 2719 931 2786 rege
953 2697 1089 2786 profecti
1112 2712 1201 2764 sunt:

46 2813 79 2866 et
101 2825 187 2868 ecce
212 2800 331 2878 stella‚·
363 2821 458 2887 quam
480 2799 627 2867 viderant
648 2803 689 2866 iu‘
706 2799 853 2878 Oriente,
874 2797 1092 2886 praecedebat
1112 2796 1201 2876 illos,

47 2901 158 2969 donec
181 2923 359 2990 progressa
382 2911 479 2966 staret
500 2923 595 2988 supra
618 2899 741 2980 locum,
774 2905 808 2966 iu
837 2923 903 2988 quo
925 2911 993 2966 erat
1015 2921 1105 2989 puer.
1143 2901 1199 2970 dli.
1242 2963 1249 2984 ,

47 3003 159 3090 Quum
192 3015 304 3070 autem
332 3001 489 3066 vidissent
514 3001 658 3082 stellam,
693 3005 792 3088 gavisi
824 3013 897 3067 suut
930 3001 1049 3088 gaudio
1078 3021 1196 3088 magno

45 3105 156 3172 valde.
209 3106 262 3170 11.
296 3105 340 3170 Et
372 3103 509 3189 ingressi
540 3101 676 3172 domum
702 3108 895 3169 invenerunt
922 3101 1093 3188 puerulum
1126 3125 1198 3168 cum

45 3204 155 3270 hlaria
175 3217 286 3270 matre
309 3204 397 3280 eius,
424 3213 460 3266 et
475 3207 627 3288 prostrati
650 3203 868 3270 adoraverunt
889 3203 996 3268 illurnt
1024 3214 1056 3269 et
1078 3207 1198 3290 apertis

47 3307 212 3371 hesauria
256 3298 341 3371 suis'
369 3301 555 3376 obtulerunt
574 3303 652 3368 Xilli
682 3325 830 3386 munera,
872 3328 997 3386 aurum,
1040 3305 1126 3382 thus,
1166 3313 1199 3370 et

49 3409 229 3491 myrrham.
246 3427 251 3434 ·
272 3408 323 3472 12.
343 3407 387 3469 Et
408 3402 541 3470 oraculo
565 3403 721 3472 admoniti
742 3429 802 3494 per
822 3406 1066 3483 somnium‚=uc
1088 3427 1197 3471 rever-

50 3519 200 3573 terentur
224 3506 267 3572 acl
290 3505 475 3582 Herodem,
495 3527 555 3592 per
577 3504 670 3571 aliam
693 3511 776 3573 riam
796 3511 1016 3589 reversi-aunt
1036 3509 1070 3572 in
1091 3508 1196 3593 regio·

51 3631 125 3675 nem
149 3629 271 3686 suam„
1019 3635 1020 3642 ¹

127 3781 159 3840 7.
200 3769 340 3832 Hoeodes
365 3769 440 3830 claim
458 3773 609 3832 mserum·
622 3769 737 3848 Magis.
776 3769 888 3830 llletunr
918 3783 948 3832 et
967 3767 1220 3832 sollicitudinem

57 3849 193 3930 profiteri
219 3871 304 3910 aeuus
329 3863 393 3906 non
413 3846 469 3907 luit
489 3859 649 3930 tyrannus,
682 3869 720 3908 ne
744 3846 887 3929 populum
914 3856 1039 3907 armaret
1063 3842 1195 3920 audacia,

60 3927 103 3988 tui
129 3949 161 3988 re
185 3926 313 3986 invisum
342 3937 559 3986 esse·noverat.
607 3921 707 3984 Palam
733 3945 806 4008 ergo
832 3923 991 3985 dissimulat
1015 3922 1074 3981 hoc
1101 3920 1137 3979 ad
1162 3930 1207 3981 sex

61 4004 223 4132 pertinere,
252 4001 305 4062 sed
332 4000 496 4061 clanculum
522 4001 726 4084 inquirit,‘ut
753 4013 888 4062 occurrat
912 3999 1031 4060 instanti
1049 3997 1193 4080 periculo.

76 4093 218 4142 ,aeterum
246 4077 379 4160 quamvis
405 4096 471 4136 eum
495 4077 570 4137 mala
591 4077 769 4138 conscientia
788 4077 922 4140 timidum
947 4075 1099 4156 redderet,
1129 4095 1193 4140 non

66 4149 187 4230 dhhium·
203 4169 305 4218 tamen
332 4162 390 4229 est,
422 4153 492 4232 quin
517 4155 600 4215 Deus
630 4167 759 4216 mentem
785 4155 846 4214 eins
871 4151 1030 4234 perculerit
1054 4151 1193 4212 inusitato

65 4245 152 4310 uua,
182 4247 216 4294 ut
237 4231 367 4294 consilio
389 4231 540 4292 destitutus
561 4243 718 4312 menteque
738 4228 879 4290 alienatus
898 4229 936 4291 ad
955 4239 1068 4308 tempus
1088 4240 1193 4308 torpe-

67 4321 111 4372 ret
147 4311 233 4376 Nihil
256 4304 338 4370 enim
358 4306 471 4368 facilius
490 4320 573 4385 erat,
591 4327 679 4387 quam
699 4307 791 4370 officii
810 4314 960 4387 praetextu
977 4325 1069 4364 unum
1089 4325 1124 4363 ex
1142 4323 1195 4364 au·-
1262 4312 1266 4318 '

64 4385 119 4456 tictr
137 4389 287 4458 comitem
306 4383 487 4466 subornare,
506 4383 557 4468 qui
576 4385 639 4448 tota
658 4406 690 4448 re
710 4384 841 4468 inspecta
860 4403 927 4446 mox
937 4381 1056 4444 rediret
1093 4379 1196 4451 Polle-
1226 4375 1232 4380 ’
1274 4427 1281 4460 ,
