2790 4838
161 248 247 316 m
275 208 278 214 Ι
372 240 528 310 sufflo
547 241 601 304 tx.
640 239 861 306 hommum
879 239 1081 304 Evanohnu.

120 378 128 399 ⁸
166 399 249 484 quod
266 396 347 472 nulla
365 395 427 458 illic
444 415 501 462 vox
518 395 581 458 Dei
597 393 786 471 audiebatur,
805 367 1022 472 necuiiracula
1040 393 1170 471 fiebant,
1225 395 1242 480 γ’
1267 413 1305 458 ua

167 477 311 541 admoniti
327 467 551 555 resipiscereht:
570 473 602 532 in
620 469 744 534 urbibus
756 482 859 534 autem
881 469 1048 550 Galilaeae,
1072 493 1143 554 quas
1164 467 1190 534 C
1213 475 1308 535 riscus

167 553 321 638 obiurgat,
340 552 406 632 plus
425 569 512 641 quam
531 549 628 612 ferrea
646 549 744 608 fuerat
763 549 945 609 contumacia
965 549 997 608 in
1016 549 1191 684 spernendis
1210 551 1310 612 mira-

102 641 121 676 '·
167 634 258 708 culis,
288 649 412 709 quorum
437 638 589 710 mgentem
613 626 729 706 copiam
748 625 885 685 viderant
908 617 1054 686 sine'ulo
1075 625 1223 707 profectu.
1265 628 1308 686 In

166 709 288 782 rumina,
306 726 369 769 nou
388 703 448 764 alio
467 705 595 765 tendunt
612 702 703 764 verba
716 701 836 776 Christi,
856 725 943 782 quam
961 704 1073 766 malitia
1095 715 1126 776 et
1143 703 1310 764 insanabili
1381 703 1382 724 ¹

165 788 226 848 Dei
246 792 419 862 contemptu
438 781 552 862 Tyrum
578 792 609 839 et
628 779 771 840 Sidonem
790 779 922 860 superari
949 801 972 840 a
986 777 1137 841 Chorazin
1159 792 1190 840 et
1207 781 1309 842 Beth-

167 863 259 926 saida:
278 871 424 920 ettamen
442 864 504 916 ndu
526 867 579 934 est,
600 879 652 918 cur
671 855 818 938 litigemus
838 879 903 916 cum
922 857 1004 933 Deo,
1024 858 1105 937 quod
1124 857 1308 938 posthabitis
1381 875 1382 884 ¹

166 939 245 1012 aliis,
270 931 310 996 de¹
328 933 433 1016 quibus
452 931 560 994 melior
579 955 646 1014 spes
666 933 784 1008 fuisset,
809 934 946 993 virtutem
966 955 1048 994 suam
1068 955 1139 1016 erga
1158 936 1308 1015 pessimos

167 1033 302 1097 quosque
327 1023 358 1072 et
376 1031 496 1092 prorsus
520 1011 691 1092 deplorator
714 1021 834 1071 exserat.
873 1010 1078 1090 Quotcunque
1097 1011 1309 1072 misericordia

112 1152 114 1166 .
164 1113 217 1154 sna
237 1111 299 1152 non
320 1088 468 1171 dignatur,
487 1088 563 1148 iuste
584 1087 674 1148 exitio
694 1087 830 1148 destinat.
868 1087 931 1147 Iam
942 1087 974 1170 ΙΙεἰ
994 1088 1169 1168 quibusdam
1178 1088 1308 1150 verbum

164 1191 250 1230 suum
269 1163 447 1239 subducens,
468 1185 519 1226 eos
562 1163 639 1224 crire
658 1163 738 1238 sinit,
758 1163 830 1224 alios
848 1184 932 1238 vero,
952 1175 985 1223 ut
1003 1165 1097 1248 magis
1116 1157 1308 1227 inexcusabi-

164 1245 209 1306 les
227 1243 347 1318 reddat,
385 1242 444 1301 hoc
462 1241 512 1301 vel
531 1186 584 1301 illo
604 1243 695 1302 modo
716 1240 855 1302 sollicitat
879 1251 910 1300 et
928 1240 1064 1300 hortatur
1083 1241 1120 1302 ad
1140 1241 1307 1322 poeniten-

157 1323 254 1398 tiam,
285 1320 350 1399 quis
371 1337 438 1382 eum
456 1329 618 1400 propterea
636 1317 799 1397 iniquitatis
817 1315 995 1376 insimulet?
1021 1319 1109 1401 Ergo,
1125 1319 1307 1381 infirmitatis

165 1393 434 1470 nostrhepconscih
466 1394 608 1456 discamus
633 1393 817 1456 altitudinem
843 1395 926 1456 istam
950 1405 1124 1455 reverenter
1142 1395 1306 1476 suspicere.

163 1475 289 1536 Minime
303 1473 388 1534 ‘'euim
408 1473 531 1532 ferenda
557 1469 602 1531 e'st
627 1491 729 1532 eorum
748 1469 876 1550 superba
894 1464 1065 1548 moro‘s'itas,
1095 1472 1145 1552 qui
1164 1471 1236 1533 Deo
1254 1471 1307 1532 iu-

165 1553 264 1614 stitiae
289 1551 405 1610 laudem
429 1548 562 1608 tribuere
587 1568 650 1608 non
673 1549 836 1625 sustinent,
873 1547 930 1608 nisi
955 1549 1054 1627 quoad
1079 1569 1307 1610 eorumscusus

165 1627 325 1711 pertingite
345 1625 483 1708 mysteria
502 1641 586 1699 vero,
648 1643 682 1684 ae
702 1625 827 1688 adorare
848 1623 1026 1705 patuisset,⁴
1045 1624 1189 1706 quianon
1200 1638 1307 1708 aperta

166 1716 284 1770 constat
303 1724 407 1767 eorum
426 1700 513 1776 ratio,
533 1700 599 1760 fasti
612 1719 682 1782 ,rose
702 1713 853 1792 respuunt
991 1767 994 1774 ,

198 1827 210 1854 .,
242 1780 354 1846 Factae
367 1779 502 1858 finissem
527 1780 650 1837 ursata.
698 1777 846 1861 Dirumus²
876 1774 922 1838 his
947 1775 1045 1840 verbis
1064 1793 1119 1839 nos
1140 1777 1247 1839 doceri
1267 1779 1307 1840 de

135 1869 249 1926 rrecto
265 1887 269 1896 ¹
286 1855 495 1917 miraculorum
537 1863 608 1928 usu,
648 1871 814 1934 quanquam
852 1851 906 1913 sub
944 1855 1003 1914 itttr
1040 1855 1308 1936 comprehenditur

167 1934 320 1998 doctrinas
348 1951 447 2010 neque
467 1929 546 1994 enim
566 1927 709 1992 Christus·
724 1931 914 2011 spectandam
934 1949 1107 2013 proponens
1124 1931 1223 1994 Patris
1242 1935 1306 1994 rir-

164 2021 259 2072 tutem
279 2009 394 2077 interca
410 2003 577 2080 obmutuit,
608 2007 668 2070 imo
688 2006 854 2090 Evangdio
875 2027 986 2072 annexa
1012 2010 1132 2070 luerunt
1149 2009 1307 2087 miracula,

164 2099 200 2147 nt
224 2087 262 2148 ad
287 2104 321 2146 os
345 2083 465 2144 christi·
487 2083 685 2143 attenderent.
730 2083 771 2143 Io
800 2105 885 2144 succo
909 2097 936 2144 et
966 2076 1070 2146 cirrere'.
1108 2083 1307 2147 Poenitentia

118 2197 122 2204 ·
164 2163 214 2224 hic
234 2159 273 2224 ab
292 2161 419 2223 externis
438 2158 530 2242 siguis
548 2158 735 2238 describitur,
754 2167 879 2239 quorum
899 2173 970 2222 tunc
989 2161 1131 2223 sollennia
1152 2175 1218 2222 crat
1235 2186 1306 2226 usus

164 2241 197 2300 in
216 2237 351 2300 Ecclesia
371 2237 444 2298 Deir
469 2257 531 2296 non
553 2237 634 2316 quod
653 2237 684 2295 in
704 2238 780 2296 hanc
800 2249 916 2328 partem
934 2237 1049 2299 insistat
1068 2237 1219 2322 Christus,
1250 2242 1307 2302 sed

165 2317 235 2400 quia
254 2337 285 2376 se
306 2316 343 2378 ad
358 2313 444 2398 volgi
459 2323 577 2396 captum
597 2313 731 2374 inflectit.
770 2313 895 2390 Seruum
912 2313 977 2374 'uon
989 2316 1066 2398 exigi
1078 2315 1306 2397 poenitentiam

165 2415 182 2454 a
204 2393 341 2454 fidelibus
358 2403 474 2452 tantum
492 2390 531 2450 ad
549 2411 661 2472 pancos
680 2391 759 2468 dies,
783 2392 837 2451 sed
856 2401 889 2451 ut
906 2411 939 2451 ee
959 2392 992 2452 in
1012 2413 1046 2452 ea
1063 2393 1236 2454 meditanda
1257 2415 1305 2454 as-
1381 2433 1382 2436 =

163 2469 247 2532 sidue
264 2489 358 2551 usque
378 2469 415 2529 ad
433 2479 561 2534 mortem
587 2479 751 2528 exerceant.
787 2468 882 2546 Atqui
905 2489 1026 2530 necesse
1050 2489 1114 2530 non
1133 2481 1194 2545 est,
1227 2491 1306 2551 quo-

164 2547 239 2608 tidie
258 2567 344 2611 sacco
364 2545 464 2608 vestiri
485 2555 516 2605 et
534 2545 652 2638 aspergi
672 2545 788 2605 cinere:
816 2565 889 2627 ergo
910 2566 971 2605 non
989 2565 1108 2626 semper
1127 2545 1229 2607 locum
1244 2548 1305 2630 ha-
1381 2617 1382 2620 Ἴ

164 2625 219 2685 het
236 2624 365 2686 exterior
384 2622 438 2682 ista
458 2621 669 2702 poenitentrae·
683 2621 847 2702 professio,
864 2623 916 2682 sed
934 2643 1027 2702 quom
1044 2643 1081 2682 ex
1100 2624 1184 2704 gravi
1203 2623 1306 2704 aliqua
1381 2639 1382 2644 ’

161 2699 336 2764 delectione
360 2699 399 2760 acl
422 2697 523 2758 Deum
546 2718 579 2758 se
599 2698 736 2758 homiues
760 2709 946 2758 convertunt.
989 2701 1031 2760 Et
1055 2712 1136 2760 certe
1154 2721 1260 2762 soccus
1278 2716 1306 2763 et

162 2781 238 2840 etus
254 2777 426 2860 signarunt
444 2771 542 2836 reatus
560 2773 599 2833 ad
617 2775 833 2853 deprecandam
857 2775 930 2836 iram
948 2776 1064 2837 iudicis:
1096 2775 1165 2836 ideo
1187 2778 1225 2839 ad
1245 2779 1306 2839 ini,

162 2855 238 2915 tium
249 2849 453 2920 concursionis
471 2850 594 2932 proprie
604 2861 749 2932 spectant.
774 2851 836 2912 lam
855 2873 1037 2934 veroquum
1055 2853 1110 2912 hac
1130 2855 1306 2916 ceremonia

162 2927 310 2992 testentur
329 2929 465 2988 homines
485 2924 701 3008 displicentiam
719 2939 953 3004 aurocrorum,
981 2950 1101 2990 necesse
1120 2929 1168 2990 est
1185 2933 1304 3012 peccati

164 3007 282 3080 odium,
300 3003 440 3066 timorem
456 3003 531 3078 Dei,
556 3015 588 3062 et
606 3003 703 3064 carnis
721 3005 982 3066 mortificationem
1001 3007 1198 3088 praeoedere,
1220 3010 1303 3070 iuxta

163 3081 238 3142 illud
263 3079 354 3142 Ioilis
378 3084 428 3161 (2,
447 3081 526 3160 la),
558 3079 693 3141 scindite
718 3082 941 3158 cordavestra,
971 3081 1002 3142 et
1029 3104 1092 3144 non
1115 3085 1304 3146 vestimenta.

163 3159 307 3219 Videmus
315 3177 407 3231 nunc,
426 3179 479 3218 cur
496 3176 613 3218 saccum
632 3169 662 3217 et
679 3157 809 3219 cinerem
819 3159 1024 3240 poenitentiae
1034 3160 1199 3242 coniungat
1210 3163 1304 3223 Chri-

164 3245 240 3309 stus,
268 3233 322 3295 ubi
342 3234 416 3316 Tyri
437 3246 468 3294 ct
487 3233 608 3294 Sidonis
628 3233 663 3293 lit
680 3236 812 3310 mentio,
833 3254 959 3315 quorum
978 3237 1083 3298 incolis
1102 3235 1304 3320 Evahgeliuru
1334 3298 1338 3309 ,

135 3311 328 3392 ¹praedicari
352 3321 576 3390 conpotem,
614 3309 686 3394 quin
711 3323 877 3373 anteactam
902 3333 1005 3374 eorum
1026 3313 1117 3374 vitam
1137 3315 1303 3390 damnaret,
1381 3375 1382 3378 ,

163 3387 239 3448 nihil
249 3388 397 3448 residuum
416 3387 537 3463 faciens,
548 3389 613 3448 uisi
633 3399 667 3450 ut
685 3389 859 3470 suppliciter
897 3390 1023 3452 utendae
1041 3391 1146 3451 veniae
1164 3411 1252 3452 causa
1264 3393 1302 3453 ad

161 3464 276 3526 tristem
295 3485 414 3526 reorum
426 3463 558 3526 habitum
569 3465 777 3546 confugerent.
814 3468 861 3526 Eo
884 3487 930 3526 em
948 3466 1056 3528 referri
1075 3467 1164 3528 debet
1182 3467 1304 3530 audardi

111 3544 116 3578 ²
163 3541 298 3618 verbum,
319 3541 400 3624 quod
420 3541 543 3622 ponitur
555 3543 636 3679 apud
646 3543 771 3603 Lucam:
790 3542 937 3625 significat
951 3543 1029 3604 enim
1042 3556 1207 3624 prostratos
1218 3547 1301 3606 humi

161 3617 277 3694 iecere,
316 3618 397 3699 qnod
416 3619 528 3682 miseris
548 3639 564 3678 a
604 3618 715 3679 luctum
733 3641 818 3680 suum
835 3621 1001 3682 testandum
1020 3621 1184 3699 [couvenit‚
1212 3623 1301 3684 sicuti

163 3713 200 3756 er
218 3694 420 3777 compluribus
438 3695 656 3776 Prophetarum
675 3697 749 3758 locis
768 3707 859 3778 patet

238 3780 286 3839 23.
324 3772 368 3832 Et
384 3787 416 3831 tu
437 3772 640 3848 Cumana!
666 3774 849 3834 Nominatim
875 3768 1035 3855 compellat
1057 3774 1162 3836 urbem
1183 3773 1301 3857 Caper-

163 3869 267 3927 naum,
306 3849 339 3910 in
369 3869 426 3928 qua
454 3849 496 3909 sic
522 3849 620 3911 fuerat
645 3850 789 3924 assiduus,
826 3861 862 3910 nt
878 3851 949 3912 inde
971 3852 1128 3923 oriundum
1146 3861 1299 3933 putarent

73 3958 77 3967 ·
162 3925 246 3987 Haec
264 3945 337 3990 vero
357 3924 597 4006 incomparabilis
616 3939 680 3987 erat
704 3926 847 4010 dignitas,
877 3928 958 4007 quod
977 3927 1069 3988 Filius
1086 3929 1146 3988 Dei
1170 3949 1302 4010 reguum

162 4020 247 4062 suum
275 4001 476 4083 auspicaturus
505 4015 539 4064 et
568 4003 764 4064 sacerdotium
791 4003 848 4063 sibi
877 4025 942 4064 eam
965 4005 1067 4083 palatii
1084 4016 1115 4065 et
1138 4008 1300 4066 unmuarii

162 4077 231 4154 loco
253 4079 413 4161 delegerat.
451 4079 544 4160 Atqui
562 4079 688 4160 perinde
706 4075 815 4140 in'suis
834 4081 970 4142 sordibus
990 4082 1123 4143 demersa
1143 4095 1218 4156 erat,
1238 4083 1299 4143 acsi

162 4150 245 4214 nulla
263 4174 393 4234 unquam
412 4155 483 4216 illuc
500 4155 637 4217 stillasset
655 4157 767 4238 gratiae
787 4157 903 4220 divinae
911 4169 1013 4251 gutta:
1032 4159 1101 4219 ideo
1121 4162 1299 4240 pronuntiat

164 4229 314 4306 Christus,
334 4251 371 4292 eo
390 4233 484 4316 magis
502 4233 681 4294 horrendam
700 4233 744 4294 illi
762 4251 891 4314 poenam
909 4248 1034 4311 instare,
1055 4257 1115 4316 quo
1134 4237 1297 4297 maioribus

124 4377 129 4388 .
162 4306 222 4366 Dei
241 4305 394 4368 beneficiis
413 4320 519 4371 ornata
539 4323 610 4372 erat.
649 4311 707 4371 Hic
726 4310 809 4376 locus
819 4311 979 4396 diligenter
989 4313 1136 4374 notandus
1148 4325 1202 4389 est,
1220 4333 1295 4394 pro-
1381 4385 1382 4388 Ἴ

68 4435 70 4440 .
162 4383 346 4448 demtionem
365 4385 514 4454 donorum
531 4387 608 4470 Dei,
636 4388 707 4471 quia
724 4387 881 4474 sacrilegio
900 4388 1044 4476 implicim
1061 4399 1123 4472 est,
1142 4409 1294 4474 uunquam
