2766 4840
506 229 640 278 cumsrr
659 231 847 280 varrcrnra.
1198 225 1255 288 aot

86 367 154 426 Iam
176 387 251 427 vero
268 379 349 428 tanta
369 369 459 428 etiam*
476 369 507 430 in
523 368 699 452 longinquis
710 369 891 454 'regionibns
917 369 992 430 illius
1011 373 1191 450 reverentia,
1221 388 1255 436 ut

86 443 136 504 vix
156 445 299 525 suspicari
320 445 470 525 quisquam
492 448 623 519 auderet,
644 467 731 527 posse
750 467 878 526 unquam
898 445 1000 507 deleri.

167 528 194 584 2.
233 522 417 584 Amandus
434 521 521 583 nodis.
563 523 641 598 Quia
663 525 735 595 disci
757 523 821 584 ulos
845 523 948 602 templi
972 523 1145 606 magnitudo
1165 538 1254 606 atque

86 597 245 675 opulentia
265 604 417 678 (tanquam
437 599 533 661 velum
554 621 656 660 eorum
677 546 768 661 oculis
789 601 1062 736 oppositum),non
1081 600 1197 662 sinebat
1216 603 1253 664 fi-

85 675 158 732 dem
178 695 258 734 suam
279 675 433 736 intendere
454 677 490 736 ad
510 677 639 736 futurum
657 699 760 747 verum
781 677 805 739 C
829 677 891 738 risti
910 698 1050 757 regnum,
1082 677 1151 741 ideo
1171 679 1252 740 iure-

85 749 217 811 iurando
237 751 364 811 alfirmat
383 752 466 814 brevi
487 753 633 833 peritura,
655 775 788 834 quaecun
811 775 847 813 ue
868 754 947 833 ipsos
966 766 1129 814 morantur.
1167 755 1252 817 Haec

84 825 180 916 igitur
204 828 307 888 resinae
331 830 435 909 templi
461 829 626 912 praedictio
655 831 730 890 viam
755 776 875 890 rudibus
901 841 930 890 et
949 831 1070 891 infirmis
1089 833 1256 906 sternebat,

81 904 152 962 latsi
173 915 269 964 autem
288 904 360 966 utile
381 907 436 966 luit
453 905 596 987 templum
617 908 708 982 dirui,
733 928 771 968 ne
797 907 1071 988 Indaensjerrenis
1096 908 1264 982 elementis,

83 979 154 1060 plus
173 981 243 1040 satis
267 981 378 1061 alioqui
403 984 535 1044 addictos
560 983 590 1044 in
616 984 764 1044 umbratili
789 983 869 1045 cultu
889 995 1023 1060 teneret,
1057 985 1129 1046 haec
1148 998 1248 1046 tamen

81 1079 95 1115 s
120 1056 221 1117 ecialis
242 1058 298 1118 luit
315 1060 403 1134 ratio,
422 1062 503 1139 quod
514 1061 595 1122 Deus
605 1061 675 1119 Filii
693 1063 738 1121 sni
758 1059 914 1141 repulsam,
933 1061 1104 1142 gratiaeque
1124 1061 1160 1122 ab
1182 1063 1248 1153 ipso

82 1077 192 1194 allatae
220 1146 422 1216 contemptum
445 1136 540 1196 voluit
564 1137 702 1197 horribili
732 1149 812 1198 exem
835 1137 864 1200 lo
890 1138 922 1196 in
948 1147 1038 1228 gente
1063 1137 1112 1197 illa
1138 1137 1248 1199 ulcisci.

83 1209 191 1284 Quare
212 1211 265 1271 hac
286 1212 510 1272 denuntiatione
522 1213 679 1304 discipulos
699 1237 715 1274 a
735 1160 840 1294 populi
851 1213 970 1273 rebelbs
981 1213 1123 1274 societate
1136 1215 1247 1275 retrahi

80 1287 229 1366 oportuit.
268 1287 363 1348 Sicuti
384 1290 472 1349 hodie
493 1292 632 1370 quicquid
652 1291 688 1350 de
708 1291 812 1370 poenis
831 1290 990 1370 impiorum
1007 1290 1149 1370 praedicit
1161 1291 1247 1352 'Scri-

78 1376 181 1442 ptura,
202 1384 218 1422 a
236 1364 397 1426 sceleribus
417 1387 491 1446 quae
510 1367 581 1426 iram
594 1367 653 1427 Dei
665 1378 831 1447 provocant
842 1387 941 1427 arcere
955 1387 1010 1426 uos
1032 1365 1130 1427 dehet.
1151 1366 1246 1442 Quic-

80 1439 155 1518 quid
177 1439 264 1500 etiam
285 1441 321 1501 de
342 1444 448 1503 caduca
470 1454 500 1502 et
519 1445 641 1505 evanida
661 1443 763 1504 mnndi
783 1443 877 1526 figura
890 1443 988 1516 docet,
1007 1443 1247 1503 vanitatemsen-
1282 1460 1287 1468 “

78 1538 128 1576 sus
151 1517 245 1576 nostri
267 1519 357 1578 dehet
377 1520 537 1602 corrigere,
558 1541 633 1601 quae
653 1541 792 1600 pompam
805 1532 835 1580 et
854 1519 950 1579 lucum
971 1529 1002 1579 et
1021 1518 1139 1579 delicias
1160 1520 1245 1581 nimis

78 1592 190 1672 cupide
210 1607 347 1655 sectatur.
385 1596 562 1656 Praesertim
583 1617 655 1658 vero
683 1597 819 1676 quod„de
838 1596 994 1656 tremendo
1014 1595 1188 1656 Antichristi
1215 1609 1245 1656 et
1283 1667 1289 1676 .

76 1681 181 1729 sectae
201 1669 262 1730 eius
281 1671 402 1732 interitu
422 1675 607 1752 pronuntiat,
624 1694 756 1734 remotas
775 1694 889 1750 omues,
910 1693 984 1753 quae
1004 1693 1060 1733 nos
1079 1673 1246 1752 impediunt

79 1745 113 1805 in
134 1758 220 1807 recto
241 1747 310 1807 hdei
330 1769 425 1823 cursu,
446 1749 535 1810 dehet
554 1751 680 1810 auferre.

157 1831 186 1888 3.
224 1823 345 1884 Sedente
363 1840 457 1886 nauem
475 1849 517 1886 eo.
563 1829 678 1888 lllarcus
705 1838 832 1907 quatuor
857 1825 1006 1900 nominat,
1032 1825 1169 1901 Petrum,
1194 1826 1242 1886 Ia-

76 1899 207 1974 cobum,
236 1901 380 1962 Ioannem
408 1916 438 1963 et
456 1903 613 1964 Andream.
657 1904 725 1996 Ipse
750 1916 846 1964 autem
867 1913 897 1963 et
916 1903 1010 1961 Lucas
1029 1901 1124 1963 minus
1146 1901 1243 1982 expri-

75 1989 165 2036 munt
185 1998 271 2056 quam
286 1979 459 2040 Matthaeus.
485 1982 615 2041 'l'antum
635 2002 713 2041 emm
734 1979 907 2061 quaesivisse
927 1980 1029 2038 dicunt
1048 1979 1085 2038 de
1104 1992 1242 2060 ternpore

75 2053 183 2113 ruinae
201 2054 316 2134 templi,
335 2068 365 2116 et
384 2057 469 2136 (quia
488 2079 534 2118 res
547 2069 610 2121 erat
621 2057 747 2118 difficilis
760 2058 889 2134 creditu)
910 2055 1059 2136 quodnam
1079 2056 1141 2116 eius
1153 2077 1241 2136 prae-

75 2129 193 2212 sagium
203 2130 285 2190 Deus
306 2153 323 2192 e
343 2133 430 2193 coelo
452 2133 569 2192 daturus
589 2133 676 2193 soret
706 2136 794 2214 Apud
813 2133 995 2192 blattbaeum
1014 2152 1087 2191 vero
1107 2133 1144 2190 de
1164 2144 1240 2190 tem-

73 2227 154 2284 pore
174 2207 315 2269 adventus
335 2207 448 2269 Christi
470 2222 502 2268 et
527 2210 785 2269 consummationis
812 2208 920 2268 saeculi
945 2207 1140 2287 interrogant.
1178 2207 1241 2266 Sed

73 2283 243 2342 notandum
264 2296 321 2358 est,
354 2306 443 2364 quum
463 2297 638 2364 perpetuum
658 2284 761 2364 templi
780 2297 885 2346 statum
906 2305 922 2342 a
944 2282 1067 2362 pueritia
1089 2281 1242 2362 ifuraginni

75 2370 194 2433 essent,
219 2379 252 2417 ac
294 2380 392 2419 rorsns
411 2360 442 2418 in
463 2380 500 2419 eo
520 2359 630 2420 defixae
651 2371 748 2419 essent
767 2380 869 2430 eorum
888 2370 1011 2430 mentes,
1031 2377 1093 2416 non
1107 2369 1241 2437 putasse,

73 2445 176 2494 stante
196 2379 297 2493 mundi
317 2435 449 2514 opific10,
469 2435 609 2570 templum
629 2455 717 2515 posse
729 2434 847 2496 collabi.
867 2436 971 2512 Itaqne
985 2433 1239 2523 simulaclperitn-

72 2531 143 2570 rnm
166 2529 228 2568 esse
247 2511 388 2591 templum
408 2511 479 2572 dixit
500 2511 524 2570 C
547 2512 649 2586 ristus,
680 2512 757 2572 ultro
783 2509 840 2569 illis
865 2511 895 2571 in
915 2521 1044 2568 mentem
1063 2521 1145 2569 venrt
1164 2530 1239 2569 con-

72 2585 232 2646 summatio
259 2587 377 2647 saeculi.
424 2590 522 2668 Atque
551 2591 600 2668 (ut
625 2609 709 2648 error
734 2607 865 2648 errorem
890 2586 983 2666 parit)
1016 2585 1082 2664 quia
1108 2587 1238 2665 persuasi
1293 2653 1306 2669 -‚

73 2674 174 2737 erant,
194 2663 290 2722 statim
310 2665 346 2724 ah
368 2665 488 2725 exordio
509 2666 594 2746 regni
609 2664 719 2726 Christi
733 2663 764 2724 se
774 2665 869 2734 modis
890 2662 1025 2722 omnibns
1045 2660 1148 2721 beatos
1161 2661 1237 2738 sore,
1298 2677 1300 2684 ’

72 2739 237 2820 praeterita
255 2741 376 2817 militia,
407 2743 444 2802 ad
469 2741 646 2822 triumphurn
688 2740 802 2802 rotinus
822 2739 991 2801 convolant.
1031 2736 1141 2797 Christi
1162 2757 1246 2820 ergo¹

74 2817 235 2876 adventum
247 2829 277 2878 et
288 2819 391 2878 mundi
401 2817 489 2878 finem
502 2841 568 2878 cnm
584 2831 641 2878 tem
665 2763 686 2877 li
705 2817 858 2879 eversione
879 2815 1074 2897 coniungunt,
1094 2814 1174 2893 quasi
1188 2835 1237 2874 res

73 2893 254 2953 individuas:
283 2917 317 2956 ac
344 2896 432 2956 linem
451 2895 553 2955 mundi
571 2839 742 2976 intelligunt
760 2895 892 2954 omnium
915 2891 1173 2966 instaurationem,
1196 2909 1237 2951 ne

74 2969 148 3062 quid
182 2969 309 3032 erlectae
321 2972 436 3053 piorum
454 2971 589 3032 felicitati
604 2971 686 3032 desit.
718 2972 805 3032 Nunc
822 2971 952 3031 videmus
965 2968 1033 3030 ideo
1042 2967 1126 3030 simul
1138 2967 1236 3047 prosi-

73 3048 129 3106 lrre
138 2991 178 3106 ad
182 3047 308 3109 diversas
316 3050 513 3131 quaestiones,
521 3050 588 3130 qnia
599 3048 795 3130 hisfigmentis
807 3045 942 3128 impliciti
949 3056 1042 3119 eraut,
1048 3046 1152 3114 cadere
1158 3055 1235 3134 tem-

75 3125 157 3204 plum
164 3143 329 3205 nonposse,
337 3126 407 3206 quin
415 3138 589 3187 concuteret
600 3137 695 3184 totum
705 3124 818 3199 orbem,
833 3125 958 3184 eundem
968 3122 1078 3181 umbris
1089 3119 1234 3212 legalibus
1278 3137 1283 3142 ·

74 3200 405 3282 linemlore,quemt0ti
417 3203 542 3264 mundo:
555 3203 698 3263 continuo
728 3195 1234 3280 ostillustrandamessereganhrr-

73 3279 110 3337 sti
128 3276 265 3357 gloriam,
279 3299 353 3358 qnae
365 3279 441 3340 filios
454 3280 512 3340 Dei
527 3279 558 3338 in
574 3277 699 3338 solidum
706 3223 829 3338 bearet:
846 3277 955 3336 instare
970 3275 1115 3336 visibilem
1132 3272 1233 3332 muudi

73 3354 310 3431 renovationem,
323 3375 397 3434 qnae
404 3377 451 3416 res
458 3355 751 3416 confusasmonientn
762 3354 793 3414 in
806 3352 939 3415 ordinem
945 3351 1121 3412 restituerets
1140 3349 1234 3408 Prae-

73 3431 175 3490 sertim
196 3444 293 3492 autem
312 3451 378 3511 spes
398 3433 435 3492 de
455 3432 603 3512 praesenti
620 3431 732 3490 Christi
750 3451 846 3512 regno
866 3429 953 3490 stulte
972 3437 1159 3508 praesumpta
1179 3445 1232 3502 eos

73 3504 212 3588 impellit,
231 3519 264 3568 nt
283 3521 472 3588 praepostere
492 3510 530 3572 ad
548 3507 664 3567 beatam
685 3507 811 3586 quietem
822 3507 972 3567 festinent
997 3504 1081 3564 Sicut
1096 3515 1127 3562 et
1136 3495 1231 3560 dcto-

75 3605 140 3644 rum
156 3583 252 3664 capite
268 3595 298 3659 1,
313 3591 352 3656 6.,
372 3585 439 3643 dum
452 3584 601 3645 Christum
615 3583 718 3645 rident
736 3604 753 3644 a
771 3583 894 3643 mortuis
912 3580 1111 3660 resurrexisse,
1130 3577 1166 3668 ad
1186 3574 1231 3665 fe-

74 3659 226 3735 licitatem,
247 3660 370 3741 quaein
392 3661 479 3721 coelo
499 3661 586 3720 nobis
605 3659 735 3742 reposita
755 3658 808 3736 e'st,
828 3657 865 3720 ad
885 3680 972 3738 quam
985 3675 1037 3737 spe
1048 3666 1078 3714 et
1088 3662 1231 3744 patientia

73 3757 129 3797 nos
149 3738 278 3819 aspirare
299 3737 454 3810 convenit,
483 3737 658 3818 praccipites
678 3736 821 3798 feruntur.
861 3737 933 3802 ,Etsi
953 3745 1049 3794 autern
1069 3732 1167 3820 dispar
1186 3737 1231 3790 est

73 3826 175 3874 nostra
195 3814 282 3890 ratio,
302 3813 369 3904 quia
389 3813 420 3872 in
440 3813 528 3896 Legis
547 3813 656 3873 umbris
676 3832 738 3872 non
758 3831 854 3873 sumus
866 3811 992 3884 educati,
1007 3818 1047 3866 ut
1061 3826 1117 3865 nos
1129 3803 1178 3863 rlla
1191 3804 1229 3864 de

72 3901 194 3950 terreno
208 3889 318 3951 Christi
336 3910 431 3982 regno
451 3891 620 3970 superstitio
639 3889 775 3964 infatuet,
793 3890 840 3948 vix
856 3901 952 3947 tamen
965 3881 1138 3946 centesimus
1150 3880 1230 3960 quis-

75 3987 133 4045 que
152 3967 310 4046 reperitur,
330 3989 380 4048 qur
400 3987 463 4025 nou
482 3967 569 4026 simili
589 3967 651 4026 lere
670 3964 913 4026 laboretmorbo.
938 3963 1012 4022 Nam
1027 3979 1116 4038 quum
1127 3976 1229 4017 omues
1283 4035 1307 4054 .
1374 3957 1375 4030 ζ

75 4061 90 4100 a
111 4041 270 4120 molestiis,
289 4041 506 4117 certaminibus,
527 4029 666 4122 omniqire
686 4043 779 4103 crucis
798 4041 897 4120 specie
916 4050 1019 4098 natura
1039 4033 1229 4124 abhorreant,

75 4132 162 4201 anget
180 4119 282 4180 harum
301 4141 400 4179 rerum
419 4119 562 4193 taedium,
581 4130 614 4178 ut
632 4117 695 4178 sine
714 4115 935 4188 moderatione,
953 4116 1016 4174 siue
1036 4131 1088 4192 spe
1109 4110 1144 4170 ad
1164 4131 1228 4245 sper

74 4195 200 4256 fructum
220 4197 422 4276 intempestive
442 4205 614 4276 properent.
653 4196 699 4254 Ita
724 4195 758 4253 fit
783 4205 815 4251 nt
834 4203 994 4251 sementem
1015 4189 1111 4248 lacere
1133 4209 1170 4245 nn
1196 4207 1228 4246 ns

75 4273 160 4347 velit,
186 4284 298 4333 metere
318 4291 420 4332 omues
441 4282 509 4330 ante
530 4283 643 4362 tempus
663 4271 765 4332 velint.
804 4264 848 4327 Ut
866 4269 902 4338 ad
922 4263 1080 4356 discipulos
1100 4265 1230 4335 redeam,

76 4346 185 4410 honum
206 4350 323 4428 quidem
344 4349 412 4410 lidci
431 4369 532 4412 semen
553 4347 655 4410 animis
666 4357 877 4434 conceperant,
895 4345 947 4407 sed
959 4351 1154 4406 malturtatem
1167 4359 1229 4401 non
