2764 4846
458 253 549 314 ANN.
572 252 741 314 ltIDLXIV.
1097 267 1155 314 m

56 407 165 480 libebat,
193 425 294 488 agens
319 405 356 466 de
382 403 505 464 fratrum
530 406 757 478 calamitatibus,
786 405 892 484 quibus
916 415 1019 466 noctes
1039 428 1072 472 ac
1092 406 1154 470 dies

55 485 118 564 sagis
136 484 219 544 etiam
241 503 336 572 quain
360 481 418 542 suis
443 481 508 541 ollis
532 482 613 543 malis
638 481 830 542 alliciebatur.
853 481 1104 572 ‘Admonentibus
1125 495 1156 544 et

55 560 235 620 obtestantibus
257 559 367 633 nobis,
393 570 426 616 ut
444 558 546 618 saltem
566 570 702 641 aegrotus
722 559 758 618 ab
780 579 861 618 omni
881 559 1010 618 dictandi
1031 570 1081 618 aut
1098 561 1155 620 sal-

55 651 93 696 teu
107 636 248 696 scribendi
268 633 574 725 labore-abstineret,
606 635 710 725 „Quid
730 656 819 726 ergo,
839 635 1051 726 inquiebat,
1070 635 1155 697 vultis

54 715 238 773 mentiosum
260 731 277 770 a
299 711 436 774 Domino
463 712 686 791 deprehendi?“
724 712 784 770 Die
809 713 907 770 Illartii
926 712 979 784 x.‚
1009 733 1098 790 quum
1124 723 1156 772 ut

54 811 114 868 nepe
131 809 379 850 consueveramus
400 788 435 846 ad
457 808 522 846 euin
542 809 599 847 una
610 789 798 863 venissemus,
817 788 1062 870 deprehendimus
1074 789 1156 848 illum
1262 803 1267 816 '

55 868 170 940 inuium,
190 879 222 926 et
240 886 315 926 suae
335 862 488 924 mensulae
509 865 544 924 ad
565 887 651 943 quam
669 866 798 927 scribere
818 877 868 924 aut
886 865 1020 924 meditari
1039 853 1157 926 solebat

55 943 208 1016 asianum,
229 941 314 1002 unde
335 941 503 1020 conspectis
522 941 624 1016 nobis,
642 955 796 1022 postquam
817 941 984 1022 aliquandiu
1004 942 1103 1003 sronte
1124 943 1156 1002 in

55 1019 142 1080 alteiam
159 1039 300 1092 manum,
330 1029 364 1076 ut
388 1017 532 1078 meditans
558 1030 764 1092 consueverat,
788 1019 931 1078 'inclinato
951 1020 1156 1098 conticuisset,

55 1097 139 1156 uadem
162 1116 238 1156 soce
265 1095 394 1156 subinde
423 1093 602 1176 interrupta,
632 1097 684 1156 sed
704 1094 813 1159 blando
842 1107 873 1155 et
890 1096 1044 1158 renidente
1063 1096 1157 1173 vultu,

56 1175 96 1240 ,ii
111 1193 177 1254 ign,
194 1172 341 1250 iuquit,
359 1171 458 1244 vobis,
478 1172 614 1232 carissimi
633 1172 752 1247 iratres,
775 1193 895 1256 magnas
913 1161 1021 1254 gralias
1041 1194 1098 1255 ago
1120 1173 1156 1234 dc

55 1263 139 1309 ‚sesua
162 1269 215 1328 pro
242 1269 293 1308 uie
322 1247 539 1320 sollicitudine,
572 1261 603 1308 et
626 1269 713 1327 spero
736 1270 784 1308 ,me
811 1249 887 1308 intra
907 1247 1074 1328 quindecim
1095 1249 1156 1310 dies
1221 1248 1236 1256 “

55 1326 94 1400 ,lis
109 1337 195 1384 autem
215 1345 339 1384 morum
360 1325 492 1384 censuris
512 1325 548 1384 de
569 1345 652 1386 more
674 1325 833 1385 destinatus
845 1329 922 1398 erat)
940 1320 1038 1386 vestro
1059 1325 1158 1386 coetiii

56 1414 220 1478 ,postremum
239 1401 466 1463 interfuturum.
504 1403 582 1461 Tum
603 1401 682 1460 enim
694 1401 803 1480 opinor
813 1401 975 1460 Dominum
995 1401 1158 1489 patefactu-

56 1499 128 1551 μω,
155 1479 285 1557 quidde
306 1499 354 1537 me
374 1478 525 1551 statuerit,
555 1489 586 1538 et
604 1477 669 1538 lore
689 1488 723 1536 ut
740 1498 789 1536 me
809 1478 845 1538 ad
865 1497 896 1536 se
916 1477 1067 1556 recipiat“
1105 1479 1158 1537 In-

57 1553 130 1612 trrluit
144 1555 231 1636 igitur
252 1556 402 1630 censuris,
421 1563 455 1612 ut
473 1567 542 1614 ante
557 1565 760 1628 consueverat,
780 1554 910 1614 eiusdem
921 1552 1027 1612 mensis
1038 1551 1159 1629 ΠΝ,

57 1629 121 1708 iisque
139 1631 255 1709 pacifice
276 1631 408 1712 peractis
433 1631 541 1692 sentire
566 1653 598 1692 se
618 1631 704 1706 dixit,
732 1630 872 1691 nonuibil
898 1628 1046 1690 dilationis
1065 1629 1122 1688 sibi
1141 1651 1158 1691 a

57 1703 155 1766 bonius
173 1727 364 1770 concessum:
386 1728 455 1770 acce
477 1720 569 1787 toque
588 1709 619 1767 in
639 1729 740 1768 manus
760 1728 841 1768 novo
859 1707 1051 1766 Testamenta
1072 1705 1158 1790 galli-

58 1803 90 1870 qo,
100 1785 229 1918 predam
251 1783 344 1846 uobis
364 1785 396 1844 iii
416 1731 554 1845 subiectis
573 1783 813 1846 annotationibus
833 1784 907 1867 legit
917 1783 1050 1864 ipsemet,
1069 1795 1101 1843 et
1121 1784 1157 1844 de

57 1880 79 1916 us
110 1873 189 1920 ratres
214 1862 385 1934 consuluit,
426 1863 505 1941 quod
531 1883 578 1922 eas
609 1881 667 1939 quo
690 1881 727 1922 ue
753 1859 948 1921 emendandas
977 1879 1060 1919 susce
1082 1861 1158 1920 isset.

57 1932 171 1998 Postridie
188 1939 274 2016 peius
296 1938 403 1999 babuit
422 1936 503 2018 quasi
543 1938 656 1998 ridiano
670 1883 777 1999 iabore
790 1938 935 2019 fatigatus.
948 1937 1047 1996 XXVI
1067 1957 1157 1998 .vero

58 2011 178 2074 adcurim
196 2013 278 2076 fores
301 2015 427 2090 delatus,
446 1961 570 2095 pedibus
591 2014 620 2074 in
641 2014 818 2074 senatoriam
837 2034 930 2093 usque
948 2013 1044 2074 aulam
1065 2014 1158 2074 conii-

57 2085 112 2148 tibus
133 2089 242 2150 duobus
267 2091 387 2152 innixus
412 2087 557 2166 ascepdit,
587 2091 688 2170 ibique
717 2111 797 2151 novo
821 2102 938 2151 r'ectore
962 2088 1081 2150 subolae
1103 2091 1159 2150 Se-

59 2163 116 2222 natui
132 2166 244 2243 oblato,
276 2180 385 2250 aperto
410 2168 506 2248 capite
532 2167 639 2249 gratias
664 2168 726 2248 egit
771 2189 805 2228 ro
831 2166 957 2246 acceptis
977 2177 1044 2226 ante
1064 2167 1159 2227 bene.

58 2237 122 2312 ficiis,
147 2263 177 2302 ae
202 2245 383 2306 nominatim
410 2245 494 2334 quod
514 2244 544 2304 iii
570 2245 628 2304 boc
650 2265 703 2304 suo
729 2189 833 2303 uItimo
858 2242 964 2303 inorbo
984 2253 1095 2302 tantam
1114 2241 1159 2304 sui

59 2317 170 2378 rationem
187 2320 317 2384 Senatus
344 2321 502 2382 babuisset.
539 2321 635 2400 „Nam
658 2321 772 2392 sentio,
803 2321 839 2379 in
873 2319 944 2394 uit,
970 2339 1017 2379 nie
1042 2326 1159 2400 postie-

59 2413 131 2460 ,uun
153 2396 182 2454 iii
208 2397 287 2460 bunc
316 2399 417 2458 locum
442 2397 586 2460 uenisse.“
633 2397 719 2471 Quae
743 2397 788 2456 vix
814 2341 969 2458 debriente
990 2416 1064 2456 voce
1085 2396 1160 2456 ella-

59 2477 89 2526 tus
112 2473 221 2533 moestis
252 2497 287 2536 ac
320 2473 540 2534 lacrimantibus
569 2472 634 2534 vale
666 2473 744 2532 dixit.
791 2473 928 2533 Secunda
960 2471 1007 2532 die
1038 2473 1160 2550 Aprilis,

61 2545 171 2630 pridies
196 2563 260 2610 erat
288 2551 438 2624 Pascbae,
477 2550 607 2630 quamvis
631 2547 784 2638 prostratis
807 2547 917 2606 viribus
941 2555 1039 2606 tamen
1059 2546 1161 2608 sellula

61 2640 81 2676 u
99 2626 223 2704 templum
249 2628 367 2690 delatus
392 2626 447 2686 toti
472 2625 612 2686 concioni
637 2618 787 2695 interluit,
819 2623 953 2684 Coenam
972 2621 1095 2680 Domini
1127 2643 1162 2682 ex

61 2715 106 2756 nea
118 2721 197 2762 mauu
214 2705 346 2796 accepit,
367 2723 464 2782 eoque
484 2701 724 2782 pultuibymnum
745 2719 811 2760 cum
831 2698 893 2758 aliis
914 2717 1080 2776 quanquam
1098 2709 1160 2758 tre-

59 2774 114 2834 mula
135 2799 200 2838 uoce
227 2780 355 2852 cecinit,
393 2790 510 2840 utnon
536 2778 661 2838 obscura
685 2763 815 2836 laetitia}
840 2775 922 2856 signa
941 2774 972 2841 in
992 2773 1163 2836 moribundi

60 2849 118 2910 vultu
133 2855 287 2919 elucerent.
328 2856 423 2916 XXV.
441 2855 551 2946 Aprilis
571 2856 792 2918 Testamentum
811 2853 936 2914 totidem
955 2851 1034 2912 bisce
1053 2851 1163 2928 verbis,

61 2925 96 2986 ud
110 2930 202 3011 gallice
221 2933 342 2998 dictatis
363 2931 503 2994 condidit.

708 3179 720 3228 t

105 3301 332 3382 ioannis
378 3301 615 3390 cinviui
657 3283 1165 3378 uesraiiusiuuii'.

119 3547 155 3606 IN
173 3551 336 3612 NOMINE
357 3551 521 3626 DOMINI,
540 3551 665 3612 AMEN.
704 3551 794 3611 Anno
813 3547 983 3609 MDLXIV.
996 3547 1042 3608 die
1054 3547 1172 3628 Aprilis·

64 3615 131 3680 XXV·
165 3627 349 3710 ligoPetriis
364 3627 553 3702 Cbenelatus‚
573 3629 643 3692 ciris
665 3637 696 3687 et
713 3626 846 3688 notarius
857 3625 1041 3686 Genevensis
1072 3625 1175 3683 testor:

65 3712 92 3782 ²⁶·
102 3703 245 3786 profiteor,
271 3726 320 3766 me
342 3717 493 3766 evocatum
513 3705 600 3764 luisse
621 3725 636 3764 a
656 3715 788 3783 spectato
808 3703 876 3763 viro
894 3703 1007 3762 Ioanne
1027 3666 1166 3789 (inlyino,
1189 3701 1198 3714 ’

63 3787 169 3862 mluutro
187 3783 269 3870 uerbi
290 3783 352 3872 Dei
371 3781 401 3840 iii
422 3782 476 3842 bac
497 3780 825 3872 ecclesiauGeuevensi,
845 3790 876 3839 et
894 3779 1022 3839 eiusdem
1043 3785 1165 3865 civitatis

66 3863 337 3999 Nllitt'tilt
352 3856 1198 4008 ‘ittitttsslttltlitltl‘{attilit‘it‘tlllbz'-

67 3999 195 4067 voluntatis
213 4011 353 4072 iudicium
373 4031 537 4091 exponere,
565 4031 580 4070 a
600 4031 706 4100 meque
727 4011 829 4088 petiit,
848 4019 882 4066 ut
901 4006 972 4066 illud
993 4005 1166 4142 exciperem,

70 4081 246 4178 tlutiliogua
267 4099 504 4167 nuncuparetur
525 4088 648 4148 dictaret
667 4099 706 4146 ita
728 4083 962 4158 conscriberem,
991 4102 1050 4162 quo
1092 4103 1165 4143 coii-

69 4147 254 4236 spaniensis
280 4183 329 4224 ine
353 4165 513 4244 profiteor,
551 4174 638 4244 atque
664 4163 856 4235 adverbum,
895 4171 929 4218 ut
946 4179 1116 4238 nuncupare
1137 4167 1167 4217 et

70 4223 153 4312 lutare
171 4239 274 4314 voluit,
296 4241 503 4332 conscripisse,
529 4261 625 4320 neque
647 4241 713 4321 quic
736 4261 801 4299 uam
822 4239 858 4298 ad
878 4236 954 4297 illius
974 4235 1065 4296 verba
1085 4233 1165 4294 adie-

72 4321 127 4452 ζῆθι
141 4313 180 4374 rel
198 4317 233 4376 de
250 4317 287 4378 iis
307 4317 474 4394 detraxisse,
492 4317 543 4379 sed
563 4317 638 4378 banc
658 4315 695 4378 ab
714 4317 723 4376 i
748 4335 768 4378 o
789 4315 924 4376 dictatam
942 4311 1100 4374 formulam
1119 4330 1165 4372 se·

88 4399 170 4448 uuum
188 4412 257 4454 esse.
284 4447 296 4456 .
