2790 4838
83 217 85 226 ’
182 269 247 338 w
603 197 776 316 'sueno
796 223 923 312 v111.'x
966 299 969 306 ,

159 403 163 426 ¹
191 417 321 499 asperius
350 412 493 476 tractarit.
550 411 625 471 Nam
654 415 723 468 ante
754 405 1000 466 resurrectionem
1029 411 1186 484 praesente
1213 421 1332 484 moneo

190 495 274 574 quasi
300 492 471 572 nuptialiter
496 487 586 548 habiti
607 487 737 546 iuuerunt:
768 496 923 572 postquam
943 493 1040 540 autem
1059 479 1096 538 ab
1117 479 1175 538 iilis
1196 480 1333 541 discessit

192 593 330 652 sponsus,
360 567 481 628 cessavit
501 563 549 626 illu
570 561 752 643 indulgentia
773 571 802 629 et
821 559 959 619 mollities
968 575 979 632 ,⁸
1002 577 1036 616 ac
1056 569 1114 616 tam
1135 569 1249 616 austera
1272 555 1334 616 luit

192 669 293 708 eorum
314 645 456 718 conditio,
475 654 508 708 ut
526 655 596 702 tnnc
616 640 769 712 sentirent,
789 657 850 696 non
871 637 977 698 irustra
997 655 1027 694 se
1048 633 1093 692 his
1113 633 1199 692 armis
1212 645 1332 692 mature

192 723 278 783 fuisse
300 722 465 780 instructos.
503 717 585 776 Fieri
606 716 693 776 etiarn
715 726 822 794 potest,
842 725 874 772 ut
893 729 1045 772 sermones
1066 709 1186 770 diversis
1207 723 1331 790 tempo-

191 801 270 858 ribus
297 795 413 854 habitos
439 796 470 854 in
495 815 585 856 unum
610 794 709 853 locum
735 791 896 850 Matthaeus
920 787 1089 849 contulerit.
1134 787 1210 846 Nam
1231 787 1331 845 Lucas
1384 819 1385 824 κ

192 875 207 950 (
212 885 243 932 ut
264 885 365 954 postea
384 871 568 947 videbimus)
588 871 689 930 eadem
709 880 809 947 septua
833 868 893 926 inta
913 863 1077 944 discipulis,
1101 863 1153 944 qui
1172 863 1331 944 Apostolis

190 949 342 1028 subrogati
362 960 446 1023 sunt,
475 948 551 1007 dieta
572 945 661 1006 luisse
679 937 780 1006 relect.
856 965 892 1004 oc
913 942 1031 1022 quidem
1051 953 1130 1000 extra
1150 953 1330 1000 controver-

108 1067 110 1074 ι
191 1025 260 1083 siam
282 1037 336 1098 est,
354 1025 398 1084 his
417 1023 515 1106 verbis
534 1043 596 1084 uon
617 1023 705 1082 luisse
726 1021 904 1102 praedictum
924 1039 1088 1081 successum
1100 1016 1224 1090 itineris,
1244 1017 1330 1098 quod

190 1102 247 1160 iarn
267 1101 520 1182 ingrediebantur,
539 1101 591 1160 sed
611 1097 647 1160 de
667 1095 939 1177 toto'dpostolatus
959 1095 1004 1156 sui
1024 1113 1110 1154 cursu
1130 1093 1219 1154 luisse
1238 1114 1329 1172 prae-

188 1178 327 1238 munitos.
424 1188 430 1196 “

264 1255 368 1314 hlatth.
388 1259 435 1320 16.
469 1251 546 1313 Boeo
563 1273 616 1328 ego
634 1255 750 1322 entittos
768 1251 918 1326 Quorsum
937 1250 1009 1310 hacc
1029 1249 1132 1308 tendat
1150 1247 1332 1320 admonitio,

151 1355 156 1360 ·
211 1351 264 1390 uae
289 1351 356 1392 mox
381 1329 514 1411 sequitur
540 1330 705 1390 exhortatio
731 1327 971 1388 clarerustendit.
1021 1326 1126 1404 ltaque
1151 1326 1194 1384 sic
1219 1323 1330 1384 resolvi
1386 1385 1387 1388 Ἴ

178 1351 280 1468 ¹dehet
305 1419 473 1482 contextus,
503 1407 665 1466 Prudentia
691 1416 721 1466 ct
744 1405 930 1496 simplicitate
954 1401 1039 1464 vohis
1064 1423 1139 1482 opus
1165 1413 1226 1474 cst,
1257 1402 1331 1480 quia

189 1484 271 1544 eritis
296 1485 375 1544 velut
400 1490 469 1546 cies
495 1483 575 1544 inter
592 1483 696 1573 lupos.
740 1482 827 1542 Ratio
852 1494 949 1540 autem
973 1501 990 1540 a
1016 1478 1191 1538 necessitate
1209 1491 1329 1559 sumpta
1386 1505 1387 1508 ¹

189 1573 249 1632 cst,
276 1561 343 1640 quia
363 1560 419 1621 uisi
438 1561 599 1640 prudenter
617 1559 674 1620 srbi
694 1570 847 1632 caverent,
871 1578 938 1616 mox
958 1567 1080 1647 possent
1100 1577 1116 1614 a
1136 1555 1214 1646 lupis
1233 1555 1329 1616 dero·

189 1637 263 1696 rari:
285 1637 309 1698 si
329 1649 425 1696 autern
447 1647 675 1714 expavescerent
693 1637 729 1694 ad
750 1637 885 1713 luporum
905 1633 1034 1706 rabiem,
1065 1633 1112 1693 vel
1131 1653 1228 1692 manus
1248 1633 1331 1692 cauti

188 1723 300 1785 essent,
335 1711 459 1772 subinde
489 1711 667 1784 titubarent,
697 1713 875 1789 tandemque
905 1709 1066 1769 deficerent
1091 1729 1106 1772 a
1133 1729 1188 1768 suo
1214 1708 1328 1770 officio.

188 1789 293 1848 Priore
314 1787 382 1847 loco
403 1799 573 1861 tractemus,
606 1788 677 1866 quid
696 1787 753 1847 sibi
773 1787 829 1846 hoc
850 1786 935 1860 velit,
969 1787 1050 1865 quod
1069 1787 1223 1869 mittantur
1242 1787 1327 1876 quasi

186 1887 251 1925 oues
269 1868 344 1922 iuter·
361 1863 453 1952 lupos.
486 1863 679 1942 Quantumvis
699 1863 831 1922 crudeles
851 1883 885 1922 ac
904 1863 1085 1944 sanguinarii
1103 1865 1163 1920 sint
1179 1862 1328 1938 homiues,
1388 1919 1389 1926 ,

187 1951 287 2020 posset
307 1941 452 1998 Dominus
473 1961 575 2001 eorum
596 1941 738 2000 ferociam
757 1941 909 2021 mitigare,
922 1941 986 2018 „qui
1005 1939 1185 2000 truculentas
1206 1939 1328 2015 bestias,

78 2077 89 2086 ,
207 2016 303 2076 unties
329 2016 369 2084 ita
394 2017 487 2076 visum
512 2029 570 2091 cst,
602 2017 713 2078 cicurat
737 2039 770 2077 ac
796 2029 960 2076 mansuetas
986 2016 1091 2076 reddit.
1136 2015 1232 2090 Quod
1251 2038 1327 2098 ergo

186 2039 300 2154 honam
327 2092 479 2154 hominum
506 2107 618 2175 partem
643 2115 704 2154 non
730 2095 830 2153 domat
850 2095 880 2152 in
901 2091 1055 2174 Evangelii
1074 2093 1118 2153 sru'
1139 2093 1328 2172 obsequium,

185 2170 236 2229 sed
255 2187 308 2230 eos
327 2170 469 2249 relinquit
488 2169 519 2230 in
540 2171 655 2232 ienitate
675 2170 720 2230 sui
740 2168 865 2253 ingenii,
885 2170 1021 2230 consulto
1044 2168 1100 2230 hoc
1112 2169 1191 2243 iacit,
1211 2182 1326 2231 utsuos

183 2247 333 2305 ministros
362 2259 518 2308 exerceat·
563 2247 741 2327 Quanquam
772 2259 871 2306 autem
900 2247 962 2326 lupi
986 2258 1054 2306 suut
1078 2265 1182 2308 omrres
1208 2260 1326 2323 natura,

185 2344 377 2404 quoscunque
401 2325 483 2384 Deus
510 2323 624 2404 Spiritu
649 2324 878 2386 marrsrretudinis
903 2345 977 2384 nou·
993 2336 1165 2406 regenerat,
1201 2325 1326 2384 maxime

184 2409 284 2458 tamen
305 2399 430 2461 furiosus
451 2401 606 2484 Evangelii
625 2401 725 2464 hostes
747 2401 879 2462 Christus
899 2399 1049 2482 designat,
1079 2401 1129 2480 qui
1149 2399 1250 2466 andita
1271 2423 1326 2482 pa-

184 2477 270 2536 storis
289 2497 363 2536 voce
384 2479 459 2538 adeo
480 2499 542 2538 non
561 2489 782 2554 mansuescunt,
806 2490 839 2536 ut
858 2478 888 2536 in
908 2480 1051 2537 maiorem
1070 2477 1220 2537 saevitiam
1241 2499 1326 2538 exar-

184 2553 281 2614 deant.
315 2555 377 2614 llac
398 2576 471 2636 ergo
493 2555 559 2638 lege
579 2555 662 2616 verbi
681 2555 726 2614 sui
745 2553 895 2614 ministros
914 2553 1061 2614 Dominus
1082 2553 1182 2628 mittit,
1203 2568 1237 2614 ut
1256 2576 1325 2614 ver-

182 2642 284 2693 sentur
304 2631 333 2690 iu
354 2632 452 2693 medio
474 2633 625 2710 luporum:
647 2632 704 2692 hoc
725 2643 779 2706 est,
799 2644 832 2692 nt
850 2631 1109 2692 multosshabeant
1127 2631 1184 2692 sibi
1197 2632 1325 2692 infestos

64 2715 67 2726 '
156 2715 161 2728 '
181 2705 296 2781 hostes,
318 2719 348 2766 et
366 2707 461 2766 multis
482 2707 614 2787 nudique
632 2708 769 2790 periculis
790 2708 902 2768 obsessi
922 2707 1000 2768 inter
1020 2707 1170 2767 obstacula
1192 2707 1322 2770 difficul-

180 2793 227 2841 ter
246 2803 368 2844 munere
387 2805 440 2846 suu
463 2783 632 2866 iungantur.
671 2786 712 2844 Et
731 2805 790 2864 quo
811 2783 908 2843 acrior
927 2786 965 2844 sit
1005 2779 1136 2858 robatio,
1155 2803 1219 2843 non
1242 2805 1322 2844 arma

180 2859 365 2936 suppeditat,
397 2859 502 2948 quibus
522 2881 553 2920 se
574 2860 721 2920 violenter
741 2859 918 2934 defendant,
949 2805 1002 2922 sed
1022 2862 1148 2922 inermes
1169 2862 1322 2926 anundus

181 2933 317 3066 luporum
339 2933 476 2994 dentibus
496 2937 625 3014 exponit
663 2937 738 2996 Nam
759 2937 839 3016 quod
860 2937 964 3000 ovibus
985 2959 1036 2998 cos
1056 2949 1225 3028 comparat,
1257 2959 1323 2998 nou

180 3029 211 3068 re
228 3021 310 3069 crtur
328 3012 364 3070 ad
384 3032 482 3070 mores
502 3012 632 3102 placidos
653 3034 686 3072 ac
706 3013 806 3088 mites,
834 3013 885 3074 vel
902 3015 937 3074 ad
958 3014 1046 3074 animi
1068 3015 1238 3086 leuitatem,
1269 3016 1323 3074 sed

178 3097 291 3143 tanturn
317 3086 463 3168 significat
490 3089 582 3147 nubilo
603 3087 787 3150 robustiores
808 3089 889 3164 iore,
918 3091 964 3151 vel
985 3091 1076 3173 magis
1097 3113 1182 3172 pares
1204 3092 1241 3152 ad
1262 3092 1323 3152 vim

178 3159 305 3220 hostium
324 3185 357 3222 re
381 3163 536 3240 ellendam,
557 3187 643 3246 quam
663 3165 721 3227 siut
741 3183 810 3227 oves
831 3179 935 3229 contra
952 3168 1089 3249 luporum
1103 3168 1226 3229 rabiem.
1257 3169 1321 3228 lle-

178 3237 270 3316 quirit
296 3185 413 3330 quidem
439 3241 526 3300 etiam
551 3243 642 3302 uviles
668 3243 781 3303 animos
807 3263 822 3302 a
848 3243 906 3305 suis
931 3244 1080 3324 discipulis
1102 3245 1254 3319 Christus,
1286 3257 1323 3304 ut

177 3312 334 3375 tolerantia
355 3327 469 3376 certent
488 3331 591 3386 contra
612 3319 817 3402 improborum
836 3321 992 3395 malitiam,
1012 3334 1043 3381 et
1061 3321 1181 3382 iniurias
1225 3321 1321 3382 lacide

176 3390 332 3480 excipiant,
350 3415 452 3453 verum
473 3393 557 3460 innius
578 3395 638 3456 loci
656 3397 778 3476 simplex
798 3409 842 3458 est
860 3419 971 3474 sensus,
991 3397 1071 3476 quod
1087 3345 1242 3478 Apostolis
1262 3415 1319 3474 pa-

176 3479 233 3526 ratr
257 3468 317 3528 sint
340 3469 424 3530 multi
450 3470 548 3532 hostes
574 3485 712 3552 potentes
739 3493 773 3533 ac
799 3474 894 3552 saevi,
928 3496 1017 3554 quum
1036 3487 1136 3536 tamen
1156 3473 1212 3550 ipsi
1231 3470 1318 3532 nulio

176 3544 325 3622 praesidio
350 3547 454 3607 rrruuiti
481 3548 549 3608 sint.
594 3549 627 3610 Si
648 3550 711 3630 quis
732 3550 874 3632 excipiat,
906 3552 963 3611 hoc
983 3553 1074 3612 modo
1096 3567 1156 3612 uon
1178 3560 1320 3608 constare

175 3621 335 3681 antithesin
362 3623 440 3684 inter
464 3644 533 3684 oves
561 3640 591 3685 et
616 3627 716 3706 lupus,
746 3627 779 3685 in
803 3649 888 3708 prom
913 3639 944 3687 tu
971 3640 1015 3690 est
1039 3623 1206 3704 responsio.
1251 3625 1319 3685 Etsi

174 3696 252 3756 enirn
263 3697 421 3774 Dominus,
439 3701 594 3784 Evangelii
615 3704 713 3764 hostes
733 3705 868 3766 vocando
890 3651 985 3784 lispos,
1005 3701 1134 3762 nocendi
1147 3702 1319 3782 potentiam

174 3773 265 3855 magis
286 3797 372 3867 quam
393 3775 546 3838 libidinem
567 3780 721 3860 expressit,
752 3780 937 3860 quia·tamen
958 3799 1046 3840 nemo
1068 3779 1153 3858 lupus
1174 3779 1317 3862 agnosci-

172 3859 231 3923 tur,
250 3851 304 3915 nisr
326 3865 430 3913 contra
442 3855 523 3914 Evan
549 3857 637 3916 elium
658 3857 794 3932 insaniat,
813 3857 882 3918 ideo
898 3859 970 3918 haec
982 3857 1040 3918 duo
1053 3855 1138 3915 simul
1152 3856 1319 3928 coniunxit,

174 3927 254 4002 quod
273 3926 310 4019 ud
329 3930 502 4014 sanguinem
522 3877 714 3993 hauriendum
735 3935 845 3996 crudeli
865 3936 976 4016 impetu
997 3933 1144 4004 serantur,
1178 3942 1209 3991 et
1228 3932 1318 3992 simul

161 4000 252 4078 ,quud
278 4005 387 4083 utribus
413 4008 538 4086 praediti
565 4010 631 4069 sint.
676 4009 776 4082 Estote
800 4015 891 4088 igitur·
911 4009 1077 4088 prudentes.
1118 4007 1240 4068 Summa
1262 4021 1318 4082 est,

118 4083 121 4098 '
171 4075 354 4153 prudentiam
376 4083 406 4162 in
428 4085 559 4144 cavendo
580 4087 621 4145 sic
641 4089 862 4166 temperandam
883 4109 955 4160 esse,
975 4108 1013 4148 ue
1032 4085 1127 4146 timidi
1147 4086 1315 4166 plusquam

171 4163 302 4242 oportet·
317 4159 493 4243 reddantur,
524 4183 557 4221 ac
582 4163 640 4222 sint
665 4165 701 4221 ad
727 4163 855 4224 officium
875 4165 1029 4242 tardiores.
1068 4163 1211 4222 Videmus
1232 4163 1314 4221 cuim

171 4247 233 4301 eos,
253 4247 303 4305 qur
323 4237 526 4313 circumspecti
545 4249 576 4297 et
618 4239 711 4298 rovidi
732 4239 833 4300 haberi
854 4241 971 4314 volunt,
992 4235 1199 4320 utplurimum
1216 4241 1312 4298 rueti-

170 4302 286 4393 culosos
305 4325 339 4366 ac
358 4329 464 4398 segpes
485 4333 555 4372 esse.
595 4261 764 4394 Discipulos
786 4317 903 4398 quidem
926 4315 1047 4392 Christi,
1068 4335 1157 4396 quum
1179 4317 1314 4396 undique

142 4464 147 4473 ,
169 4393 338 4442 rmmmeant
358 4387 498 4464 peracuta,
518 4389 648 4452 intentos
668 4393 705 4454 ad
725 4395 887 4456 cavendmn
908 4415 971 4457 esse
992 4393 1143 4468 convenit,
1164 4392 1218 4457 sed
1240 4395 1309 4474 quia
