2778 4838
106 289 109 299 Ι
160 222 219 288 154
347 247 354 258 ·
429 209 547 274 SECT.
566 210 648 272 xvt.
686 223 765 316 rrep
783 224 820 272 ru
839 165 1041 272 niestein

245 371 349 453 (tas.)
390 367 562 436 ΜΑΤΤΗ.
585 367 668 433 XlX.
709 367 740 432 3.
761 363 803 430 Et
825 376 1028 432 accesserunt
1048 364 1091 432 ad
1113 387 1187 432 eum
1212 364 1326 432 Phari-

161 479 230 548 saei
251 484 411 542 tentantes
432 494 520 549 eum,
545 481 578 536 et
599 461 743 536 dicentes
765 471 810 546 ei,
836 467 971 534 Licetne
1000 468 1124 535 homini
1145 469 1326 536 divortium

160 579 270 646 iacere
292 600 363 643 cum
386 597 484 642 uxore
505 596 563 640 sua
585 571 729 661 qualibet
750 575 927 638 excausa?
968 571 999 637 1.
1026 573 1095 658 Qui
1116 573 1325 662 respondens

163 687 207 750 ait
232 686 294 760 eis,
320 684 372 747 An
393 699 459 744 non
479 675 614 763 legistis,
641 674 731 762 quod
754 677 797 751 is,
824 677 879 761 qui
901 672 979 741 tecit
1000 673 1042 742 ab
1064 678 1175 760 initio,
1202 699 1327 743 mascn-

160 785 228 852 lum
256 793 290 848 et
318 783 467 847 laminam
494 780 572 845 lecit
598 782 674 846 eos?
726 778 755 844 5.
787 775 829 842 Et
856 777 951 856 dixit,
983 779 1164 864 Propterea
1197 778 1327 846 deseret

161 889 260 954 horno
293 896 416 970 patrem
447 893 478 950 et
503 892 652 960 metuam,
685 891 719 947 et
749 878 999 967 agglutinabitur
1032 884 1125 948 uxori
1156 905 1256 962 suae,
1296 894 1327 949 et

164 998 260 1056 erunt
284 987 352 1054 duo
380 991 414 1052 in
439 1007 566 1052 carnem
598 1005 705 1050 unam.
758 986 788 1049 6.
820 985 933 1070 ltaque
960 985 1022 1050 iam
1050 1007 1119 1051 nou
1146 997 1227 1052 sunt
1255 986 1329 1067 duo,

49 1087 53 1093 ’
139 1093 221 1162 „sed
246 1111 312 1158 una
339 1111 429 1158 caro:
458 1088 548 1178 quod
570 1107 648 1172 ergo
670 1087 762 1152 Deus
783 1083 962 1178 copulavit,
988 1087 1085 1153 homo
1114 1109 1158 1154 ne
1185 1100 1330 1175 separet.

162 1198 193 1264 7.
218 1197 341 1262 Dicunt
368 1190 431 1272 illi,
459 1192 530 1260 Cur
558 1213 635 1278 ergo
656 1167 884 1260 Mosesiostit
911 1190 990 1256 dare
1016 1189 1167 1256 libellum
1185 1191 1330 1278 repudii,

163 1295 392 1363 oc·dimittere
427 1299 518 1362 eam?
572 1297 603 1362 8.
637 1297 692 1360 Ait
718 1291 797 1372 illis,
828 1291 944 1362 Moses
971 1293 1012 1358 ad
1039 1294 1189 1360 duritiem
1217 1293 1328 1359 cordis

161 1402 259 1468 vestri
285 1401 430 1488 permisit
454 1397 551 1468 vohis
575 1396 749 1485 repudiare
777 1415 893 1465 uxorea
919 1408 1056 1462 vestras:
1089 1408 1256 1463 caeterum
1285 1395 1327 1460 ab

161 1507 256 1574 initio
282 1524 352 1569 non
378 1503 439 1568 luit
464 1504 519 1568 sic
561 1501 711 1568 santos
740 1508 846 1564 autem
872 1496 982 1577 vobis,
1015 1498 1105 1585 quod
1138 1501 1328 1586 quicunque

160 1607 382 1695 repudiaverit
402 1626 534 1672 uxorem
555 1625 657 1681 suam,
685 1604 748 1670 nisi
776 1600 821 1668 ob
847 1613 1009 1689 stuprum,
1043 1612 1076 1667 et
1103 1601 1201 1667 aliam
1228 1602 1329 1668 duxe-

39 1789 52 1800 ι
161 1714 219 1790 rit,
257 1713 285 1776 is
311 1709 477 1776 committit
503 1703 713 1772 adulterium:
752 1714 785 1770 et
812 1707 868 1794 qui
895 1704 1098 1792 repudiatam
1125 1705 1270 1784 duxerit,
1299 1709 1327 1771 is

161 1813 354 1882 adulterium
372 1809 546 1876 committit.

247 1995 389 2067 MARC.
409 1997 447 2064 X.
486 1983 517 2061 2.
538 1995 580 2092 ξι
602 1993 759 2062 adeuntes
778 1995 941 2061 Pharisaei
962 1993 1207 2082 interrogabant
1227 1995 1328 2074 illum,

160 2101 297 2168 Licetne
317 2105 388 2168 viro
410 2120 541 2166 uxorem
563 2097 757 2186 repudiare'i
790 2110 951 2165 tentantes
978 2097 1080 2168 illum.
1122 2101 1153 2166 3.
1186 2103 1230 2166 At
1256 2103 1327 2188 ipse

160 2204 365 2292 respondens
392 2203 471 2271 dixit
495 2203 572 2284 illis,
607 2201 699 2288 Quid
727 2200 823 2268 vobis
849 2206 1015 2290 praecepit
1035 2203 1167 2270 Moses?
1209 2205 1241 2270 1
1276 2204 1329 2268 lili

142 2311 269 2372 'autem
297 2301 459 2388 dixerunt,
482 2307 595 2374 Moses
616 2308 760 2392 permisit
781 2302 928 2370 libellum
949 2306 1079 2391 repudii
1102 2303 1265 2386 scribere,
1291 2329 1328 2371 ac
1375 2351 1376 2354 κ

161 2409 331 2477 dimittere.
385 2412 416 2476 5.
449 2409 491 2476 Et
523 2408 726 2496 respondens
750 2409 839 2473 lasus
867 2407 946 2474 dixit
974 2407 1053 2488 illis,
1085 2407 1138 2475 Ad
1175 2409 1328 2476 duritiem

161 2514 271 2596 cordis
290 2518 391 2581 vestri
403 2512 536 2600 ‘scripsit
555 2511 649 2580 vobis
671 2512 735 2577 hoc
755 2521 973 2597 praeceptum.
1015 2517 1046 2577 6.
1077 2512 1256 2580 Caeterum
1285 2514 1328 2598 ab

159 2620 255 2685 initio
288 2618 460 2684 creationis
490 2615 664 2682 masculum
693 2625 726 2682 et
752 2613 904 2678 laminam
932 2613 1010 2680 lecit
1037 2613 1112 2682 illos
1139 2617 1245 2682 Deus.
1299 2619 1329 2683 7.

160 2723 301 2808 Propter
325 2721 390 2787 hoc
414 2718 578 2807 relinquet
598 2718 696 2785 homo
719 2727 841 2803 patrem
864 2739 955 2782 suum
978 2729 1010 2785 et
1031 2732 1184 2810 matrem,
1211 2731 1246 2787 et
1274 2721 1329 2787 ad-

160 2823 309 2890 lra'erebit
336 2827 430 2891 uxori
450 2843 537 2889 auae.
577 2822 606 2886 8.
632 2822 675 2886 Et
701 2830 796 2887 munt
823 2820 890 2886 duo
911 2823 946 2886 in
968 2843 1095 2888 carnem
1116 2845 1227 2889 unane
1269 2825 1328 2889 lta

161 2949 226 3015 que
247 2931 311 2992 iain
332 2949 400 2994 non
420 2937 494 2992 sunt
515 2924 596 3004 duo,
616 2923 675 2990 sad
696 2946 762 2989 una
783 2946 868 2989 caro.
920 2925 950 2990 9.
978 2923 1081 3009 Quod
1107 2927 1205 3012 igitur
1235 2928 1326 2992 Deus

161 3015 341 3117 cupulrivit,
365 3030 464 3096 homo
489 3049 531 3095 ne
556 3039 694 3114 separet.
742 3029 792 3094 10.
825 3027 868 3094 Et
893 3030 927 3092 in
955 3025 1054 3093 durno
1082 3051 1209 3095 rursum
1235 3031 1327 3098 disci-

159 3132 231 3222 puli
251 3129 340 3197 illius
363 3130 476 3196 eadem
500 3132 542 3197 de
561 3153 597 3196 re
619 3134 859 3226 interrogarunt
882 3125 982 3196 illum.
1031 3131 1081 3196 11.
1107 3133 1151 3198 lit
1184 3136 1265 3200 dicit
1291 3135 1328 3198 il-

159 3235 215 3314 lis,
251 3233 448 3322 Quicunque
470 3234 691 3323 repudiaverit
719 3257 850 3302 uxorem
877 3255 981 3310 suam,
1006 3241 1040 3297 et
1067 3233 1196 3302 duxerit
1225 3237 1325 3313 aliam,

161 3337 354 3406 adulterium
376 3343 542 3405 committit
562 3341 596 3404 in
617 3337 715 3404 illam.
762 3341 810 3404 11.
837 3339 880 3403 Et
906 3339 934 3402 si
960 3335 1076 3402 mulier
1101 3337 1326 3426 repudiaverit

159 3445 264 3510 virum
281 3463 384 3522 suum,
406 3451 439 3508 et
458 3448 605 3530 nupserit
626 3443 730 3523 alteri,
750 3440 942 3508 adulterium
965 3443 1140 3507 committit
1202 3457 1205 3462 ’

294 3579 309 3614 d
368 3597 376 3608 .

240 3713 417 3792 Quanquam
432 3707 550 3769 insidias
564 3707 684 3768 Christo
695 3706 822 3769 tendunt
831 3704 992 3780 Pharisaei,
1011 3717 1041 3766 et
1052 3705 1157 3767 dolose
1172 3727 1237 3766 eum
1247 3703 1323 3764 ado-

158 3791 276 3853 riuntur
294 3801 327 3850 ut
346 3785 586 3859 circumveniant,
605 3785 717 3845 utiliter
736 3797 833 3845 umen
854 3783 941 3843 nobis
963 3783 1049 3843 cessit
1069 3803 1175 3843 eorum
1195 3781 1321 3842 malitia:

159 3868 247 3930 sicuti
265 3865 411 3928 Dominus
431 3862 553 3922 mirifice
572 3861 603 3920 in
622 3883 742 3921 suorum
762 3861 915 3922 utilitatem
926 3871 1100 3920 convertere
1113 3861 1211 3932 novit,
1273 3878 1322 3916 ee-

159 3965 277 4024 cunque
300 3943 338 4004 ad
360 3959 447 4001 verae
473 3937 625 4000 doctrinae
651 3937 870 4000 subversionem
889 3937 1093 3996 machinantur
1113 3937 1153 3994 im
1177 3936 1207 3994 ii.
1246 3973 1258 3994 t
1276 3955 1323 3996 am

159 4019 215 4081 lrac
235 4019 391 4082 occasione
411 4015 505 4076 soluta
526 4013 582 4073 luit
601 4014 744 4094 quaestio,
764 4037 849 4094 quam
865 4013 999 4094 pariebat
1011 4013 1127 4102 repudii
1140 3957 1274 4086 tilerias,
1294 4023 1325 4070 et

161 4095 197 4154 de
223 4117 306 4156 sacro
332 4117 365 4156 ac
391 4091 543 4154 insolubili
562 4092 692 4182 coniugii
704 4107 788 4184 'nexu
809 4103 887 4152 certa
909 4090 953 4149 lex
973 4089 1087 4150 tradita.
1126 4090 1204 4149 Inde
1225 4101 1322 4149 autem

159 4182 276 4252 arrepta
295 4185 338 4234 est
351 4168 496 4250 captionis
516 4188 596 4243 ansa,
616 4187 682 4248 quta
702 4189 733 4226 ιιι
753 4180 906 4320 uuanrqpe
926 4177 1041 4247 partem
1060 4169 1224 4226 secundum
1242 4167 1323 4246 ipsos

159 4267 222 4306 non
242 4247 299 4307 nisi
318 4248 419 4308 odiosa
440 4257 502 4305 esse
519 4257 639 4336 poterat
653 4245 823 4336 respopsio.
889 4253 1022 4319 uaerunt,
1042 4243 1322 4318 anriroliqeatrs-
1362 4245 1367 4254 '

55 4339 59 4356 ·
158 4323 281 4406 pudiare
301 4343 420 4386 uxorem
441 4343 542 4404 quavis
562 4323 598 4384 de
615 4342 712 4384 causa:
733 4345 756 4384 st
773 4332 865 4404 neget
876 4319 1020 4398 Christus,
1040 4319 1211 4382 clamabunt
1222 4319 1323 4399 impie,
