2790 4838
197 261 270 324 ι276
358 243 574 314 S'ECTIO
595 249 648 312 nt
686 251 909 313 {nemausus
927 248 1129 315 Evaunum.

213 422 329 484 causas,
357 401 381 466 si
401 383 477 486 qt'ae
497 414 603 470 essent
623 403 654 464 in
672 403 803 464 medium
821 402 982 484 prolerre,
1003 403 1055 464 sed
1073 377 1134 463 Dei
1153 401 1350 485 heneplacito

213 493 371 544 contentus
391 501 453 541 non
473 479 549 542 ultra
568 480 702 563 vestigat,
721 501 773 541 cur
792 479 929 572 parvulos
949 481 986 542 ad
1003 479 1127 542 salutem
1137 481 1246 560 potius
1257 503 1350 560 quarn

129 575 135 588 “
211 559 284 620 alios
303 569 405 632 vocet,
430 577 614 639 regnumque
632 577 715 618 suum
734 565 946 627 constituatur
966 555 1093 622 ohsc'uro
1113 577 1215 644 grege.
1257 559 1349 618 Unde

211 646 348 771 apparet,
372 634 404 693 in
424 633 572 724 Christum
590 633 705 714 furere,
708 656 720 725 ’Δ
730 633 781 714 qui
799 633 867 692 dum
887 630 1009 694 a'udiunt
1027 631 1085 724 Ilel
1104 633 1229 724 qrhitrio
1252 635 1347 716 gratis

203 731 230 772 ·e
241 711 282 793 igi
302 711 388 784 ahos,
421 719 452 770 et
470 709 543 772 ahos
562 710 733 791 reprobam,
761 710 990 784 tumultuantur,
1021 731 1088 791 qma
1108 709 1164 770 rllrs
1184 709 1347 776 molestum

210 799 255 849 est
272 787 341 847 Deo
361 787 474 847 cedma·
734 825 740 838 ·

204 885 206 892 ’
256 868 258 876 ’
285 869 332 927 27.
367 863 475 924 Omnis
491 860 562 922 mihi
578 860 695 923 modun
733 861 812 924 Male
832 862 907 923 hane
926 861 1102 924 sententiam
1123 883 1188 924 cum
1209 863 1346 943 proxima

139 993 141 1001 .
209 951 370 1000 conterunt
387 939 578 1020 interpretes,
609 939 659 1019 qui
679 949 792 999 tantum
811 939 867 998 huc
887 947 1020 1019 tpectare
1040 950 1159 1018 putant,
1183 950 1217 998 ut
1236 941 1344 1001 tnaiori

208 1015 314 1075 fiducia
334 1014 491 1096 discipulos
510 1015 667 1076 confirmet
686 1015 818 1076 Christus
838 1015 876 1075 ad
895 1014 1123 1095 praedicandum
1136 1015 1342 1099 Evangelium.

207 1094 276 1184 Ego
302 1088 374 1152 iero
402 1093 456 1152 alia
476 1092 513 1152 de
533 1113 617 1157 causa
638 1103 668 1152 et
686 1090 717 1150 in
737 1089 825 1150 alium
843 1091 932 1151 finem
953 1090 1103 1151 Christum
1124 1093 1163 1152 ita
1183 1091 1341 1172 loquutum
1382 1105 1383 1116 ¹

206 1168 348 1228 existimo.
397 1167 489 1229 Sicuti
513 1168 593 1228 enirn
620 1167 699 1248 prius
724 1166 860 1243 asseruit,
890 1157 1052 1228 Ecclesiam
1077 1189 1111 1227 ex
1136 1187 1243 1228 arcano
1269 1189 1340 1259 gra·
1382 1223 1383 1226 ,

145 1247 148 1306 ἶ
199 1245 298 1304 ¹tuitae
319 1244 472 1305 electionis
483 1245 542 1305 Dei
557 1243 646 1305 ‘fonte
661 1243 796 1324 prodire,
814 1243 855 1302 ita
871 1263 962 1316 nunc,
983 1242 1134 1322 quomodo
1153 1245 1191 1303 ad
1203 1243 1340 1305 hommes

160 1357 161 1370 κ
200 1321 359 1400 parturiat
377 1321 475 1382 salutis
494 1321 603 1403 gratia,
629 1321 768 1382 ostendit.
806 1319 892 1379 Multi
912 1320 989 1380 euim
1010 1338 1098 1399 quum
1118 1320 1252 1394 audiunt,
1272 1341 1339 1380 non

201 1396 279 1456 alios
296 1397 374 1457 ritae
394 1408 538 1458 aeternae,
551 1396 692 1458 haeredes
712 1395 869 1482 cesennisi
890 1417 963 1477 quos
983 1407 1051 1455 ante
1070 1398 1210 1458 mundum
1230 1397 1337 1457 condi-

203 1484 265 1532 tum
291 1469 382 1564 elegit
398 1473 495 1548 Deus,
526 1475 610 1535 anxie
629 1473 796 1553 inquirunt,
827 1473 904 1532 unde
924 1472 997 1533 certi
1017 1493 1080 1532 esse
1099 1471 1268 1553 possintde
1289 1494 1337 1532 ar·-
1382 1477 1383 1492 ³

202 1568 279 1608 cano
298 1549 358 1610 Des
372 1551 511 1612 consilio.
547 1550 592 1611 lta
611 1550 695 1627 setin
714 1548 911 1629 labyrinthum
930 1547 1101 1628 proliciunt,
1121 1549 1200 1609 cuius
1221 1549 1335 1617 nullum
1365 1605 1369 1611 ,

201 1625 356 1760 requriunt
382 1626 497 1686 exitum.
542 1627 676 1688 Christus
699 1637 806 1685 antem'
823 1636 904 1685 recta
929 1625 966 1685 ad
989 1645 1021 1684 se
1045 1625 1146 1684 venire
1172 1624 1272 1699 iubet,
1302 1638 1336 1685 ut

202 1700 234 1760 in
254 1721 273 1792 ‚⁰
293 1713 411 1782 petatur
430 1702 705 1763 salutis-certitudo.
735 1701 844 1761 Sensus
865 1711 909 1790 est
928 1700 1030 1781 igitur,
1049 1701 1226 1791 patefactam
1245 1701 1334 1762 nohis

200 1775 233 1867 in
252 1799 318 1858 rpso
341 1775 460 1839 Cluisto
478 1779 555 1844 viam
574 1799 653 1853 esse,
670 1777 798 1866 ideoqqe
817 1796 966 1868 nemmem
985 1776 1051 1837 fore
1070 1797 1131 1838 erus
1149 1777 1334 1913 participem,

199 1852 332 1944 nui'qm
357 1875 410 1933 per
433 1855 549 1915 ianuam
574 1853 643 1916 hdei
666 1853 840 1936 ingredetur.
898 1854 1038 1916 Videmus
1060 1873 1155 1926 nunc,
1186 1865 1220 1914 ut
1268 1855 1334 1916 dem

200 1941 365 2012 coniungat
389 1948 455 1990 cam
474 1933 593 1992 aeterna
611 1930 672 1990 ost
690 1928 974 2009 praedestinatione,
1006 1951 1076 2010 quas
1096 1928 1178 1990 stulti
1197 1930 1333 1993 homines
1382 1949 1383 1956 ¹

198 2018 337 2084 perverse
362 2006 444 2068 velut
467 2008 629 2068 contrarias
653 2007 732 2068 inter
754 2026 786 2065 se
812 2006 1007 2066 committunt.
1063 2004 1127 2066 Etsi
1151 2006 1231 2066 enim
1255 2006 1333 2068 salos

197 2094 301 2144 nostra
320 2083 398 2162 apud
415 2083 513 2144 Deum
531 2104 592 2144 sem
632 2105 648 2142 r
666 2081 838 2142 abscondita
857 2081 928 2156 luit,
953 2080 1210 2143 Christussstamen
1223 2083 1332 2145 canalis

144 2183 147 2190 ·
198 2168 254 2247 εςῐ,
274 2159 328 2239 per
347 2179 435 2238 quem
455 2159 491 2219 ad
511 2181 566 2220 nos
607 2159 699 2233 elluit,
718 2169 749 2218 et
767 2158 825 2218 lide
845 2177 863 2218 a
881 2157 968 2219 nohis
986 2159 1139 2240 recipitur,
1158 2171 1191 2220 ut
1209 2159 1243 2220 in
1262 2181 1332 2220 cor-

196 2232 283 2294 drhus
307 2235 415 2294 nostris
440 2236 523 2296 firma
547 2248 578 2297 et
600 2247 664 2296 rata
686 2233 733 2296 sit
792 2233 894 2308 Quare
918 2255 935 2294 a
961 2235 1080 2296 Christo
1106 2236 1266 2298 deflectere
1285 2237 1331 2298 fas

197 2329 261 2368 non
279 2321 335 2385 est,
355 2311 410 2372 nisi
430 2311 553 2374 salntem
571 2312 660 2373 nobis
679 2311 838 2394 expositam
852 2311 1013 2390 ‚repudiare
1033 2311 1133 2372 libeat.
1163 2311 1258 2374 Nesso
1276 2335 1332 2373 no-

95 2399 101 2411 ·
195 2386 236 2443 uit
249 2385 359 2520 1'filtrum
404 2388 471 2451 Iloc
496 2389 564 2450 ideo
586 2389 672 2463 dicit,
703 2409 741 2449 ue
766 2407 817 2448 sua
835 2387 968 2448 maiestas
987 2389 1332 2468 perperamaestimetur

196 2477 245 2521 ex'
272 2463 402 2524 ominum
421 2464 540 2525 iudicio.
571 2463 683 2526 Sensus
703 2485 775 2546 ergo
796 2475 849 2538 est,
868 2474 901 2524 ut
919 2463 1051 2538 sciamus,
1071 2465 1163 2544 qualis
1181 2465 1220 2526 sit
1239 2463 1329 2526 Chri-

194 2547 268 2611 stus,
286 2540 420 2600 standum
441 2562 502 2603 esse
521 2542 691 2603 testimonio
701 2540 806 2616 Patris,
827 2539 877 2620 qui
896 2539 974 2602 solus
992 2561 1063 2604 vere
1083 2541 1169 2602 nohis
1190 2553 1221 2600 et
1231 2542 1328 2621 prohe

194 2614 327 2675 indicare
347 2627 455 2696 potest,
476 2619 552 2698 q'uid
565 2617 598 2677 in
616 2619 711 2698 ipsum
731 2616 899 2677 contulerit.
936 2618 979 2676 Et
997 2629 1077 2682 certe
1098 2637 1164 2677 eum
1184 2617 1327 2699 fingendo

194 2689 311 2769 qualem
333 2711 418 2753 ruens
443 2709 543 2754 nostra
567 2715 621 2754 suo
646 2693 767 2753 modulo
794 2692 939 2773 concipit,
976 2693 1082 2775 magna
1113 2693 1228 2754 virtutis
1257 2716 1327 2756 snae

193 2778 280 2846 parte
298 2767 477 2848 spoliamus:
507 2768 576 2829 ideo
603 2788 665 2828 non
689 2769 748 2828 rite
772 2768 828 2828 uisi
853 2790 886 2828 ea
910 2767 1004 2829 Patris
1029 2790 1102 2830 voce
1124 2772 1328 2852 cognoscitur,

194 2861 361 2930 quanquam
379 2843 442 2904 sola
460 2862 517 2906 vox
529 2866 591 2904 non
603 2843 752 2903 sufficeret
761 2844 873 2923 absque
886 2843 1013 2925 Spiritus
1024 2845 1197 2908 directione.
1226 2847 1327 2909 Altior

140 2927 143 2938 ⁸
194 2935 273 2975 emm
297 2929 330 2976 et
354 2919 446 3010 magis
465 2919 618 2980 recondita
638 2931 683 2980 est
702 2919 812 2980 Christi
831 2920 938 2994 virtus,
971 2942 1057 3001 quam
1076 2935 1110 2982 ut
1129 2923 1166 2982 ad
1186 2943 1249 2984 eam
1265 2943 1326 3014 pe-

127 3825 131 3856 l

191 3001 313 3050 netrent
332 2993 476 3066 hommes,
495 2996 590 3056 donec
608 3015 627 3056 a
645 2994 734 3056 Patre
754 2995 909 3058 illuminati
927 2997 1046 3058 fuerint.
1084 2999 1158 3060 Ideo
1177 2999 1274 3060 intell
1297 3021 1326 3077 e,

159 3083 166 3096 ²
191 3065 311 3128 Patrem
338 3085 402 3128 non
432 3069 490 3130 sihi
514 3092 550 3131 co
574 3091 711 3146 noscere,
748 3073 801 3133 sed
824 3073 928 3148 nohis,
953 3085 986 3134 ut
1005 3094 1071 3134 eurn
1092 3075 1180 3136 nohis
1199 3096 1252 3136 rev
1284 3089 1324 3136 et.

191 3141 318 3202 Videtur
342 3156 442 3205 tamen
460 3165 524 3207 non
552 3091 630 3208 qens
650 3168 713 3209 esse
733 3148 845 3225 oratio,
878 3149 945 3229 qnia
964 3151 1022 3210 duo
1042 3152 1175 3212 membra
1192 3151 1273 3214 inter
1291 3175 1325 3214 se

190 3237 254 3278 non
287 3221 477 3299 respondent.
534 3169 588 3285 lle.
611 3223 690 3315 Silio
714 3225 836 3300 dicitur,
852 3247 853 3250 ¹
867 3225 947 3305 quod
971 3247 1060 3288 nemo
1084 3240 1203 3308 praeter
1226 3229 1324 3310 ipsum

190 3307 351 3376 cognoscat
369 3296 502 3375 Patrem,
532 3312 562 3361 et
581 3321 627 3360 cur
646 3299 775 3362 voluerit
792 3301 940 3363 revelare:
974 3303 1010 3362 de
1029 3301 1118 3364 Patre
1139 3305 1196 3365 hoc
1215 3308 1323 3382 solum,

189 3371 271 3449 quod
295 3369 403 3434 lilium
426 3373 506 3436 solus
530 3387 703 3460 cognoscat:
732 3376 922 3465 rpvelationis
942 3379 1024 3442 nulla
1047 3380 1081 3439 fit
1098 3381 1222 3446 mentio.
1260 3381 1323 3443 tte-

187 3447 338 3528 spondeo,
355 3468 566 3530 supervacuum
585 3453 672 3514 luisse
691 3453 786 3544 repeti
805 3454 962 3544 quodiam
981 3447 1099 3516 dixerat
1139 3456 1223 3531 Quid
1242 3459 1322 3520 euim

168 3523 322 3608 ⁴continet
340 3527 476 3608 superior
494 3531 652 3611 gratiarum
672 3539 766 3604 actuo,
790 3531 846 3590 nasi
867 3531 949 3611 quod
966 3531 1056 3593 Pater
1074 3533 1182 3594 Filium
1203 3535 1322 3614 patefe-

187 3599 243 3672 cit,
271 3597 380 3681 quihns
405 3604 498 3664 visum
524 3605 586 3666 est?
632 3606 724 3680 Quod
744 3626 817 3688 ergo
837 3627 916 3668 nuuc
935 3608 1089 3668 subiicitur
1107 3608 1144 3669 ah
1164 3609 1231 3701 ipso
1251 3610 1319 3675 solo

185 3675 309 3767 Filium·
325 3679 483 3760 cognosci,
514 3680 599 3742 velut
621 3701 724 3743 causae
750 3681 879 3743 redditio
902 3694 959 3764 ests
997 3695 1116 3764 poterat
1141 3706 1220 3747 enrm
1246 3687 1321 3748 haec

186 3772 222 3812 co
246 3763 330 3814 rtauo
347 3755 447 3816 subire
494 3755 602 3838 quido
624 3779 657 3818 us
678 3770 754 3819 esset
770 3759 795 3818 F
797 3759 915 3819 ilium-a
934 3759 1023 3822 Patre
1042 3761 1237 3836 manifestari,
1269 3765 1321 3844 qui

183 3847 214 3964 p·
303 3851 336 3919 sq
359 3801 511 3893 visendum
536 3777 622 3893 exhih
1249 3841 1257 3854 '

149 3927 153 3930 ·
204 3915 294 3969 actum
313 3917 361 3982 srt,
379 3905 486 3968 Filium
507 3929 522 3968 a
541 3909 606 3969 solo
619 3910 707 3970 Patre
727 3911 877 3992 cognosci.
908 3911 1052 3992 Superest
1070 3935 1149 3974 nunc
1167 3917 1319 3995 posterius

152 3980 363 4074 ,membrumq
395 3984 476 4063 quod
497 3983 596 4045 nudus
619 3986 739 4050 Patres·
760 4001 914 4064 ongum
936 3992 995 4048 nisi
1011 3989 1109 4050 Ftttus
1126 4005 1178 4058 sto.
1218 3992 1318 4054 Porro

181 4054 254 4145 hqqc
274 4059 408 4148 cognitio
427 4060 539 4122 diversa
560 4072 605 4122 est
623 4083 643 4122 u
659 4061 773 4142 priore:
794 4085 891 4144 neque
912 4066 989 4126 enim
998 4064 1118 4126 Patrem
1129 4085 1318 4150 cognoscere

179 4129 271 4190 Frlrus
291 4134 406 4224 ducitur,
426 4137 493 4227 quia
511 4137 624 4218 Spiritu
635 4143 695 4200 'suo
716 4160 782 4208 eum
801 4141 980 4216 manifestet,
998 4143 1149 4234 sedquia,
1170 4156 1317 4223 quatenus

624 3823 724 3899 uerutl
780 3835 868 3895 Nunc
894 3847 1046 3912 tenemus,
1078 3857 1134 3916 qua
1158 3859 1320 3902 occasione
1382 3855 1383 3870 ¹

178 4205 244 4266 vira
275 4220 319 4269 est
344 4229 404 4272 erus
428 4232 544 4350 imago,
575 4233 641 4274 eum
662 4217 880 4296 quodammodo
900 4218 1019 4280 exhibet
1037 4219 1181 4280 rurhilem
1207 4221 1242 4282 in
1263 4244 1316 4284 sna
1382 4215 1383 4276 Ϊ

177 4301 318 4362 persona>
351 4285 475 4347 Interim
509 4289 629 4370 piritunr
649 4311 712 4352 non
733 4295 865 4370 excludo,
884 4296 936 4355 sed
955 4294 1176 4372 revelationem,
1197 4299 1234 4357 de
1255 4320 1315 4379 qua
1382 4295 1383 4380 J

1382 4405 1383 4482 l

176 4378 256 4418 nune
276 4359 384 4442 agitur,
400 4363 500 4426 resero
520 4367 557 4428 ad
577 4367 701 4431 notitiae
718 4371 851 4434 modum:
870 4383 958 4453 atque
977 4371 1017 4434 ita
1038 4373 1149 4454 optime
1169 4374 1315 4438 cohaeret
