2766 4840
151 239 211 306 280
604 231 722 296 snc‘r.
740 226 854 296 xvm

151 352 241 454 tilaeo
261 398 293 451 et
310 387 413 451 Marco
433 385 543 478 (lictum
562 397 641 463 crat,
658 387 755 448 seton
771 382 852 468 pund
862 405 959 463 propr
975 375 1063 448 ro'o
1072 383 1218 470 fanins,
1241 387 1322 525 apud

151 468 262 528 Lucam
283 465 412 547 apertius
431 463 598 545 exponitur,
613 462 792 546 psodo'ssstst
808 483 930 540 rsgm
949 462 1027 528 Deis
1047 473 1079 526 et
1096 465 1156 525 hoc
1175 464 1250 526 loco
1291 487 1321 526 e-

152 565 243 626 gnum
263 543 322 604 Dei
341 563 404 604 non
424 544 473 620 (ot
491 541 562 602 stibi
579 542 710 622 saepius)
729 545 746 602 a
765 559 819 602 suo
840 541 961 602 exordio
981 553 1138 617 censetur,
1157 542 1211 602 sed
1234 563 1253 601 a
1272 563 1323 602 sna

134 619 356 701 perfectione,
374 619 463 699 idque
484 639 639 680 eteorum
659 639 763 692 sensu,
783 637 859 697 quos
878 617 1006 679 docebat
1026 616 1173 678 Christus.
1212 619 1321 698 Neque

153 697 233 756 enim
252 693 376 778 regnum
395 693 455 756 Dei
474 694 737 775 apprehendebant
755 693 786 754 in
806 694 981 777 Evangelio,
1000 695 1032 754 in
1051 714 1126 775 pacc
1146 695 1322 788 gaudioque

153 773 234 848 lidei,
252 773 283 832 in
303 763 446 853 spirituli
465 771 584 845 iustitia,
603 773 655 833 sed
674 771 790 831 beatam
810 769 888 830 illam
902 771 1032 851 quietem
1045 771 1217 854 etglorram
1231 793 1320 854 qnae-

152 849 269 922 rebant,
289 871 365 928 quae
384 872 417 910 su
457 871 470 908 s
494 869 509 910 e
530 847 702 908 abscondita
722 859 818 908 estus
841 869 877 908 ue
898 850 935 909 ad
954 849 1089 908 ultimum
1109 848 1200 909 diem.

228 927 334 986 Matth.
352 933 400 993 34.
443 870 515 986 ΝΡοπ
536 923 702 1001 promeribit
725 938 805 985 astus
900 969 907 985 .
958 925 1137 1005 Quanquam
1162 923 1323 985 universali

153 1013 226 1062 nota
246 993 338 1063 ulitur
353 1001 498 1076 Christus,
517 1023 579 1061 non
599 1013 698 1061 tamen
718 1002 897 1084 generaliter
916 1001 952 1062 ad
973 1022 1076 1062 omnes
1088 1000 1246 1082 Ecclesiae
1266 1001 1323 1061 mi·

98 1071 101 1085 '
152 1079 241 1140 serias
262 1079 392 1140 extendit
409 1099 588 1152 sermonem,
604 1079 656 1139 sed
675 1077 848 1158 simpliciter
868 1077 972 1154 docet,
991 1077 1125 1138 nondum
1144 1090 1242 1138 aetate
1263 1099 1324 1138 nna

153 1155 302 1236 completa
327 1155 467 1237 quioquid
494 1154 631 1218 disseruit
656 1167 770 1216 eventu'
789 1153 947 1234 probatum
973 1154 1019 1214 iri.
1065 1155 1142 1215 Nam
1165 1155 1245 1214 intra
1266 1174 1323 1213 an-

151 1252 208 1294 nos
229 1232 442 1314 quinquaginta
463 1229 648 1292 excisa-urbs
668 1230 740 1307 luit,
763 1231 964 1313 templumque
985 1231 1130 1306 dirutum,
1148 1242 1211 1291 tota
1230 1231 1322 1314 regio

149 1309 184 1446 {p
210 1309 385 1446 stupppqdqpp
409 1308 734 1444 ”miil‘mfl‘edl'seu'
757 1307 1163 1445 ωιᾶιιῇἰοιοοιὲῑιιωιειίιῖὧεεέ
1182 1309 1323 1445 &stillam

184 1405 251 1446 eum
323 1407 391 1446 ur:
421 1405 512 1446 exarsi
551 1405 639 1445 eam
677 1405 749 1444 uror
775 1404 791 1443 a
886 1405 923 1445 en
946 1405 1030 1448 nans
1164 1405 1184 1444 o

153 1463 249 1524 exorti
268 1474 339 1523 sont
356 1461 421 1524 lalsi
442 1464 597 1535 doctores,
621 1461 673 1542 qui
690 1460 837 1522 sincerum
857 1460 1051 1543 Evangelium
1071 1461 1131 1522 suis
1150 1404 1324 1541 impostrllll
1378 1512 1379 1520 ,

152 1550 370 1622 perverterent,
388 1538 498 1622 religio
518 1539 599 1601 miris
618 1539 713 1599 modis
733 1559 886 1610 concussa,
905 1550 984 1598 totus
1004 1536 1123 1618 piorum
1143 1550 1250 1598 coetus
1268 1537 1324 1595 mi-

152 1635 220 1677 sere
246 1628 363 1677 vexatus
384 1615 448 1675 luit.
489 1616 668 1695 Quanquam
695 1625 791 1674 autem
817 1613 915 1674 multis
940 1625 1044 1696 postea
1068 1614 1194 1675 saeculis
1223 1615 1322 1673 eadem

151 1693 229 1752 mala
249 1691 393 1752 continuo
414 1703 521 1752 tenore
541 1703 671 1775 grassata
689 1702 768 1765 sont,
786 1711 860 1752 sero
877 1703 976 1752 tamen
997 1690 1106 1751 dictum
1127 1691 1187 1752 luit
1206 1687 1320 1750 aCbri-

104 1822 128 1834 ..
152 1780 217 1844 sto,
241 1781 310 1830 ante
335 1769 425 1827 finem
450 1768 536 1828 unius
560 1767 673 1829 saeculi
695 1767 797 1830 lidcles
822 1789 855 1827 rc
881 1767 944 1849 ipsa
963 1778 994 1828 et
1014 1767 1094 1828 claro
1117 1768 1321 1848 experimento

152 1865 301 1918 sensuros,
321 1865 407 1924 quam
426 1864 528 1905 verum
549 1854 626 1904 esset
644 1865 727 1903 suum
747 1842 931 1904 vaticinium:
953 1865 1020 1903 nam
1041 1843 1145 1904 eadem
1164 1844 1246 1936 passi
1258 1853 1323 1902 sont

151 1918 303 2000 Apostoli,
323 1939 397 1999 quae
417 1920 507 1981 bodie
526 1919 665 1981 videmus.
704 1919 769 1983 Nec
788 1941 860 1981 vero
881 1919 1034 1981 consilium
1057 1919 1173 1981 Christi
1194 1921 1265 1994 luit,
1289 1920 1321 1978 fi-

151 2016 222 2056 nem
248 1995 444 2058 calamitatum
468 1996 546 2056 intra
571 1997 707 2078 exiguum
731 2008 846 2078 tempus
871 1997 929 2058 suis
949 1997 1126 2077 promittere
1153 2001 1169 2078 (
1200 1998 1247 2056 uia
1266 1998 1321 2056 boc

152 2071 245 2132 modo
264 2093 363 2134 secum
383 2073 446 2154 ipse
466 2085 641 2155 pugnasset,
669 2094 758 2153 quum
780 2074 860 2166 prius
879 2073 1080 2146 admonuerit,
1105 2019 1242 2134 nondum
1259 2091 1319 2131 esse

152 2148 271 2228 finem),
289 2149 343 2222 sed
361 2160 396 2209 ut
413 2151 450 2211 ad
469 2147 657 2210 tolerantiam
675 2170 725 2210 eos
743 2161 897 2224 animaret,
917 2150 1024 2210 diserte
1036 2151 1186 2230 praedixit
1197 2151 1233 2210 ad
1243 2150 1321 2230 ipso·

151 2247 218 2287 rum
238 2237 364 2287 aetatem
384 2238 528 2307 spectare.
561 2227 670 2286 Sensus
689 2239 733 2287 est
744 2226 845 2310 igitur,
865 2227 924 2287 Pro
949 2227 1055 2288 hetiam
1077 2226 1156 2288 banc
1177 2225 1247 2286 non'
1261 2245 1319 2285 csse

153 2304 191 2366 dc
210 2303 293 2364 malis
313 2301 500 2386 longinquis,
525 2323 601 2383 quae
626 2303 723 2364 multis
749 2315 819 2384 post
837 2247 959 2364 sacculis
978 2303 1075 2362 visura
1095 2304 1134 2364 sit
1156 2303 1321 2384 posteritas,

153 2379 207 2442 sed
227 2401 301 2460 quae
322 2379 380 2440 iam
399 2381 582 2461 impendent,
602 2390 633 2440 et
653 2380 771 2459 quidem
790 2402 849 2440 una
861 2379 944 2440 simul
956 2379 1110 2471 congerie,
1130 2391 1166 2440 ut
1186 2399 1321 2460 praesens

154 2469 235 2520 aetas
254 2457 361 2518 nullius
373 2459 472 2548 'partis
495 2478 596 2537 expers
616 2455 713 2518 futura
733 2457 779 2518 sit.
819 2455 1081 2537 ltaqueDommus
1103 2477 1212 2516 omnes
1233 2455 1321 2516 malo·

3 2527 5 2556 r
96 2556 99 2565 ¹
152 2555 218 2593 rum
238 2533 351 2614 species
372 2556 402 2594 m
423 2555 510 2594 unam
531 2544 657 2594 aetatem
677 2553 853 2615 congerens,
873 2532 991 2593 minime
1011 2533 1048 2594 ab
1070 2532 1177 2594 iisdem
1189 2547 1322 2614 posteros

154 2609 268 2702 eximit,
292 2610 345 2672 sed
369 2622 483 2674 tantam
506 2607 665 2692 discipulos
684 2611 722 2672 ad
741 2611 841 2672 omnia
867 2619 1040 2672 constanter
1058 2609 1188 2672 serenda
1208 2621 1323 2692 paratos

153 2705 216 2758 me
228 2686 435 2829 dblelh'odm
453 2777 480 2822 et
497 2776 577 2823 terrm
596 2760 767 2822 trmsibrnrt.
807 2762 878 2837 Quo
899 2761 1041 2822 maiorem
1062 2759 1149 2822 dictis
1163 2763 1225 2824 suis
1241 2764 1325 2824 iidem

154 2839 309 2915 conciliet,
335 2859 437 2900 eorum
459 2839 665 2900 certitudinem
691 2840 913 2919 comparatione
940 2838 1083 2912 illustrat,
1109 2841 1194 2918 quod
1216 2841 1324 2900 scilicet

152 2915 245 2997 magis
270 2914 399 2976 stabilita
423 2915 461 2974 sit
484 2937 519 2977 ac
545 2915 627 2976 firma
653 2937 742 2996 quam
767 2915 878 2976 fabrica
897 2915 989 2976 totius
1010 2913 1122 2975 mundi.
1165 2917 1323 2979 Caeterum
1375 2977 1380 2996 ⁴

53 3003 68 3022 ‘
153 2989 229 3051 banc
254 2989 396 3070 loquendi
422 2991 548 3052 sormam
573 2991 653 3052 varic
679 3004 831 3073 exponunt
856 2993 901 3051 int
957 3004 1043 3052 retes.
1084 2993 1222 3068 Quidam
1250 2993 1324 3054 enim

154 3067 232 3127 coeli
253 3079 284 3128 et
300 3080 398 3131 terrae
416 3069 571 3130 transitum
591 3068 628 3128 ad
648 3067 782 3130 ultimum
803 3069 880 3130 diem
900 3090 933 3130 re
949 3079 1051 3142 erunt,
1071 3089 1132 3148 quo
1154 3069 1325 3132 abolebitur

154 3141 262 3234 caduca
293 3165 395 3236 corum
426 3145 584 3234 conditio..
618 3145 680 3206 Alii
706 3158 803 3206 autern
830 3145 871 3208 sic
897 3145 1065 3219 resolvunt,
1097 3145 1200 3238 potius
1233 3159 1324 3208 totam

153 3221 256 3280 munds
275 3221 416 3282 labrrcam
437 3241 501 3283 csse
520 3232 691 3358 geratoram,
712 3243 799 3302 quam
819 3233 853 3282 ut
872 3232 1029 3282 evanescat
1046 3222 1224 3284 vaticinium
1245 3223 1323 3304 qnod

153 3313 250 3376 nuper
270 3298 439 3359 audivimus.
479 3298 519 3359 Se
561 3297 711 3377 quianon
732 3295 852 3359 dubium
873 3311 933 3374 est,
953 3297 1025 3377 quin
1047 3295 1185 3360 Christus
1206 3320 1325 3360 suorum

153 3386 268 3434 mentes
287 3396 375 3457 supra
394 3376 497 3436 mundi
516 3375 654 3434 intuitum
674 3375 811 3437 attollere
832 3375 898 3436 data
919 3395 1010 3454 opera
1030 3374 1172 3450 voluerit,
1190 3377 1265 3436 mibi
1281 3377 1324 3434 ri-

154 3449 242 3511 detur
258 3463 365 3514 notare
386 3452 512 3512 assiduas
532 3451 759 3528 inclinationes,
785 3473 860 3544 quac
879 3451 911 3510 in
930 3450 1043 3510 mundo
1064 3463 1247 3526 cernuntur,
1265 3451 1325 3512 acsi

153 3540 280 3618 negaret
298 3528 477 3592 aestimanda
497 3549 559 3590 esse
579 3527 656 3588 dicta
676 3549 727 3589 sua
738 3529 774 3589 ab
787 3527 917 3592 instabili
930 3540 961 3588 et
971 3526 1053 3607 quasi
1064 3541 1202 3589 aestuosa
1220 3527 1324 3590 mundi

153 3617 310 3665 varietate:
330 3605 434 3666 scimus
455 3605 544 3680 enim,
565 3606 634 3666 dum
652 3627 700 3666 res
720 3606 751 3665 in
771 3607 882 3668 mundo
896 3603 1066 3679 volvuntur,
1086 3626 1177 3684 quam
1187 3603 1321 3686 proclive

153 3679 192 3740 sit
216 3693 330 3743 mentes
357 3695 473 3742 nostras
492 3682 577 3742 simul
597 3679 660 3742 abri
683 3682 702 3742 i.
742 3683 817 3744 ldeo
839 3681 973 3744 Christus
1000 3679 1162 3760 discipulos
1187 3691 1266 3742 vetat
1289 3679 1325 3740 in

151 3757 256 3818 mnndi
274 3769 413 3838 respectu
432 3757 588 3841 occupari,
616 3779 648 3820 se
694 3759 775 3839 quasi
801 3780 818 3820 e
842 3757 960 3818 sublimi
980 3755 1096 3818 divinae
1117 3758 1324 3838 providentiae

152 3833 273 3926 specula
293 3835 455 3916 despicere,
475 3847 694 3917 quaerentum
714 3835 866 3916 praedixit
905 3834 1024 3895 Interea
1045 3834 1160 3900 eahoc
1179 3835 1250 3896 loco
1270 3833 1324 3894 eli-

154 3924 231 3971 citur
249 3911 329 3973 utilis
350 3913 501 3988 doctrina,
530 3912 655 3975 salutem
673 3926 803 3974 nostram
825 3910 913 3991 (quia
933 3909 964 3969 in
985 3909 1097 3972 Christi
1116 3911 1326 4001 promissioni-

137 3986 210 4048 '.bus
229 3987 350 4050 lundata
371 3993 430 4066 cst)
449 4009 513 4050 non
531 3990 676 4052 fluctuare
695 3989 856 4052 secundtun
876 3987 1002 4050 ditersas
1021 3987 1124 4047 meandi
1137 3989 1325 4070 agitationes,

76 4131 89 4142 ,
151 4065 206 4124 sed
231 4064 435 4127 inconcussam
460 4078 554 4142 stare,
580 4068 672 4128 modo
694 4067 782 4128 etiam
801 4065 873 4126 fides
893 4075 993 4126 nostra
1013 4063 1103 4125 coelo
1124 4077 1157 4126 et
1175 4077 1258 4126 terra
1277 4087 1325 4125 su·

155 4139 258 4215 perior
278 4142 314 4200 ad
334 4142 429 4222 ipsum
449 4165 482 4204 us
504 4164 542 4203 ue
564 4144 714 4206 Christum
734 4142 931 4204 transcendat.

231 4219 279 4278 36.
320 4219 470 4280 Gammae
542 4218 589 4281 dis
607 4221 669 4282 illo.
702 4221 766 4280 Hac
785 4218 931 4282 sententia
953 4214 1087 4278 Christus
1107 4215 1242 4278 fidelium
1261 4214 1324 4279 ani-

156 4306 220 4374 mos
240 4293 335 4350 teneri
354 4298 510 4374 susperisos
530 4297 643 4376 voluit,
668 4317 707 4358 ne
733 4294 806 4358 salsa
828 4289 1038 4377 imaginatione
1065 4305 1182 4375 tempus
1203 4291 1322 4374 aliquod

157 4359 276 4424 ultimae
296 4366 493 4450 redemptioni
514 4373 687 4454 praefigant
726 4373 858 4448 Scimus,
883 4391 969 4452 quam
992 4368 1152 4434 volaticum
1176 4370 1266 4433 uobis
1284 4369 1322 4430 sit
