<?xml version="1.0" encoding="UTF-8"?>
<!DOCTYPE html PUBLIC "-//W3C//DTD XHTML 1.0 Transitional//EN"
    "http://www.w3.org/TR/xhtml1/DTD/xhtml1-transitional.dtd">
<html xmlns="http://www.w3.org/1999/xhtml" xml:lang="en" lang="en">
 <head>
  <title>
</title>
<meta http-equiv="Content-Type" content="text/html;charset=utf-8" />
  <meta name='ocr-system' content='tesseract 3.04.00' />
  <meta name='ocr-capabilities' content='ocr_page ocr_carea ocr_par ocr_line ocrx_word'/>
</head>
<body>
  <div class='ocr_page' id='page_1' title='image "./innovumtestamen00calvgoog_0582.png"; bbox 0 0 2756 4838; ppageno 0'>
   <div class='ocr_carea' id='block_1_1' title="bbox 341 227 1239 318">
    <p class='ocr_par' dir='ltr' id='par_1_1' title="bbox 341 227 1239 318">
     <span class='ocr_line' id='line_1_1' title="bbox 341 227 1239 318; baseline 0.013 -33"><span class='ocrx_word' id='word_1_1' title='bbox 341 229 527 307; x_wconf 70' lang='lat'><strong>(169-170.</strong></span> <span class='ocrx_word' id='word_1_2' title='bbox 564 227 707 291; x_wconf 83' lang='lat' dir='ltr'><strong>Introitus</strong></span> <span class='ocrx_word' id='word_1_3' title='bbox 732 228 763 290; x_wconf 85' lang='lat' dir='ltr'><strong>in</strong></span> <span class='ocrx_word' id='word_1_4' title='bbox 788 227 921 312; x_wconf 79' lang='lat' dir='ltr'><strong>urbem.)</strong></span> <span class='ocrx_word' id='word_1_5' title='bbox 1007 242 1040 318; x_wconf 68' lang='lat'><strong>.&#39;</strong></span> <span class='ocrx_word' id='word_1_6' title='bbox 1148 237 1239 304; x_wconf 65' lang='lat'><strong>195·</strong></span> 
     </span>
    </p>
   </div>
   <div class='ocr_carea' id='block_1_2' title="bbox 45 353 1262 1233">
    <p class='ocr_par' dir='ltr' id='par_1_2' title="bbox 45 353 1262 1233">
     <span class='ocr_line' id='line_1_2' title="bbox 46 353 1205 462; baseline 0.006 -21"><span class='ocrx_word' id='word_1_7' title='bbox 46 375 192 441; x_wconf 82' lang='lat' dir='ltr'><strong>stionihus</strong></span> <span class='ocrx_word' id='word_1_8' title='bbox 217 378 355 440; x_wconf 82' lang='lat' dir='ltr'><strong>occurrit</strong></span> <span class='ocrx_word' id='word_1_9' title='bbox 393 381 554 462; x_wconf 74' lang='lat' dir='ltr'><strong>deprimo</strong></span> <span class='ocrx_word' id='word_1_10' title='bbox 575 381 693 462; x_wconf 82' lang='lat' dir='ltr'><strong>quidem</strong></span> <span class='ocrx_word' id='word_1_11' title='bbox 723 403 785 443; x_wconf 90' lang='lat' dir='ltr'><strong>uon</strong></span> <span class='ocrx_word' id='word_1_12' title='bbox 810 381 936 446; x_wconf 79' lang='lat' dir='ltr'><strong>fortuito</strong></span> <span class='ocrx_word' id='word_1_13' title='bbox 960 403 993 446; x_wconf 87' lang='lat' dir='ltr'><strong>se</strong></span> <span class='ocrx_word' id='word_1_14' title='bbox 1017 397 1069 448; x_wconf 86' lang='lat' dir='ltr'><strong>tos</strong></span> <span class='ocrx_word' id='word_1_15' title='bbox 1087 353 1205 450; x_wconf 80' lang='lat' dir='ltr'><strong>rhi&#39;ttere</strong></span> 
     </span>
     <span class='ocr_line' id='line_1_3' title="bbox 47 455 1262 594; baseline 0.004 -76"><span class='ocrx_word' id='word_1_16' title='bbox 47 455 203 539; x_wconf 82' lang='lat' dir='ltr'><strong>siguificat,</strong></span> <span class='ocrx_word' id='word_1_17' title='bbox 223 474 312 534; x_wconf 87' lang='lat' dir='ltr'><strong>quum</strong></span> <span class='ocrx_word' id='word_1_18' title='bbox 334 455 414 531; x_wconf 87' lang='lat' dir='ltr'><strong>dicit,</strong></span> <span class='ocrx_word' id='word_1_19' title='bbox 433 458 463 516; x_wconf 95' lang='lat' dir='ltr'><strong>in</strong></span> <span class='ocrx_word' id='word_1_20' title='bbox 484 460 580 594; x_wconf 91' lang='lat' dir='ltr'><strong>primo</strong></span> <span class='ocrx_word' id='word_1_21' title='bbox 592 461 660 541; x_wconf 83' lang='lat' dir='ltr'><strong>pagi</strong></span> <span class='ocrx_word' id='word_1_22' title='bbox 672 459 796 520; x_wconf 88' lang='lat' dir='ltr'><strong>introitu</strong></span> <span class='ocrx_word' id='word_1_23' title='bbox 809 461 980 522; x_wconf 82' lang='lat' dir='ltr'><strong>inventuros</strong></span> <span class='ocrx_word' id='word_1_24' title='bbox 999 461 1119 522; x_wconf 76' lang='lat' dir='ltr'><strong>asellum</strong></span> <span class='ocrx_word' id='word_1_25' title='bbox 1139 482 1206 523; x_wconf 88' lang='lat' dir='ltr'><strong>cum</strong></span> <span class='ocrx_word' id='word_1_26' title='bbox 1253 475 1262 504; x_wconf 70' lang='lat' dir='ltr'><strong>s</strong></span> 
     </span>
     <span class='ocr_line' id='line_1_4' title="bbox 46 530 1206 617; baseline 0.004 -24"><span class='ocrx_word' id='word_1_27' title='bbox 46 546 154 594; x_wconf 89' lang='lat' dir='ltr'><strong>matre:</strong></span> <span class='ocrx_word' id='word_1_28' title='bbox 181 530 289 592; x_wconf 88' lang='lat' dir='ltr'><strong>deinde</strong></span> <span class='ocrx_word' id='word_1_29' title='bbox 309 533 456 594; x_wconf 88' lang='lat' dir='ltr'><strong>neminem</strong></span> <span class='ocrx_word' id='word_1_30' title='bbox 476 531 533 596; x_wconf 89' lang='lat' dir='ltr'><strong>ilis</strong></span> <span class='ocrx_word' id='word_1_31' title='bbox 553 535 784 611; x_wconf 75' lang='lat' dir='ltr'><strong>adversaturum,</strong></span> <span class='ocrx_word' id='word_1_32' title='bbox 810 539 881 617; x_wconf 88' lang='lat' dir='ltr'><strong>quin</strong></span> <span class='ocrx_word' id='word_1_33' title='bbox 906 557 971 598; x_wconf 90' lang='lat' dir='ltr'><strong>enm</strong></span> <span class='ocrx_word' id='word_1_34' title='bbox 996 539 1157 614; x_wconf 89' lang='lat' dir='ltr'><strong>abducant,</strong></span> <span class='ocrx_word' id='word_1_35' title='bbox 1180 540 1206 598; x_wconf 89' lang='lat' dir='ltr'><strong>si</strong></span> 
     </span>
     <span class='ocr_line' id='line_1_5' title="bbox 45 609 1205 692; baseline 0.004 -21"><span class='ocrx_word' id='word_1_36' title='bbox 45 611 135 671; x_wconf 90' lang='lat' dir='ltr'><strong>modo</strong></span> <span class='ocrx_word' id='word_1_37' title='bbox 155 609 367 688; x_wconf 80' lang='lat' dir='ltr'><strong>respondeant,</strong></span> <span class='ocrx_word' id='word_1_38' title='bbox 387 631 461 692; x_wconf 83' lang='lat' dir='ltr'><strong>opus</strong></span> <span class='ocrx_word' id='word_1_39' title='bbox 480 611 537 670; x_wconf 88' lang='lat' dir='ltr'>sibi</span> <span class='ocrx_word' id='word_1_40' title='bbox 557 633 629 672; x_wconf 88' lang='lat' dir='ltr'><strong>esse.</strong></span> <span class='ocrx_word' id='word_1_41' title='bbox 659 613 727 672; x_wconf 88' lang='lat' dir='ltr'><strong>Hoc</strong></span> <span class='ocrx_word' id='word_1_42' title='bbox 743 628 839 674; x_wconf 88' lang='lat' dir='ltr'><strong>autem</strong></span> <span class='ocrx_word' id='word_1_43' title='bbox 856 615 1105 676; x_wconf 86' lang='lat' dir='ltr'><strong>modoDeitatem</strong></span> <span class='ocrx_word' id='word_1_44' title='bbox 1124 637 1205 676; x_wconf 86' lang='lat' dir='ltr'><strong>suana</strong></span> 
     </span>
     <span class='ocr_line' id='line_1_6' title="bbox 46 685 1205 772; baseline 0.003 -26"><span class='ocrx_word' id='word_1_45' title='bbox 46 685 197 768; x_wconf 81' lang='lat' dir='ltr'><strong>probavit:</strong></span> <span class='ocrx_word' id='word_1_46' title='bbox 219 705 285 744; x_wconf 87' lang='lat' dir='ltr'><strong>nam</strong></span> <span class='ocrx_word' id='word_1_47' title='bbox 307 697 338 746; x_wconf 91' lang='lat' dir='ltr'><strong>et</strong></span> <span class='ocrx_word' id='word_1_48' title='bbox 356 707 416 746; x_wconf 86' lang='lat' dir='ltr'><strong>rem</strong></span> <span class='ocrx_word' id='word_1_49' title='bbox 438 686 588 748; x_wconf 81' lang='lat' dir='ltr'><strong>absentem</strong></span> <span class='ocrx_word' id='word_1_50' title='bbox 613 708 810 772; x_wconf 81' lang='lat' dir='ltr'><strong>cognoscere,</strong></span> <span class='ocrx_word' id='word_1_51' title='bbox 835 702 866 750; x_wconf 88' lang='lat' dir='ltr'><strong>et</strong></span> <span class='ocrx_word' id='word_1_52' title='bbox 889 691 977 752; x_wconf 88' lang='lat' dir='ltr'><strong>corda</strong></span> <span class='ocrx_word' id='word_1_53' title='bbox 1002 691 1154 752; x_wconf 91' lang='lat' dir='ltr'><strong>hominum</strong></span> <span class='ocrx_word' id='word_1_54' title='bbox 1174 692 1205 750; x_wconf 87' lang='lat' dir='ltr'><strong>in</strong></span> 
     </span>
     <span class='ocr_line' id='line_1_7' title="bbox 47 761 1206 847; baseline 0.002 -22"><span class='ocrx_word' id='word_1_55' title='bbox 47 777 193 825; x_wconf 78' lang='lat' dir='ltr'><strong>assensum</strong></span> <span class='ocrx_word' id='word_1_56' title='bbox 214 761 351 837; x_wconf 86' lang='lat' dir='ltr'><strong>flectere,</strong></span> <span class='ocrx_word' id='word_1_57' title='bbox 375 763 465 824; x_wconf 88' lang='lat' dir='ltr'><strong>solius</strong></span> <span class='ocrx_word' id='word_1_58' title='bbox 483 764 543 824; x_wconf 86' lang='lat' dir='ltr'><strong>Dei</strong></span> <span class='ocrx_word' id='word_1_59' title='bbox 569 764 634 824; x_wconf 84' lang='lat' dir='ltr'><strong>fuit.</strong></span> <span class='ocrx_word' id='word_1_60' title='bbox 672 767 738 826; x_wconf 85' lang='lat' dir='ltr'><strong>Etsi</strong></span> <span class='ocrx_word' id='word_1_61' title='bbox 757 769 836 827; x_wconf 90' lang='lat' dir='ltr'><strong>enim</strong></span> <span class='ocrx_word' id='word_1_62' title='bbox 855 767 919 827; x_wconf 85' lang='lat' dir='ltr'><strong>heri</strong></span> <span class='ocrx_word' id='word_1_63' title='bbox 938 769 1050 847; x_wconf 90' lang='lat' dir='ltr'><strong>potuit,</strong></span> <span class='ocrx_word' id='word_1_64' title='bbox 1074 781 1106 828; x_wconf 94' lang='lat' dir='ltr'><strong>ut</strong></span> <span class='ocrx_word' id='word_1_65' title='bbox 1131 768 1206 829; x_wconf 87' lang='lat' dir='ltr'><strong>asini</strong></span> 
     </span>
     <span class='ocr_line' id='line_1_8' title="bbox 47 837 1205 916; baseline 0.003 -16"><span class='ocrx_word' id='word_1_66' title='bbox 47 839 193 912; x_wconf 89' lang='lat' dir='ltr'><strong>dominus,</strong></span> <span class='ocrx_word' id='word_1_67' title='bbox 214 837 250 899; x_wconf 91' lang='lat' dir='ltr'><strong>de</strong></span> <span class='ocrx_word' id='word_1_68' title='bbox 271 837 323 898; x_wconf 91' lang='lat' dir='ltr'><strong>illo</strong></span> <span class='ocrx_word' id='word_1_69' title='bbox 343 860 404 900; x_wconf 92' lang='lat' dir='ltr'><strong>non</strong></span> <span class='ocrx_word' id='word_1_70' title='bbox 423 841 501 902; x_wconf 86' lang='lat' dir='ltr'><strong>male</strong></span> <span class='ocrx_word' id='word_1_71' title='bbox 519 842 660 916; x_wconf 88' lang='lat' dir='ltr'><strong>sentiens,</strong></span> <span class='ocrx_word' id='word_1_72' title='bbox 678 841 807 905; x_wconf 88' lang='lat' dir='ltr'><strong>libenter</strong></span> <span class='ocrx_word' id='word_1_73' title='bbox 826 857 984 908; x_wconf 82' lang='lat' dir='ltr'><strong>annueret:</strong></span> <span class='ocrx_word' id='word_1_74' title='bbox 1010 845 1139 906; x_wconf 85' lang='lat' dir='ltr'><strong>divinare</strong></span> <span class='ocrx_word' id='word_1_75' title='bbox 1158 856 1205 904; x_wconf 83' lang='lat' dir='ltr'><strong>ta-</strong></span> 
     </span>
     <span class='ocr_line' id='line_1_9' title="bbox 45 915 1206 996; baseline 0.005 -20"><span class='ocrx_word' id='word_1_76' title='bbox 45 939 113 976; x_wconf 89' lang='lat' dir='ltr'><strong>men</strong></span> <span class='ocrx_word' id='word_1_77' title='bbox 134 935 173 974; x_wconf 85' lang='lat' dir='ltr'><strong>an</strong></span> <span class='ocrx_word' id='word_1_78' title='bbox 194 915 306 977; x_wconf 81' lang='lat' dir='ltr'><strong>futurus</strong></span> <span class='ocrx_word' id='word_1_79' title='bbox 326 928 403 977; x_wconf 88' lang='lat' dir='ltr'><strong>esset</strong></span> <span class='ocrx_word' id='word_1_80' title='bbox 422 918 518 990; x_wconf 90' lang='lat' dir='ltr'><strong>domi,</strong></span> <span class='ocrx_word' id='word_1_81' title='bbox 542 938 579 976; x_wconf 88' lang='lat' dir='ltr'><strong>an</strong></span> <span class='ocrx_word' id='word_1_82' title='bbox 600 917 629 976; x_wconf 90' lang='lat' dir='ltr'><strong>ci</strong></span> <span class='ocrx_word' id='word_1_83' title='bbox 647 929 718 978; x_wconf 89' lang='lat' dir='ltr'><strong>tunc</strong></span> <span class='ocrx_word' id='word_1_84' title='bbox 738 921 925 980; x_wconf 88' lang='lat' dir='ltr'><strong>commodum</strong></span> <span class='ocrx_word' id='word_1_85' title='bbox 946 934 1035 996; x_wconf 90' lang='lat' dir='ltr'><strong>esset,</strong></span> <span class='ocrx_word' id='word_1_86' title='bbox 1060 943 1096 982; x_wconf 91' lang='lat' dir='ltr'><strong>an</strong></span> <span class='ocrx_word' id='word_1_87' title='bbox 1117 921 1206 982; x_wconf 85' lang='lat' dir='ltr'><strong>fidem</strong></span> 
     </span>
     <span class='ocr_line' id='line_1_10' title="bbox 47 991 1206 1070; baseline 0.005 -16"><span class='ocrx_word' id='word_1_88' title='bbox 47 993 199 1054; x_wconf 85' lang='lat' dir='ltr'><strong>habiturus</strong></span> <span class='ocrx_word' id='word_1_89' title='bbox 215 1003 295 1051; x_wconf 87' lang='lat' dir='ltr'><strong>esset</strong></span> <span class='ocrx_word' id='word_1_90' title='bbox 314 991 482 1054; x_wconf 88' lang='lat' dir='ltr'><strong>hominibus</strong></span> <span class='ocrx_word' id='word_1_91' title='bbox 502 995 512 1053; x_wconf 88' lang='lat' dir='ltr'><strong>i</strong></span> <span class='ocrx_word' id='word_1_92' title='bbox 557 994 630 1070; x_wconf 90' lang='lat' dir='ltr'><strong>otis,</strong></span> <span class='ocrx_word' id='word_1_93' title='bbox 654 1015 716 1054; x_wconf 92' lang='lat' dir='ltr'><strong>non</strong></span> <span class='ocrx_word' id='word_1_94' title='bbox 738 996 793 1055; x_wconf 87' lang='lat' dir='ltr'><strong>luit</strong></span> <span class='ocrx_word' id='word_1_95' title='bbox 811 997 842 1056; x_wconf 90' lang='lat' dir='ltr'><strong>in</strong></span> <span class='ocrx_word' id='word_1_96' title='bbox 863 997 988 1058; x_wconf 90' lang='lat' dir='ltr'><strong>hominis</strong></span> <span class='ocrx_word' id='word_1_97' title='bbox 1007 999 1137 1060; x_wconf 89' lang='lat' dir='ltr'><strong>mortalis</strong></span> <span class='ocrx_word' id='word_1_98' title='bbox 1157 1019 1206 1060; x_wconf 89' lang='lat' dir='ltr'><strong>ar·</strong></span> 
     </span>
     <span class='ocr_line' id='line_1_11' title="bbox 46 1067 1206 1157; baseline 0.004 -28"><span class='ocrx_word' id='word_1_99' title='bbox 46 1069 145 1130; x_wconf 82' lang='lat' dir='ltr'><strong>bitrio.</strong></span> <span class='ocrx_word' id='word_1_100' title='bbox 168 1067 275 1128; x_wconf 51' lang='lat' dir='ltr'><strong>*Sicuti</strong></span> <span class='ocrx_word' id='word_1_101' title='bbox 294 1081 392 1128; x_wconf 87' lang='lat' dir='ltr'><strong>autem</strong></span> <span class='ocrx_word' id='word_1_102' title='bbox 405 1071 517 1150; x_wconf 77' lang='lat' dir='ltr'><strong>discipu</strong></span> <span class='ocrx_word' id='word_1_103' title='bbox 530 1092 562 1130; x_wconf 93' lang='lat' dir='ltr'><strong>os</strong></span> <span class='ocrx_word' id='word_1_104' title='bbox 582 1071 737 1132; x_wconf 84' lang='lat' dir='ltr'><strong>confirmat</strong></span> <span class='ocrx_word' id='word_1_105' title='bbox 750 1071 894 1149; x_wconf 74' lang='lat' dir='ltr'><strong>Christos,</strong></span> <span class='ocrx_word' id='word_1_106' title='bbox 913 1085 947 1133; x_wconf 87' lang='lat' dir='ltr'><strong>ut</strong></span> <span class='ocrx_word' id='word_1_107' title='bbox 964 1076 1023 1136; x_wconf 92' lang='lat' dir='ltr'><strong>sint</strong></span> <span class='ocrx_word' id='word_1_108' title='bbox 1042 1077 1078 1137; x_wconf 91' lang='lat' dir='ltr'><strong>ad</strong></span> <span class='ocrx_word' id='word_1_109' title='bbox 1097 1096 1206 1157; x_wconf 89' lang='lat' dir='ltr'><strong>paren-</strong></span> 
     </span>
     <span class='ocr_line' id='line_1_12' title="bbox 45 1144 1206 1233; baseline 0.007 -29"><span class='ocrx_word' id='word_1_110' title='bbox 45 1146 114 1205; x_wconf 93' lang='lat' dir='ltr'><strong>dum</strong></span> <span class='ocrx_word' id='word_1_111' title='bbox 134 1144 310 1220; x_wconf 87' lang='lat' dir='ltr'><strong>alacriores,</strong></span> <span class='ocrx_word' id='word_1_112' title='bbox 336 1145 376 1206; x_wconf 90' lang='lat' dir='ltr'><strong>ita</strong></span> <span class='ocrx_word' id='word_1_113' title='bbox 395 1147 541 1222; x_wconf 79' lang='lat' dir='ltr'><strong>videmus,</strong></span> <span class='ocrx_word' id='word_1_114' title='bbox 561 1167 646 1226; x_wconf 91' lang='lat' dir='ltr'><strong>quam</strong></span> <span class='ocrx_word' id='word_1_115' title='bbox 667 1167 698 1208; x_wconf 84' lang='lat' dir='ltr'><strong>se</strong></span> <span class='ocrx_word' id='word_1_116' title='bbox 716 1149 884 1232; x_wconf 80' lang='lat' dir='ltr'><strong>morigeros</strong></span> <span class='ocrx_word' id='word_1_117' title='bbox 901 1151 1025 1211; x_wconf 79' lang='lat' dir='ltr'><strong>vicissim</strong></span> <span class='ocrx_word' id='word_1_118' title='bbox 1045 1163 1206 1233; x_wconf 84' lang='lat' dir='ltr'><strong>praestent.</strong></span> 
     </span>
    </p>
   </div>
   <div class='ocr_carea' id='block_1_3' title="bbox 38 1222 1318 2907">
    <p class='ocr_par' dir='ltr' id='par_1_3' title="bbox 38 1222 1318 2829">
     <span class='ocr_line' id='line_1_13' title="bbox 46 1222 1240 1359; baseline 0.006 -77"><span class='ocrx_word' id='word_1_119' title='bbox 46 1222 204 1359; x_wconf 77' lang='lat' dir='ltr'><strong>tSuccessus</strong></span> <span class='ocrx_word' id='word_1_120' title='bbox 223 1231 320 1282; x_wconf 85' lang='lat' dir='ltr'><strong>autem</strong></span> <span class='ocrx_word' id='word_1_121' title='bbox 341 1223 533 1300; x_wconf 87' lang='lat' dir='ltr'><strong>demonstrat,</strong></span> <span class='ocrx_word' id='word_1_122' title='bbox 552 1235 646 1283; x_wconf 84' lang='lat' dir='ltr'><strong>totum</strong></span> <span class='ocrx_word' id='word_1_123' title='bbox 666 1223 724 1318; x_wconf 83' lang='lat' dir='ltr'><strong>boc</strong></span> <span class='ocrx_word' id='word_1_124' title='bbox 737 1227 889 1353; x_wconf 60' lang='lat' dir='ltr'><strong>nepotiuan</strong></span> <span class='ocrx_word' id='word_1_125' title='bbox 904 1225 1041 1288; x_wconf 79' lang='lat' dir='ltr'><strong>divinitus</strong></span> <span class='ocrx_word' id='word_1_126' title='bbox 1053 1227 1206 1310; x_wconf 56' lang='lat' dir='ltr'><strong>guberna·</strong></span> <span class='ocrx_word' id='word_1_127' title='bbox 1226 1294 1240 1324; x_wconf 76' lang='lat' dir='ltr'><strong>e</strong></span> 
     </span>
     <span class='ocr_line' id='line_1_14' title="bbox 60 1317 1199 1358; baseline 0.002 0"><span class='ocrx_word' id='word_1_128' title='bbox 60 1319 108 1358; x_wconf 90' lang='lat' dir='ltr'><strong>um</strong></span> <span class='ocrx_word' id='word_1_129' title='bbox 129 1317 203 1358; x_wconf 89' lang='lat' dir='ltr'><strong>esse.</strong></span> <span class='ocrx_word' id='word_1_130' title='bbox 329 1325 333 1337; x_wconf 65' lang='lat'><em>¹</em></span> <span class='ocrx_word' id='word_1_131' title='bbox 681 1320 699 1334; x_wconf 50' lang='lat'><strong>¹*</strong></span> <span class='ocrx_word' id='word_1_132' title='bbox 1196 1322 1199 1331; x_wconf 67' lang='lat'>¹</span> 
     </span>
     <span class='ocr_line' id='line_1_15' title="bbox 122 1373 1269 1457; baseline 0.009 -25"><span class='ocrx_word' id='word_1_133' title='bbox 122 1381 151 1440; x_wconf 75' lang='lat'><strong>5.</strong></span> <span class='ocrx_word' id='word_1_134' title='bbox 191 1373 289 1434; x_wconf 74' lang='lat' dir='ltr'><strong>Dicite</strong></span> <span class='ocrx_word' id='word_1_135' title='bbox 304 1374 396 1454; x_wconf 72' lang='lat' dir='ltr'><strong>filine</strong></span> <span class='ocrx_word' id='word_1_136' title='bbox 418 1373 502 1436; x_wconf 72' lang='lat' dir='ltr'><strong>Sion.</strong></span> <span class='ocrx_word' id='word_1_137' title='bbox 546 1376 614 1436; x_wconf 84' lang='lat' dir='ltr'><strong>Hoc</strong></span> <span class='ocrx_word' id='word_1_138' title='bbox 638 1377 717 1457; x_wconf 89' lang='lat' dir='ltr'><strong>apud</strong></span> <span class='ocrx_word' id='word_1_139' title='bbox 741 1377 910 1438; x_wconf 84' lang='lat' dir='ltr'><strong>Zachariam</strong></span> <span class='ocrx_word' id='word_1_140' title='bbox 935 1397 996 1438; x_wconf 93' lang='lat' dir='ltr'><strong>non</strong></span> <span class='ocrx_word' id='word_1_141' title='bbox 1019 1377 1148 1440; x_wconf 87' lang='lat' dir='ltr'><strong>habetur</strong></span> <span class='ocrx_word' id='word_1_142' title='bbox 1170 1379 1208 1442; x_wconf 85' lang='lat' dir='ltr'><strong>ad</strong></span> <span class='ocrx_word' id='word_1_143' title='bbox 1262 1421 1269 1430; x_wconf 87' lang='lat'><em>-</em></span> 
     </span>
     <span class='ocr_line' id='line_1_16' title="bbox 43 1451 1208 1535; baseline 0.003 -22"><span class='ocrx_word' id='word_1_144' title='bbox 43 1451 182 1514; x_wconf 85' lang='lat' dir='ltr'><strong>verbum:</strong></span> <span class='ocrx_word' id='word_1_145' title='bbox 202 1451 274 1512; x_wconf 87' lang='lat' dir='ltr'><strong>scite</strong></span> <span class='ocrx_word' id='word_1_146' title='bbox 293 1462 392 1511; x_wconf 89' lang='lat' dir='ltr'><strong>tamen</strong></span> <span class='ocrx_word' id='word_1_147' title='bbox 413 1464 540 1534; x_wconf 87' lang='lat' dir='ltr'><strong>apteque</strong></span> <span class='ocrx_word' id='word_1_148' title='bbox 560 1453 760 1535; x_wconf 85' lang='lat' dir='ltr'><strong>Evangelista,</strong></span> <span class='ocrx_word' id='word_1_149' title='bbox 779 1454 953 1534; x_wconf 86' lang='lat' dir='ltr'><strong>quodDens</strong></span> <span class='ocrx_word' id='word_1_150' title='bbox 968 1455 1020 1516; x_wconf 84' lang='lat' dir='ltr'><strong>uui</strong></span> <span class='ocrx_word' id='word_1_151' title='bbox 1038 1456 1208 1535; x_wconf 78' lang='lat' dir='ltr'><strong>Prophetae</strong></span> 
     </span>
     <span class='ocr_line' id='line_1_17' title="bbox 44 1527 1207 1620; baseline 0.004 -32"><span class='ocrx_word' id='word_1_152' title='bbox 44 1527 156 1590; x_wconf 87' lang='lat' dir='ltr'><strong>testari&#39;</strong></span> <span class='ocrx_word' id='word_1_153' title='bbox 167 1527 331 1620; x_wconf 85' lang='lat' dir='ltr'><strong>praecepit,</strong></span> <span class='ocrx_word' id='word_1_154' title='bbox 351 1527 386 1588; x_wconf 90' lang='lat' dir='ltr'><strong>ad</strong></span> <span class='ocrx_word' id='word_1_155' title='bbox 405 1549 506 1590; x_wconf 89' lang='lat' dir='ltr'><strong>omnes</strong></span> <span class='ocrx_word' id='word_1_156' title='bbox 523 1529 588 1609; x_wconf 86' lang='lat' dir='ltr'><strong>pios</strong></span> <span class='ocrx_word' id='word_1_157' title='bbox 601 1531 739 1612; x_wconf 71' lang='lat' dir='ltr'><strong>doctores</strong></span> <span class='ocrx_word' id='word_1_158' title='bbox 752 1531 898 1591; x_wconf 74' lang='lat' dir='ltr'><strong>transfert.</strong></span> <span class='ocrx_word' id='word_1_159' title='bbox 930 1531 1107 1592; x_wconf 85' lang='lat' dir='ltr'><strong>llaec&#39;enim</strong></span> <span class='ocrx_word' id='word_1_160' title='bbox 1121 1534 1207 1593; x_wconf 87' lang='lat' dir='ltr'><strong>unica</strong></span> 
     </span>
     <span class='ocr_line' id='line_1_18' title="bbox 44 1603 1207 1688; baseline 0.003 -24"><span class='ocrx_word' id='word_1_161' title='bbox 44 1625 112 1686; x_wconf 87' lang='lat' dir='ltr'><strong>spes</strong></span> <span class='ocrx_word' id='word_1_162' title='bbox 134 1603 198 1678; x_wconf 81' lang='lat' dir='ltr'><strong>furt,</strong></span> <span class='ocrx_word' id='word_1_163' title='bbox 219 1625 325 1684; x_wconf 90' lang='lat' dir='ltr'><strong>quase</strong></span> <span class='ocrx_word' id='word_1_164' title='bbox 346 1604 397 1664; x_wconf 87' lang='lat' dir='ltr'><strong>lilii</strong></span> <span class='ocrx_word' id='word_1_165' title='bbox 417 1605 476 1666; x_wconf 86' lang='lat' dir='ltr'><strong>Dei</strong></span> <span class='ocrx_word' id='word_1_166' title='bbox 496 1617 526 1664; x_wconf 89' lang='lat' dir='ltr'><strong>et</strong></span> <span class='ocrx_word' id='word_1_167' title='bbox 545 1605 648 1666; x_wconf 87' lang='lat' dir='ltr'><strong>lulcire</strong></span> <span class='ocrx_word' id='word_1_168' title='bbox 670 1617 701 1666; x_wconf 90' lang='lat' dir='ltr'><strong>et</strong></span> <span class='ocrx_word' id='word_1_169' title='bbox 719 1607 762 1666; x_wconf 88' lang='lat' dir='ltr'><strong>eri</strong></span> <span class='ocrx_word' id='word_1_170' title='bbox 786 1627 835 1668; x_wconf 90' lang='lat' dir='ltr'><strong>ere</strong></span> <span class='ocrx_word' id='word_1_171' title='bbox 855 1607 1013 1682; x_wconf 81' lang='lat' dir='ltr'><strong>debebant,</strong></span> <span class='ocrx_word' id='word_1_172' title='bbox 1033 1609 1114 1688; x_wconf 92' lang='lat' dir='ltr'><strong>quod</strong></span> <span class='ocrx_word' id='word_1_173' title='bbox 1134 1612 1207 1668; x_wconf 83' lang='lat' dir='ltr'><strong>ven&#39;-</strong></span> 
     </span>
     <span class='ocr_line' id='line_1_19' title="bbox 43 1681 1208 1766; baseline 0.005 -26"><span class='ocrx_word' id='word_1_174' title='bbox 43 1693 128 1742; x_wconf 90' lang='lat' dir='ltr'><strong>turns</strong></span> <span class='ocrx_word' id='word_1_175' title='bbox 148 1681 267 1739; x_wconf 90' lang='lat' dir='ltr'><strong>tandem</strong></span> <span class='ocrx_word' id='word_1_176' title='bbox 288 1691 364 1742; x_wconf 89' lang='lat' dir='ltr'><strong>esset</strong></span> <span class='ocrx_word' id='word_1_177' title='bbox 383 1681 575 1762; x_wconf 80' lang='lat' dir='ltr'><strong>Redemptor.</strong></span> <span class='ocrx_word' id='word_1_178' title='bbox 603 1683 737 1761; x_wconf 89' lang='lat' dir='ltr'><strong>Ideoque</strong></span> <span class='ocrx_word' id='word_1_179' title='bbox 776 1683 900 1763; x_wconf 82' lang='lat' dir='ltr'><strong>copheta</strong></span> <span class='ocrx_word' id='word_1_180' title='bbox 912 1683 1030 1766; x_wconf 87' lang='lat' dir='ltr'><strong>plenam</strong></span> <span class='ocrx_word' id='word_1_181' title='bbox 1043 1695 1074 1744; x_wconf 89' lang='lat' dir='ltr'><strong>et</strong></span> <span class='ocrx_word' id='word_1_182' title='bbox 1084 1681 1208 1746; x_wconf 88' lang='lat' dir='ltr'><strong>solidam</strong></span> 
     </span>
     <span class='ocr_line' id='line_1_20' title="bbox 43 1755 1208 1843; baseline 0.003 -26"><span class='ocrx_word' id='word_1_183' title='bbox 43 1755 176 1818; x_wconf 88' lang='lat' dir='ltr'><strong>laetitiae</strong></span> <span class='ocrx_word' id='word_1_184' title='bbox 197 1757 346 1818; x_wconf 88' lang='lat' dir='ltr'><strong>materiam</strong></span> <span class='ocrx_word' id='word_1_185' title='bbox 368 1757 478 1818; x_wconf 84' lang='lat' dir='ltr'><strong>Christi</strong></span> <span class='ocrx_word' id='word_1_186' title='bbox 498 1759 625 1837; x_wconf 83' lang='lat' dir='ltr'><strong>adventu</strong></span> <span class='ocrx_word' id='word_1_187' title='bbox 644 1759 747 1819; x_wconf 79' lang='lat' dir='ltr'><strong>afferri</strong></span> <span class='ocrx_word' id='word_1_188' title='bbox 767 1759 856 1822; x_wconf 88' lang='lat' dir='ltr'><strong>docet</strong></span> <span class='ocrx_word' id='word_1_189' title='bbox 871 1759 1016 1832; x_wconf 83' lang='lat' dir='ltr'><strong>fidelibus.</strong></span> <span class='ocrx_word' id='word_1_190' title='bbox 1044 1761 1119 1820; x_wconf 89' lang='lat' dir='ltr'><strong>Nam</strong></span> <span class='ocrx_word' id='word_1_191' title='bbox 1139 1762 1208 1843; x_wconf 91' lang='lat' dir='ltr'><strong>quia</strong></span> 
     </span>
     <span class='ocr_line' id='line_1_21' title="bbox 43 1832 1209 1917; baseline 0.003 -23"><span class='ocrx_word' id='word_1_192' title='bbox 43 1855 109 1894; x_wconf 90' lang='lat' dir='ltr'><strong>non</strong></span> <span class='ocrx_word' id='word_1_193' title='bbox 131 1832 219 1892; x_wconf 89' lang='lat' dir='ltr'><strong>aliter</strong></span> <span class='ocrx_word' id='word_1_194' title='bbox 236 1835 383 1914; x_wconf 85' lang='lat' dir='ltr'><strong>propitius</strong></span> <span class='ocrx_word' id='word_1_195' title='bbox 403 1846 448 1894; x_wconf 91' lang='lat' dir='ltr'><strong>est</strong></span> <span class='ocrx_word' id='word_1_196' title='bbox 465 1835 524 1896; x_wconf 88' lang='lat' dir='ltr'><strong>illis</strong></span> <span class='ocrx_word' id='word_1_197' title='bbox 542 1834 643 1910; x_wconf 79' lang='lat' dir='ltr'><strong>Deus,</strong></span> <span class='ocrx_word' id='word_1_198' title='bbox 664 1855 749 1916; x_wconf 86' lang='lat' dir='ltr'><strong>quam</strong></span> <span class='ocrx_word' id='word_1_199' title='bbox 770 1837 936 1897; x_wconf 82' lang='lat' dir='ltr'><strong>Mediatore</strong></span> <span class='ocrx_word' id='word_1_200' title='bbox 955 1837 1151 1917; x_wconf 90' lang='lat' dir='ltr'><strong>interposito,</strong></span> <span class='ocrx_word' id='word_1_201' title='bbox 1177 1845 1209 1899; x_wconf 86' lang='lat' dir='ltr'><strong>et</strong></span> 
     </span>
     <span class='ocr_line' id='line_1_22' title="bbox 42 1910 1210 2006; baseline 0.005 -36"><span class='ocrx_word' id='word_1_202' title='bbox 42 1911 124 1970; x_wconf 84' lang='lat' dir='ltr'><strong>idem</strong></span> <span class='ocrx_word' id='word_1_203' title='bbox 145 1920 191 1970; x_wconf 90' lang='lat' dir='ltr'><strong>est</strong></span> <span class='ocrx_word' id='word_1_204' title='bbox 202 1910 359 1986; x_wconf 84' lang='lat' dir='ltr'><strong>Mediator,</strong></span> <span class='ocrx_word' id='word_1_205' title='bbox 379 1912 536 2004; x_wconf 73' lang='lat' dir='ltr'><strong>quisnosa</strong></span> <span class='ocrx_word' id='word_1_206' title='bbox 551 1911 634 2004; x_wconf 75' lang='lat' dir='ltr'><strong>malis</strong></span> <span class='ocrx_word' id='word_1_207' title='bbox 647 1913 784 2005; x_wconf 71' lang='lat' dir='ltr'><strong>omuibus</strong></span> <span class='ocrx_word' id='word_1_208' title='bbox 800 1911 916 2004; x_wconf 71' lang='lat' dir='ltr'><strong>liberat,</strong></span> <span class='ocrx_word' id='word_1_209' title='bbox 937 1915 1103 2006; x_wconf 44' lang='lat' dir='ltr'><strong>qui&#39;d&#39;ertra</strong></span> <span class='ocrx_word' id='word_1_210' title='bbox 1115 1914 1210 1994; x_wconf 86' lang='lat' dir='ltr'><strong>ipsum</strong></span> 
     </span>
     <span class='ocr_line' id='line_1_23' title="bbox 43 1987 1318 2146; baseline -0.002 -22"><span class='ocrx_word' id='word_1_211' title='bbox 43 1987 1067 2127; x_wconf 53' lang='lat' dir='ltr'><strong>:33²titulat‘’lltlttitt‘iteretltlt‘tsltt‘tti</strong></span> <span class='ocrx_word' id='word_1_212' title='bbox 1083 2011 1232 2146; x_wconf 57' lang='lat' dir='ltr'><strong>{tlte</strong></span> <span class='ocrx_word' id='word_1_213' title='bbox 1301 2081 1318 2114; x_wconf 78' lang='lat'><strong>.</strong></span> 
     </span>
     <span class='ocr_line' id='line_1_24' title="bbox 38 2138 1210 2221; baseline 0.002 -21"><span class='ocrx_word' id='word_1_214' title='bbox 38 2138 157 2200; x_wconf 80' lang='lat' dir='ltr'><strong>conflri</strong></span> <span class='ocrx_word' id='word_1_215' title='bbox 177 2157 296 2200; x_wconf 86' lang='lat' dir='ltr'><strong>necesse</strong></span> <span class='ocrx_word' id='word_1_216' title='bbox 316 2141 429 2209; x_wconf 66' lang='lat' dir='ltr'><strong>est,ita</strong></span> <span class='ocrx_word' id='word_1_217' title='bbox 449 2161 562 2200; x_wconf 88' lang='lat' dir='ltr'><strong>rursum</strong></span> <span class='ocrx_word' id='word_1_218' title='bbox 582 2141 683 2200; x_wconf 81' lang='lat' dir='ltr'><strong>fideles</strong></span> <span class='ocrx_word' id='word_1_219' title='bbox 709 2144 850 2201; x_wconf 87' lang='lat' dir='ltr'><strong>admonet</strong></span> <span class='ocrx_word' id='word_1_220' title='bbox 873 2141 1041 2221; x_wconf 70' lang='lat' dir='ltr'><strong>l&#39;rhpheta&#39;,</strong></span> <span class='ocrx_word' id='word_1_221' title='bbox 1066 2161 1129 2202; x_wconf 85' lang='lat' dir='ltr'><strong>esse</strong></span> <span class='ocrx_word' id='word_1_222' title='bbox 1157 2163 1210 2202; x_wconf 84' lang='lat' dir='ltr'><strong>cur</strong></span> 
     </span>
     <span class='ocr_line' id='line_1_25' title="bbox 41 2213 1210 2297; baseline -0.001 -19"><span class='ocrx_word' id='word_1_223' title='bbox 41 2215 144 2278; x_wconf 82' lang='lat' dir='ltr'><strong>solide</strong></span> <span class='ocrx_word' id='word_1_224' title='bbox 164 2215 322 2296; x_wconf 80' lang='lat' dir='ltr'><strong>gaudeant,</strong></span> <span class='ocrx_word' id='word_1_225' title='bbox 339 2213 391 2274; x_wconf 90' lang='lat' dir='ltr'><strong>ubi</strong></span> <span class='ocrx_word' id='word_1_226' title='bbox 411 2214 467 2275; x_wconf 89' lang='lat' dir='ltr'><strong>illis</strong></span> <span class='ocrx_word' id='word_1_227' title='bbox 487 2216 571 2276; x_wconf 85' lang='lat' dir='ltr'><strong>adest</strong></span> <span class='ocrx_word' id='word_1_228' title='bbox 588 2217 781 2296; x_wconf 81' lang='lat' dir='ltr'><strong>Redemptor.</strong></span> <span class='ocrx_word' id='word_1_229' title='bbox 822 2217 999 2297; x_wconf 88' lang='lat' dir='ltr'><strong>Quanquam</strong></span> <span class='ocrx_word' id='word_1_230' title='bbox 1025 2230 1121 2288; x_wconf 79' lang='lat' dir='ltr'><strong>autem</strong></span> <span class='ocrx_word' id='word_1_231' title='bbox 1147 2217 1210 2278; x_wconf 90' lang='lat' dir='ltr'><strong>aliis</strong></span> 
     </span>
     <span class='ocr_line' id='line_1_26' title="bbox 43 2288 1210 2374; baseline -0.001 -21"><span class='ocrx_word' id='word_1_232' title='bbox 43 2288 156 2374; x_wconf 84' lang='lat' dir='ltr'><strong>elogiis</strong></span> <span class='ocrx_word' id='word_1_233' title='bbox 177 2289 544 2365; x_wconf 60' lang='lat' dir='ltr'><strong>Christummommendat,</strong></span> <span class='ocrx_word' id='word_1_234' title='bbox 562 2310 670 2370; x_wconf 87' lang='lat' dir='ltr'><strong>nempe</strong></span> <span class='ocrx_word' id='word_1_235' title='bbox 684 2293 770 2370; x_wconf 92' lang='lat' dir='ltr'><strong>quod</strong></span> <span class='ocrx_word' id='word_1_236' title='bbox 782 2293 872 2354; x_wconf 91' lang='lat' dir='ltr'><strong>iustus</strong></span> <span class='ocrx_word' id='word_1_237' title='bbox 883 2294 920 2352; x_wconf 85' lang='lat' dir='ltr'><strong>sit</strong></span> <span class='ocrx_word' id='word_1_238' title='bbox 939 2304 970 2352; x_wconf 93' lang='lat' dir='ltr'><strong>et</strong></span> <span class='ocrx_word' id='word_1_239' title='bbox 989 2292 1081 2352; x_wconf 86' lang='lat' dir='ltr'><strong>salute</strong></span> <span class='ocrx_word' id='word_1_240' title='bbox 1101 2293 1210 2354; x_wconf 84' lang='lat' dir='ltr'><strong>instro·-</strong></span> 
     </span>
     <span class='ocr_line' id='line_1_27' title="bbox 42 2355 1268 2450; baseline -0.001 -20"><span class='ocrx_word' id='word_1_241' title='bbox 42 2382 123 2444; x_wconf 89' lang='lat' dir='ltr'><strong>ctus,</strong></span> <span class='ocrx_word' id='word_1_242' title='bbox 143 2387 205 2426; x_wconf 89' lang='lat' dir='ltr'><strong>non</strong></span> <span class='ocrx_word' id='word_1_243' title='bbox 226 2365 282 2424; x_wconf 90' lang='lat' dir='ltr'><strong>nisi</strong></span> <span class='ocrx_word' id='word_1_244' title='bbox 308 2365 480 2446; x_wconf 83' lang='lat' dir='ltr'><strong>particulam</strong></span> <span class='ocrx_word' id='word_1_245' title='bbox 504 2355 592 2426; x_wconf 88' lang='lat' dir='ltr'><strong>u&#39;nam</strong></span> <span class='ocrx_word' id='word_1_246' title='bbox 617 2368 739 2446; x_wconf 88' lang='lat' dir='ltr'><strong>sumpsit</strong></span> <span class='ocrx_word' id='word_1_247' title='bbox 756 2367 938 2442; x_wconf 79' lang='lat' dir='ltr'><strong>Matthaeus,</strong></span> <span class='ocrx_word' id='word_1_248' title='bbox 959 2389 1034 2448; x_wconf 91' lang='lat' dir='ltr'><strong>quae</strong></span> <span class='ocrx_word' id='word_1_249' title='bbox 1054 2371 1210 2450; x_wconf 78' lang='lat' dir='ltr'><strong>proposito</strong></span> <span class='ocrx_word' id='word_1_250' title='bbox 1263 2407 1268 2416; x_wconf 92' lang='lat'><em>-</em></span> 
     </span>
     <span class='ocr_line' id='line_1_28' title="bbox 40 2441 1212 2534; baseline 0.004 -34"><span class='ocrx_word' id='word_1_251' title='bbox 40 2465 100 2506; x_wconf 78' lang='lat' dir='ltr'><strong>suo</strong></span> <span class='ocrx_word' id='word_1_252' title='bbox 144 2441 297 2514; x_wconf 85' lang='lat' dir='ltr'><strong>uadrahat,</strong></span> <span class='ocrx_word' id='word_1_253' title='bbox 317 2461 423 2522; x_wconf 86' lang='lat' dir='ltr'><strong>nempe</strong></span> <span class='ocrx_word' id='word_1_254' title='bbox 445 2443 524 2522; x_wconf 89' lang='lat' dir='ltr'><strong>quod</strong></span> <span class='ocrx_word' id='word_1_255' title='bbox 543 2461 657 2534; x_wconf 85' lang='lat' dir='ltr'><strong>pauper</strong></span> <span class='ocrx_word' id='word_1_256' title='bbox 674 2453 813 2503; x_wconf 82' lang='lat' dir='ltr'><strong>venturus</strong></span> <span class='ocrx_word' id='word_1_257' title='bbox 833 2444 935 2504; x_wconf 80' lang='lat' dir='ltr'><strong>situel</strong></span> <span class='ocrx_word' id='word_1_258' title='bbox 956 2451 1132 2518; x_wconf 73' lang='lat' dir='ltr'><strong>mansuetus,</strong></span> <span class='ocrx_word' id='word_1_259' title='bbox 1153 2445 1212 2506; x_wconf 80' lang='lat' dir='ltr'><strong>hoe</strong></span> 
     </span>
     <span class='ocr_line' id='line_1_29' title="bbox 41 2463 1210 2656; baseline 0.003 -78"><span class='ocrx_word' id='word_1_260' title='bbox 41 2533 102 2596; x_wconf 77' lang='lat' dir='ltr'><strong>est,</strong></span> <span class='ocrx_word' id='word_1_261' title='bbox 122 2463 273 2578; x_wconf 73' lang='lat' dir='ltr'><strong>dissimilis</strong></span> <span class='ocrx_word' id='word_1_262' title='bbox 287 2517 407 2598; x_wconf 85' lang='lat' dir='ltr'><strong>regibus</strong></span> <span class='ocrx_word' id='word_1_263' title='bbox 417 2518 553 2592; x_wconf 89' lang='lat' dir='ltr'><strong>terrenis,</strong></span> <span class='ocrx_word' id='word_1_264' title='bbox 569 2539 620 2597; x_wconf 83' lang='lat' dir='ltr'><strong>qur</strong></span> <span class='ocrx_word' id='word_1_265' title='bbox 635 2539 681 2578; x_wconf 85' lang='lat' dir='ltr'><strong>ma</strong></span> <span class='ocrx_word' id='word_1_266' title='bbox 724 2519 793 2580; x_wconf 85' lang='lat' dir='ltr'><strong>ilico</strong></span> <span class='ocrx_word' id='word_1_267' title='bbox 814 2531 845 2580; x_wconf 91' lang='lat' dir='ltr'><strong>et</strong></span> <span class='ocrx_word' id='word_1_268' title='bbox 857 2527 1028 2656; x_wconf 74' lang='lat' dir='ltr'><strong>sumptuoso</strong></span> <span class='ocrx_word' id='word_1_269' title='bbox 1050 2519 1150 2579; x_wconf 84' lang='lat' dir='ltr'><strong>habitu</strong></span> <span class='ocrx_word' id='word_1_270' title='bbox 1161 2541 1210 2582; x_wconf 82' lang='lat' dir='ltr'><strong>ex-</strong></span> 
     </span>
     <span class='ocr_line' id='line_1_30' title="bbox 42 2593 1213 2676; baseline -0.003 -17"><span class='ocrx_word' id='word_1_271' title='bbox 42 2597 172 2659; x_wconf 84' lang='lat' dir='ltr'><strong>cellunt.</strong></span> <span class='ocrx_word' id='word_1_272' title='bbox 211 2595 274 2654; x_wconf 90' lang='lat' dir='ltr'><strong>Iam</strong></span> <span class='ocrx_word' id='word_1_273' title='bbox 293 2593 473 2674; x_wconf 86' lang='lat' dir='ltr'><strong>paupertatis</strong></span> <span class='ocrx_word' id='word_1_274' title='bbox 497 2593 638 2655; x_wconf 89' lang='lat' dir='ltr'><strong>indicium</strong></span> <span class='ocrx_word' id='word_1_275' title='bbox 657 2617 689 2655; x_wconf 87' lang='lat' dir='ltr'><strong>su</strong></span> <span class='ocrx_word' id='word_1_276' title='bbox 712 2595 823 2671; x_wconf 90' lang='lat' dir='ltr'><strong>iieitur,</strong></span> <span class='ocrx_word' id='word_1_277' title='bbox 851 2614 910 2676; x_wconf 93' lang='lat' dir='ltr'><strong>quo</strong></span> <span class='ocrx_word' id='word_1_278' title='bbox 956 2616 972 2658; x_wconf 90' lang='lat' dir='ltr'><strong>e</strong></span> <span class='ocrx_word' id='word_1_279' title='bbox 1016 2596 1024 2610; x_wconf 76' lang='lat'><em>⁶</em></span> <span class='ocrx_word' id='word_1_280' title='bbox 1058 2594 1105 2668; x_wconf 72' lang='lat' dir='ltr'><strong>bit</strong></span> <span class='ocrx_word' id='word_1_281' title='bbox 1124 2614 1213 2676; x_wconf 82' lang='lat' dir='ltr'><strong>super</strong></span> 
     </span>
     <span class='ocr_line' id='line_1_31' title="bbox 41 2608 1213 2760; baseline -0.003 -25"><span class='ocrx_word' id='word_1_282' title='bbox 41 2674 163 2735; x_wconf 84' lang='lat' dir='ltr'><strong>asinum</strong></span> <span class='ocrx_word' id='word_1_283' title='bbox 184 2670 231 2730; x_wconf 87' lang='lat' dir='ltr'><strong>vel</strong></span> <span class='ocrx_word' id='word_1_284' title='bbox 250 2671 342 2730; x_wconf 83' lang='lat' dir='ltr'><strong>filium</strong></span> <span class='ocrx_word' id='word_1_285' title='bbox 351 2671 463 2730; x_wconf 89' lang='lat' dir='ltr'><strong>asinae:</strong></span> <span class='ocrx_word' id='word_1_286' title='bbox 484 2669 668 2751; x_wconf 87' lang='lat' dir='ltr'><strong>nequeenim</strong></span> <span class='ocrx_word' id='word_1_287' title='bbox 680 2670 800 2732; x_wconf 83' lang='lat' dir='ltr'><strong>dubium</strong></span> <span class='ocrx_word' id='word_1_288' title='bbox 812 2683 866 2760; x_wconf 84' lang='lat' dir='ltr'><strong>est,</strong></span> <span class='ocrx_word' id='word_1_289' title='bbox 886 2673 956 2753; x_wconf 88' lang='lat' dir='ltr'><strong>quin</strong></span> <span class='ocrx_word' id='word_1_290' title='bbox 968 2608 1117 2756; x_wconf 53' lang='lat' dir='ltr'><strong>{libitum</strong></span> <span class='ocrx_word' id='word_1_291' title='bbox 1129 2671 1213 2754; x_wconf 53' lang='lat' dir='ltr'><strong>equi}</strong></span> 
     </span>
     <span class='ocr_line' id='line_1_32' title="bbox 41 2747 795 2829; baseline -0.007 -17"><span class='ocrx_word' id='word_1_292' title='bbox 41 2749 132 2812; x_wconf 87' lang='lat' dir='ltr'><strong>tandi</strong></span> <span class='ocrx_word' id='word_1_293' title='bbox 153 2747 273 2808; x_wconf 87' lang='lat' dir='ltr'><strong>modum</strong></span> <span class='ocrx_word' id='word_1_294' title='bbox 293 2768 325 2807; x_wconf 91' lang='lat' dir='ltr'><strong>re</strong></span> <span class='ocrx_word' id='word_1_295' title='bbox 351 2747 394 2807; x_wconf 87' lang='lat' dir='ltr'><strong>&#39;ae</strong></span> <span class='ocrx_word' id='word_1_296' title='bbox 414 2747 600 2829; x_wconf 90' lang='lat' dir='ltr'><strong>amplitudini</strong></span> <span class='ocrx_word' id='word_1_297' title='bbox 619 2759 762 2828; x_wconf 90' lang='lat' dir='ltr'><strong>opponat.</strong></span> <span class='ocrx_word' id='word_1_298' title='bbox 792 2771 795 2790; x_wconf 77' lang='lat'>¹</span> 
     </span>
    </p>

    <p class='ocr_par' dir='ltr' id='par_1_4' title="bbox 122 2767 1214 2907">
     <span class='ocr_line' id='line_1_33' title="bbox 122 2767 1214 2907; baseline 0.001 -23"><span class='ocrx_word' id='word_1_299' title='bbox 122 2831 151 2890; x_wconf 85' lang='lat'><strong>6.</strong></span> <span class='ocrx_word' id='word_1_300' title='bbox 192 2821 301 2884; x_wconf 62' lang='lat' dir='ltr'><strong>&amp;ntes</strong></span> <span class='ocrx_word' id='word_1_301' title='bbox 319 2767 464 2900; x_wconf 51' lang='lat' dir='ltr'><strong>diepolt.</strong></span> <span class='ocrx_word' id='word_1_302' title='bbox 502 2825 564 2884; x_wconf 88' lang='lat' dir='ltr'><strong>Iam</strong></span> <span class='ocrx_word' id='word_1_303' title='bbox 589 2846 630 2884; x_wconf 90' lang='lat' dir='ltr'><strong>nu</strong></span> <span class='ocrx_word' id='word_1_304' title='bbox 653 2845 687 2884; x_wconf 88' lang='lat' dir='ltr'><strong>er</strong></span> <span class='ocrx_word' id='word_1_305' title='bbox 711 2825 820 2886; x_wconf 87' lang='lat' dir='ltr'><strong>dictum</strong></span> <span class='ocrx_word' id='word_1_306' title='bbox 846 2833 906 2901; x_wconf 88' lang='lat' dir='ltr'><strong>est,</strong></span> <span class='ocrx_word' id='word_1_307' title='bbox 935 2823 982 2886; x_wconf 88' lang='lat' dir='ltr'><strong>hie</strong></span> <span class='ocrx_word' id='word_1_308' title='bbox 1003 2823 1039 2907; x_wconf 62' lang='grc' dir='ltr'><strong>ξπ</strong></span> <span class='ocrx_word' id='word_1_309' title='bbox 1065 2825 1136 2886; x_wconf 90' lang='lat' dir='ltr'><strong>disci</strong></span> <span class='ocrx_word' id='word_1_310' title='bbox 1158 2823 1214 2885; x_wconf 85' lang='lat' dir='ltr'><strong>ulis</strong></span> 
     </span>
    </p>
   </div>
   <div class='ocr_carea' id='block_1_4' title="bbox 43 2845 1213 3038">
    <p class='ocr_par' dir='ltr' id='par_1_5' title="bbox 43 2845 1213 3038">
     <span class='ocr_line' id='line_1_34' title="bbox 43 2845 1213 3038; baseline 0 -74"><span class='ocrx_word' id='word_1_311' title='bbox 43 2901 162 2964; x_wconf 86' lang='lat' dir='ltr'><strong>laudari</strong></span> <span class='ocrx_word' id='word_1_312' title='bbox 183 2912 352 2982; x_wconf 86' lang='lat' dir='ltr'><strong>promptum</strong></span> <span class='ocrx_word' id='word_1_313' title='bbox 373 2901 557 2981; x_wconf 87' lang='lat' dir='ltr'><strong>obsequendi</strong></span> <span class='ocrx_word' id='word_1_314' title='bbox 576 2845 711 2964; x_wconf 80' lang='lat' dir='ltr'><strong>studium.</strong></span> <span class='ocrx_word' id='word_1_315' title='bbox 740 2903 810 2961; x_wconf 91' lang='lat' dir='ltr'><strong>Non</strong></span> <span class='ocrx_word' id='word_1_316' title='bbox 824 2902 902 2962; x_wconf 89' lang='lat' dir='ltr'><strong>enim</strong></span> <span class='ocrx_word' id='word_1_317' title='bbox 917 2911 1082 3038; x_wconf 70' lang='lat' dir='ltr'><strong>tantaperat</strong></span> <span class='ocrx_word' id='word_1_318' title='bbox 1103 2901 1127 2961; x_wconf 87' lang='lat' dir='ltr'>C</span> <span class='ocrx_word' id='word_1_319' title='bbox 1166 2901 1213 2964; x_wconf 86' lang='lat' dir='ltr'><strong>isti</strong></span> 
     </span>
    </p>
   </div>
   <div class='ocr_carea' id='block_1_5' title="bbox 43 2976 1227 4438">
    <p class='ocr_par' dir='ltr' id='par_1_6' title="bbox 43 2976 1226 3512">
     <span class='ocr_line' id='line_1_35' title="bbox 43 2976 1213 3060; baseline -0.002 -21"><span class='ocrx_word' id='word_1_320' title='bbox 43 2976 221 3052; x_wconf 87' lang='lat' dir='ltr'><strong>auctoritas,</strong></span> <span class='ocrx_word' id='word_1_321' title='bbox 239 2989 271 3037; x_wconf 92' lang='lat' dir='ltr'><strong>ut</strong></span> <span class='ocrx_word' id='word_1_322' title='bbox 290 2977 384 3039; x_wconf 87' lang='lat' dir='ltr'><strong>solum</strong></span> <span class='ocrx_word' id='word_1_323' title='bbox 405 2977 466 3038; x_wconf 90' lang='lat' dir='ltr'><strong>eius</strong></span> <span class='ocrx_word' id='word_1_324' title='bbox 485 2997 594 3038; x_wconf 91' lang='lat' dir='ltr'><strong>nomen</strong></span> <span class='ocrx_word' id='word_1_325' title='bbox 615 2977 835 3038; x_wconf 83' lang='lat' dir='ltr'><strong>admovendos</strong></span> <span class='ocrx_word' id='word_1_326' title='bbox 859 2979 979 3060; x_wconf 79' lang='lat' dir='ltr'><strong>ignotos</strong></span> <span class='ocrx_word' id='word_1_327' title='bbox 1020 2979 1131 3040; x_wconf 88' lang='lat' dir='ltr'><strong>omines</strong></span> <span class='ocrx_word' id='word_1_328' title='bbox 1151 2978 1213 3038; x_wconf 83' lang='lat' dir='ltr'><strong>sul-</strong></span> 
     </span>
     <span class='ocr_line' id='line_1_36' title="bbox 44 3049 1214 3136; baseline -0.001 -21"><span class='ocrx_word' id='word_1_329' title='bbox 44 3049 167 3116; x_wconf 81' lang='lat' dir='ltr'><strong>ficeret&#39;:</strong></span> <span class='ocrx_word' id='word_1_330' title='bbox 188 3054 295 3115; x_wconf 92' lang='lat' dir='ltr'><strong>deinde</strong></span> <span class='ocrx_word' id='word_1_331' title='bbox 314 3053 444 3114; x_wconf 85' lang='lat' dir='ltr'><strong>timenda</strong></span> <span class='ocrx_word' id='word_1_332' title='bbox 463 3065 527 3114; x_wconf 85' lang='lat' dir='ltr'><strong>erat</strong></span> <span class='ocrx_word' id='word_1_333' title='bbox 544 3055 616 3114; x_wconf 87' lang='lat' dir='ltr'><strong>furti</strong></span> <span class='ocrx_word' id='word_1_334' title='bbox 635 3053 765 3116; x_wconf 78' lang='lat' dir='ltr'><strong>infamia.</strong></span> <span class='ocrx_word' id='word_1_335' title='bbox 794 3055 872 3114; x_wconf 84' lang='lat' dir='ltr'><strong>Hinc</strong></span> <span class='ocrx_word' id='word_1_336' title='bbox 885 3076 918 3115; x_wconf 89' lang='lat' dir='ltr'><strong>er</strong></span> <span class='ocrx_word' id='word_1_337' title='bbox 939 3053 1100 3135; x_wconf 83' lang='lat' dir='ltr'><strong>oa&#39;pparet,</strong></span> <span class='ocrx_word' id='word_1_338' title='bbox 1120 3077 1214 3136; x_wconf 87' lang='lat' dir='ltr'><strong>quan-</strong></span> 
     </span>
     <span class='ocr_line' id='line_1_37' title="bbox 46 3129 1216 3222; baseline 0.002 -31"><span class='ocrx_word' id='word_1_339' title='bbox 46 3145 112 3191; x_wconf 89' lang='lat' dir='ltr'><strong>tum</strong></span> <span class='ocrx_word' id='word_1_340' title='bbox 134 3131 278 3212; x_wconf 78' lang='lat' dir='ltr'><strong>Magistro</strong></span> <span class='ocrx_word' id='word_1_341' title='bbox 300 3129 469 3205; x_wconf 85' lang='lat' dir='ltr'><strong>detulerint,</strong></span> <span class='ocrx_word' id='word_1_342' title='bbox 489 3132 557 3192; x_wconf 90' lang='lat' dir='ltr'><strong>dum</strong></span> <span class='ocrx_word' id='word_1_343' title='bbox 576 3130 650 3190; x_wconf 89' lang='lat' dir='ltr'><strong>nihil</strong></span> <span class='ocrx_word' id='word_1_344' title='bbox 669 3144 857 3222; x_wconf 86' lang='lat' dir='ltr'><strong>responsant,</strong></span> <span class='ocrx_word' id='word_1_345' title='bbox 872 3151 903 3192; x_wconf 84' lang='lat' dir='ltr'><strong>se</strong></span> <span class='ocrx_word' id='word_1_346' title='bbox 945 3133 1006 3192; x_wconf 91' lang='lat' dir='ltr'><strong>eius</strong></span> <span class='ocrx_word' id='word_1_347' title='bbox 1022 3131 1164 3193; x_wconf 88' lang='lat' dir='ltr'><strong>mandato</strong></span> <span class='ocrx_word' id='word_1_348' title='bbox 1185 3143 1216 3193; x_wconf 90' lang='lat' dir='ltr'><strong>et</strong></span> 
     </span>
     <span class='ocr_line' id='line_1_38' title="bbox 43 3205 1215 3289; baseline 0.003 -23"><span class='ocrx_word' id='word_1_349' title='bbox 43 3207 249 3288; x_wconf 86' lang='lat' dir='ltr'><strong>promissione</strong></span> <span class='ocrx_word' id='word_1_350' title='bbox 276 3205 344 3267; x_wconf 85' lang='lat' dir='ltr'><strong>l&#39;reti</strong></span> <span class='ocrx_word' id='word_1_351' title='bbox 368 3220 547 3288; x_wconf 88' lang='lat' dir='ltr'><strong>properant,</strong></span> <span class='ocrx_word' id='word_1_352' title='bbox 572 3229 632 3286; x_wconf 91' lang='lat' dir='ltr'><strong>quo</strong></span> <span class='ocrx_word' id='word_1_353' title='bbox 659 3207 728 3268; x_wconf 74' lang='lat' dir='ltr'><strong>iussn</strong></span> <span class='ocrx_word' id='word_1_354' title='bbox 751 3218 829 3267; x_wconf 79' lang='lat' dir='ltr'><strong>sunt</strong></span> <span class='ocrx_word' id='word_1_355' title='bbox 878 3209 940 3268; x_wconf 86' lang='lat' dir='ltr'><strong>Nos</strong></span> <span class='ocrx_word' id='word_1_356' title='bbox 965 3229 1084 3289; x_wconf 90' lang='lat' dir='ltr'><strong>qnoque</strong></span> <span class='ocrx_word' id='word_1_357' title='bbox 1111 3227 1215 3270; x_wconf 86' lang='lat' dir='ltr'><strong>eorum</strong></span> 
     </span>
     <span class='ocr_line' id='line_1_39' title="bbox 46 3283 1216 3420; baseline 0.002 -76"><span class='ocrx_word' id='word_1_358' title='bbox 46 3283 190 3420; x_wconf 80' lang='lat' dir='ltr'><strong>exemplo</strong></span> <span class='ocrx_word' id='word_1_359' title='bbox 203 3283 343 3344; x_wconf 86' lang='lat' dir='ltr'><strong>discamus</strong></span> <span class='ocrx_word' id='word_1_360' title='bbox 361 3305 415 3364; x_wconf 89' lang='lat' dir='ltr'><strong>per</strong></span> <span class='ocrx_word' id='word_1_361' title='bbox 433 3283 551 3365; x_wconf 85' lang='lat' dir='ltr'><strong>quaevis</strong></span> <span class='ocrx_word' id='word_1_362' title='bbox 564 3283 773 3364; x_wconf 87' lang='lat' dir='ltr'><strong>impedimenta</strong></span> <span class='ocrx_word' id='word_1_363' title='bbox 786 3303 921 3368; x_wconf 82' lang='lat' dir='ltr'><strong>pergere,</strong></span> <span class='ocrx_word' id='word_1_364' title='bbox 940 3296 973 3344; x_wconf 90' lang='lat' dir='ltr'><strong>ut</strong></span> <span class='ocrx_word' id='word_1_365' title='bbox 985 3285 1118 3348; x_wconf 90' lang='lat' dir='ltr'><strong>Domino</strong></span> <span class='ocrx_word' id='word_1_366' title='bbox 1140 3305 1216 3366; x_wconf 89' lang='lat' dir='ltr'><strong>quae</strong></span> 
     </span>
     <span class='ocr_line' id='line_1_40' title="bbox 45 3359 1226 3442; baseline 0.003 -23"><span class='ocrx_word' id='word_1_367' title='bbox 45 3381 64 3419; x_wconf 87' lang='lat' dir='ltr'><strong>a</strong></span> <span class='ocrx_word' id='word_1_368' title='bbox 86 3380 129 3419; x_wconf 90' lang='lat' dir='ltr'><strong>no</strong></span> <span class='ocrx_word' id='word_1_369' title='bbox 155 3361 179 3420; x_wconf 89' lang='lat' dir='ltr'><strong>is</strong></span> <span class='ocrx_word' id='word_1_370' title='bbox 199 3359 288 3442; x_wconf 82' lang='lat' dir='ltr'><strong>exigit</strong></span> <span class='ocrx_word' id='word_1_371' title='bbox 308 3359 449 3440; x_wconf 87' lang='lat' dir='ltr'><strong>obsequia</strong></span> <span class='ocrx_word' id='word_1_372' title='bbox 468 3373 657 3442; x_wconf 83' lang='lat' dir='ltr'><strong>praestemus.</strong></span> <span class='ocrx_word' id='word_1_373' title='bbox 686 3361 755 3440; x_wconf 91' lang='lat' dir='ltr'><strong>Ipse</strong></span> <span class='ocrx_word' id='word_1_374' title='bbox 768 3361 845 3420; x_wconf 92' lang='lat' dir='ltr'><strong>enim</strong></span> <span class='ocrx_word' id='word_1_375' title='bbox 857 3361 977 3428; x_wconf 84' lang='lat' dir='ltr'><strong>sublatis</strong></span> <span class='ocrx_word' id='word_1_376' title='bbox 996 3362 1120 3424; x_wconf 79' lang='lat' dir='ltr'><strong>remoris</strong></span> <span class='ocrx_word' id='word_1_377' title='bbox 1136 3362 1226 3428; x_wconf 73' lang='lat' dir='ltr'><strong>uiant.</strong></span> 
     </span>
     <span class='ocr_line' id='line_1_41' title="bbox 46 3435 942 3512; baseline 0.003 -16"><span class='ocrx_word' id='word_1_378' title='bbox 46 3436 197 3512; x_wconf 86' lang='lat' dir='ltr'><strong>inveniet,</strong></span> <span class='ocrx_word' id='word_1_379' title='bbox 217 3457 272 3496; x_wconf 90' lang='lat' dir='ltr'><strong>nec</strong></span> <span class='ocrx_word' id='word_1_380' title='bbox 293 3447 415 3496; x_wconf 91' lang='lat' dir='ltr'><strong>conatus</strong></span> <span class='ocrx_word' id='word_1_381' title='bbox 436 3449 552 3496; x_wconf 87' lang='lat' dir='ltr'><strong>nostros</strong></span> <span class='ocrx_word' id='word_1_382' title='bbox 571 3435 649 3497; x_wconf 91' lang='lat' dir='ltr'><strong>sinet</strong></span> <span class='ocrx_word' id='word_1_383' title='bbox 669 3457 732 3496; x_wconf 90' lang='lat' dir='ltr'><strong>esse</strong></span> <span class='ocrx_word' id='word_1_384' title='bbox 750 3437 860 3500; x_wconf 84' lang='lat' dir='ltr'><strong>irritos.</strong></span> <span class='ocrx_word' id='word_1_385' title='bbox 934 3491 942 3504; x_wconf 70' lang='grc'><strong>,</strong></span> 
     </span>
    </p>

    <p class='ocr_par' dir='ltr' id='par_1_7' title="bbox 45 3511 1227 4438">
     <span class='ocr_line' id='line_1_42' title="bbox 129 3511 1216 3598; baseline 0.002 -26"><span class='ocrx_word' id='word_1_386' title='bbox 129 3519 158 3579; x_wconf 84' lang='grc'><strong>8.</strong></span> <span class='ocrx_word' id='word_1_387' title='bbox 198 3513 333 3572; x_wconf 76' lang='lat' dir='ltr'><strong>Plurima</strong></span> <span class='ocrx_word' id='word_1_388' title='bbox 351 3525 445 3574; x_wconf 68' lang='lat' dir='ltr'><strong>eutem</strong></span> <span class='ocrx_word' id='word_1_389' title='bbox 462 3512 555 3574; x_wconf 78' lang='lat' dir='ltr'><strong>turbu.</strong></span> <span class='ocrx_word' id='word_1_390' title='bbox 595 3513 653 3573; x_wconf 89' lang='lat' dir='ltr'><strong>Hic</strong></span> <span class='ocrx_word' id='word_1_391' title='bbox 677 3523 798 3572; x_wconf 88' lang='lat' dir='ltr'><strong>narrant</strong></span> <span class='ocrx_word' id='word_1_392' title='bbox 816 3513 1040 3598; x_wconf 82' lang='lat' dir='ltr'><strong>Evangelistae,</strong></span> <span class='ocrx_word' id='word_1_393' title='bbox 1066 3511 1216 3574; x_wconf 75' lang='lat' dir='ltr'><strong>Christum</strong></span> 
     </span>
     <span class='ocr_line' id='line_1_43' title="bbox 47 3588 1218 3673; baseline -0.003 -23"><span class='ocrx_word' id='word_1_394' title='bbox 47 3589 187 3673; x_wconf 80' lang='lat' dir='ltr'><strong>agnitum</strong></span> <span class='ocrx_word' id='word_1_395' title='bbox 207 3589 295 3650; x_wconf 86' lang='lat' dir='ltr'><strong>luisse</strong></span> <span class='ocrx_word' id='word_1_396' title='bbox 316 3609 333 3649; x_wconf 90' lang='lat' dir='ltr'><strong>a</strong></span> <span class='ocrx_word' id='word_1_397' title='bbox 352 3589 466 3669; x_wconf 90' lang='lat' dir='ltr'><strong>populo</strong></span> <span class='ocrx_word' id='word_1_398' title='bbox 486 3589 608 3672; x_wconf 82' lang='lat' dir='ltr'><strong>Regem.</strong></span> <span class='ocrx_word' id='word_1_399' title='bbox 637 3589 796 3652; x_wconf 89' lang='lat' dir='ltr'><strong>Ludicrum</strong></span> <span class='ocrx_word' id='word_1_400' title='bbox 817 3591 935 3669; x_wconf 86' lang='lat' dir='ltr'><strong>quidem</strong></span> <span class='ocrx_word' id='word_1_401' title='bbox 953 3589 1154 3672; x_wconf 86' lang='lat' dir='ltr'><strong>spectaculum</strong></span> <span class='ocrx_word' id='word_1_402' title='bbox 1172 3588 1218 3648; x_wconf 84' lang='lat' dir='ltr'><strong>vi-</strong></span> 
     </span>
     <span class='ocr_line' id='line_1_44' title="bbox 46 3664 1220 3745; baseline -0.001 -19"><span class='ocrx_word' id='word_1_403' title='bbox 46 3666 117 3726; x_wconf 87' lang='lat' dir='ltr'><strong>deri</strong></span> <span class='ocrx_word' id='word_1_404' title='bbox 139 3667 249 3745; x_wconf 86' lang='lat' dir='ltr'><strong>potuit,</strong></span> <span class='ocrx_word' id='word_1_405' title='bbox 269 3664 378 3745; x_wconf 90' lang='lat' dir='ltr'><strong>quodi</strong></span> <span class='ocrx_word' id='word_1_406' title='bbox 402 3665 509 3726; x_wconf 90' lang='lat' dir='ltr'><strong>nobilis</strong></span> <span class='ocrx_word' id='word_1_407' title='bbox 528 3665 616 3726; x_wconf 89' lang='lat' dir='ltr'><strong>turba</strong></span> <span class='ocrx_word' id='word_1_408' title='bbox 635 3687 731 3726; x_wconf 88' lang='lat' dir='ltr'><strong>ramos</strong></span> <span class='ocrx_word' id='word_1_409' title='bbox 752 3667 964 3741; x_wconf 59' lang='lat' dir='ltr'><strong>caedmdmet</strong></span> <span class='ocrx_word' id='word_1_410' title='bbox 976 3666 1148 3728; x_wconf 82' lang='lat' dir='ltr'><strong>vestimenta</strong></span> <span class='ocrx_word' id='word_1_411' title='bbox 1168 3681 1220 3725; x_wconf 76' lang='lat' dir='ltr'><strong>sut</strong></span> 
     </span>
     <span class='ocr_line' id='line_1_45' title="bbox 46 3739 1221 3823; baseline -0.002 -21"><span class='ocrx_word' id='word_1_412' title='bbox 46 3743 228 3817; x_wconf 85' lang='lat' dir='ltr'><strong>sternendo,</strong></span> <span class='ocrx_word' id='word_1_413' title='bbox 248 3741 366 3802; x_wconf 86' lang='lat' dir='ltr'><strong>inanem</strong></span> <span class='ocrx_word' id='word_1_414' title='bbox 414 3741 477 3823; x_wconf 85' lang='lat' dir='ltr'><strong>egis</strong></span> <span class='ocrx_word' id='word_1_415' title='bbox 495 3742 612 3803; x_wconf 89' lang='lat' dir='ltr'><strong>titulum</strong></span> <span class='ocrx_word' id='word_1_416' title='bbox 634 3741 754 3802; x_wconf 88' lang='lat' dir='ltr'><strong>Christo</strong></span> <span class='ocrx_word' id='word_1_417' title='bbox 775 3743 919 3804; x_wconf 79' lang='lat' dir='ltr'><strong>deferret:</strong></span> <span class='ocrx_word' id='word_1_418' title='bbox 940 3741 1025 3802; x_wconf 87' lang='lat' dir='ltr'><strong>sicuti</strong></span> <span class='ocrx_word' id='word_1_419' title='bbox 1044 3751 1141 3802; x_wconf 82' lang='lat' dir='ltr'><strong>tamen</strong></span> <span class='ocrx_word' id='word_1_420' title='bbox 1160 3739 1221 3800; x_wconf 82' lang='lat' dir='ltr'><strong>hot.</strong></span> 
     </span>
     <span class='ocr_line' id='line_1_46' title="bbox 45 3815 1221 3898; baseline -0.003 -20"><span class='ocrx_word' id='word_1_421' title='bbox 45 3819 134 3879; x_wconf 88' lang='lat' dir='ltr'><strong>serio</strong></span> <span class='ocrx_word' id='word_1_422' title='bbox 151 3818 297 3894; x_wconf 83' lang='lat' dir='ltr'><strong>lecerunt,</strong></span> <span class='ocrx_word' id='word_1_423' title='bbox 317 3839 457 3898; x_wconf 84' lang='lat' dir='ltr'><strong>suamque</strong></span> <span class='ocrx_word' id='word_1_424' title='bbox 471 3817 687 3880; x_wconf 87' lang='lat' dir='ltr'><strong>observantiam</strong></span> <span class='ocrx_word' id='word_1_425' title='bbox 702 3839 736 3879; x_wconf 83' lang='lat' dir='ltr'><strong>ex</strong></span> <span class='ocrx_word' id='word_1_426' title='bbox 751 3820 849 3880; x_wconf 88' lang='lat' dir='ltr'><strong>animo</strong></span> <span class='ocrx_word' id='word_1_427' title='bbox 861 3818 958 3880; x_wconf 89' lang='lat' dir='ltr'><strong>t&#39;estati</strong></span> <span class='ocrx_word' id='word_1_428' title='bbox 977 3829 1055 3892; x_wconf 87' lang='lat' dir='ltr'><strong>sunt,</strong></span> <span class='ocrx_word' id='word_1_429' title='bbox 1074 3817 1114 3876; x_wconf 89' lang='lat' dir='ltr'><strong>ita</strong></span> <span class='ocrx_word' id='word_1_430' title='bbox 1130 3815 1221 3878; x_wconf 90' lang='lat' dir='ltr'><strong>Chri-</strong></span> 
     </span>
     <span class='ocr_line' id='line_1_47' title="bbox 46 3889 1222 3976; baseline -0.001 -21"><span class='ocrx_word' id='word_1_431' title='bbox 46 3907 113 3956; x_wconf 87' lang='lat' dir='ltr'><strong>stus</strong></span> <span class='ocrx_word' id='word_1_432' title='bbox 143 3891 196 3954; x_wconf 88' lang='lat' dir='ltr'><strong>&#39;eos</strong></span> <span class='ocrx_word' id='word_1_433' title='bbox 221 3895 334 3956; x_wconf 90' lang='lat' dir='ltr'><strong>censuit</strong></span> <span class='ocrx_word' id='word_1_434' title='bbox 358 3896 485 3956; x_wconf 84' lang='lat' dir='ltr'><strong>idoneos</strong></span> <span class='ocrx_word' id='word_1_435' title='bbox 510 3896 596 3976; x_wconf 82' lang='lat' dir='ltr'><strong>regni</strong></span> <span class='ocrx_word' id='word_1_436' title='bbox 621 3895 665 3956; x_wconf 86' lang='lat' dir='ltr'><strong>sui</strong></span> <span class='ocrx_word' id='word_1_437' title='bbox 691 3915 862 3976; x_wconf 88' lang='lat' dir='ltr'><strong>praecones.</strong></span> <span class='ocrx_word' id='word_1_438' title='bbox 906 3895 970 3955; x_wconf 85' lang='lat' dir='ltr'><strong>Nec</strong></span> <span class='ocrx_word' id='word_1_439' title='bbox 998 3903 1042 3953; x_wconf 90' lang='lat' dir='ltr'><strong>est</strong></span> <span class='ocrx_word' id='word_1_440' title='bbox 1061 3889 1142 3972; x_wconf 85' lang='lat' dir='ltr'><strong>quod</strong></span> <span class='ocrx_word' id='word_1_441' title='bbox 1161 3890 1222 3954; x_wconf 86' lang='lat' dir='ltr'><strong>tale</strong></span> 
     </span>
     <span class='ocr_line' id='line_1_48' title="bbox 47 3969 1223 4052; baseline -0.003 -21"><span class='ocrx_word' id='word_1_442' title='bbox 47 3971 211 4032; x_wconf 77' lang='lat' dir='ltr'><strong>exordium</strong></span> <span class='ocrx_word' id='word_1_443' title='bbox 231 3971 388 4048; x_wconf 85' lang='lat' dir='ltr'><strong>miremur,</strong></span> <span class='ocrx_word' id='word_1_444' title='bbox 415 3992 504 4051; x_wconf 91' lang='lat' dir='ltr'><strong>quum</strong></span> <span class='ocrx_word' id='word_1_445' title='bbox 530 3971 620 4032; x_wconf 90' lang='lat' dir='ltr'><strong>hodie</strong></span> <span class='ocrx_word' id='word_1_446' title='bbox 640 3991 760 4052; x_wconf 91' lang='lat' dir='ltr'><strong>quoque</strong></span> <span class='ocrx_word' id='word_1_447' title='bbox 780 3972 818 4033; x_wconf 88' lang='lat' dir='ltr'><strong>ad</strong></span> <span class='ocrx_word' id='word_1_448' title='bbox 836 3970 931 4032; x_wconf 87' lang='lat' dir='ltr'><strong>Patris</strong></span> <span class='ocrx_word' id='word_1_449' title='bbox 950 3971 1098 4030; x_wconf 82' lang='lat' dir='ltr'><strong>dexteram</strong></span> <span class='ocrx_word' id='word_1_450' title='bbox 1118 3969 1223 4030; x_wconf 86' lang='lat' dir='ltr'><strong>sedens</strong></span> 
     </span>
     <span class='ocr_line' id='line_1_49' title="bbox 47 4045 1224 4128; baseline -0.001 -21"><span class='ocrx_word' id='word_1_451' title='bbox 47 4067 65 4107; x_wconf 90' lang='lat' dir='ltr'><strong>e</strong></span> <span class='ocrx_word' id='word_1_452' title='bbox 90 4047 219 4108; x_wconf 88' lang='lat' dir='ltr'><strong>coelesti</strong></span> <span class='ocrx_word' id='word_1_453' title='bbox 239 4045 316 4107; x_wconf 92' lang='lat' dir='ltr'><strong>solio</strong></span> <span class='ocrx_word' id='word_1_454' title='bbox 338 4049 480 4110; x_wconf 85' lang='lat' dir='ltr'><strong>obscuros</strong></span> <span class='ocrx_word' id='word_1_455' title='bbox 502 4047 635 4108; x_wconf 89' lang='lat' dir='ltr'><strong>homines</strong></span> <span class='ocrx_word' id='word_1_456' title='bbox 655 4047 808 4122; x_wconf 85' lang='lat' dir='ltr'><strong>amandet,</strong></span> <span class='ocrx_word' id='word_1_457' title='bbox 838 4069 855 4109; x_wconf 91' lang='lat' dir='ltr'><strong>a</strong></span> <span class='ocrx_word' id='word_1_458' title='bbox 882 4046 987 4128; x_wconf 86' lang='lat' dir='ltr'><strong>quibus</strong></span> <span class='ocrx_word' id='word_1_459' title='bbox 1012 4067 1062 4106; x_wconf 89' lang='lat' dir='ltr'><strong>sua</strong></span> <span class='ocrx_word' id='word_1_460' title='bbox 1088 4047 1224 4106; x_wconf 82' lang='lat' dir='ltr'><strong>maiestas</strong></span> 
     </span>
     <span class='ocr_line' id='line_1_50' title="bbox 48 4122 1224 4207; baseline -0.002 -22"><span class='ocrx_word' id='word_1_461' title='bbox 48 4123 278 4204; x_wconf 87' lang='lat' dir='ltr'><strong>contemptibili</strong></span> <span class='ocrx_word' id='word_1_462' title='bbox 297 4127 388 4188; x_wconf 87' lang='lat' dir='ltr'><strong>modo</strong></span> <span class='ocrx_word' id='word_1_463' title='bbox 410 4123 585 4186; x_wconf 88' lang='lat' dir='ltr'><strong>celebretur.</strong></span> <span class='ocrx_word' id='word_1_464' title='bbox 626 4123 737 4186; x_wconf 85' lang='lat' dir='ltr'><strong>Caesos</strong></span> <span class='ocrx_word' id='word_1_465' title='bbox 757 4125 1027 4207; x_wconf 77' lang='lat' dir='ltr'><strong>palmarumramos</strong></span> <span class='ocrx_word' id='word_1_466' title='bbox 1047 4124 1081 4184; x_wconf 84' lang='lat' dir='ltr'><strong>ex&#39;</strong></span> <span class='ocrx_word' id='word_1_467' title='bbox 1099 4122 1224 4201; x_wconf 86' lang='lat' dir='ltr'><strong>antiquo</strong></span> 
     </span>
     <span class='ocr_line' id='line_1_51' title="bbox 50 4196 1227 4282; baseline 0.002 -22"><span class='ocrx_word' id='word_1_468' title='bbox 50 4211 85 4260; x_wconf 89' lang='lat' dir='ltr'><strong>et</strong></span> <span class='ocrx_word' id='word_1_469' title='bbox 106 4199 239 4262; x_wconf 88' lang='lat' dir='ltr'><strong>sollenni</strong></span> <span class='ocrx_word' id='word_1_470' title='bbox 261 4200 319 4264; x_wconf 90' lang='lat' dir='ltr'><strong>diei</strong></span> <span class='ocrx_word' id='word_1_471' title='bbox 337 4203 396 4262; x_wconf 86' lang='lat' dir='ltr'><strong>ritu</strong></span> <span class='ocrx_word' id='word_1_472' title='bbox 416 4201 516 4282; x_wconf 88' lang='lat' dir='ltr'><strong>(sicuti</strong></span> <span class='ocrx_word' id='word_1_473' title='bbox 531 4196 694 4262; x_wconf 86' lang='lat' dir='ltr'><strong>coniiciunt</strong></span> <span class='ocrx_word' id='word_1_474' title='bbox 703 4199 841 4262; x_wconf 90' lang='lat' dir='ltr'><strong>nonnulli</strong></span> <span class='ocrx_word' id='word_1_475' title='bbox 851 4201 1043 4280; x_wconf 84' lang='lat' dir='ltr'><strong>interpretes)</strong></span> <span class='ocrx_word' id='word_1_476' title='bbox 1062 4199 1135 4262; x_wconf 87' lang='lat' dir='ltr'><strong>mibi</strong></span> <span class='ocrx_word' id='word_1_477' title='bbox 1174 4214 1227 4262; x_wconf 77' lang='lat' dir='ltr'><strong>ro·</strong></span> 
     </span>
     <span class='ocr_line' id='line_1_52' title="bbox 45 4274 1227 4358; baseline -0.002 -21"><span class='ocrx_word' id='word_1_478' title='bbox 45 4275 157 4340; x_wconf 88' lang='lat' dir='ltr'><strong>babile</strong></span> <span class='ocrx_word' id='word_1_479' title='bbox 178 4295 241 4338; x_wconf 92' lang='lat' dir='ltr'><strong>non</strong></span> <span class='ocrx_word' id='word_1_480' title='bbox 261 4277 394 4339; x_wconf 85' lang='lat' dir='ltr'><strong>videtur:</strong></span> <span class='ocrx_word' id='word_1_481' title='bbox 417 4277 488 4358; x_wconf 91' lang='lat' dir='ltr'><strong>quin</strong></span> <span class='ocrx_word' id='word_1_482' title='bbox 508 4276 606 4358; x_wconf 88' lang='lat' dir='ltr'><strong>potius</strong></span> <span class='ocrx_word' id='word_1_483' title='bbox 625 4275 724 4338; x_wconf 84' lang='lat' dir='ltr'><strong>subito</strong></span> <span class='ocrx_word' id='word_1_484' title='bbox 743 4277 884 4338; x_wconf 86' lang='lat' dir='ltr'><strong>instinctu</strong></span> <span class='ocrx_word' id='word_1_485' title='bbox 897 4275 1024 4356; x_wconf 83' lang='lat' dir='ltr'><strong>Spiritus</strong></span> <span class='ocrx_word' id='word_1_486' title='bbox 1044 4277 1122 4340; x_wconf 90' lang='lat' dir='ltr'><strong>hunc</strong></span> <span class='ocrx_word' id='word_1_487' title='bbox 1185 4274 1227 4338; x_wconf 88' lang='lat' dir='ltr'><strong>ri·</strong></span> 
     </span>
     <span class='ocr_line' id='line_1_53' title="bbox 45 4347 1227 4438; baseline -0.003 -23"><span class='ocrx_word' id='word_1_488' title='bbox 45 4367 99 4417; x_wconf 89' lang='lat' dir='ltr'><strong>sto</strong></span> <span class='ocrx_word' id='word_1_489' title='bbox 121 4347 285 4417; x_wconf 83' lang='lat' dir='ltr'><strong>exhibitum</strong></span> <span class='ocrx_word' id='word_1_490' title='bbox 300 4353 389 4418; x_wconf 87' lang='lat' dir='ltr'><strong>luisse</strong></span> <span class='ocrx_word' id='word_1_491' title='bbox 401 4355 550 4419; x_wconf 85' lang='lat' dir='ltr'><strong>bonorem</strong></span> <span class='ocrx_word' id='word_1_492' title='bbox 561 4364 697 4438; x_wconf 80' lang='lat' dir='ltr'><strong>apparet,</strong></span> <span class='ocrx_word' id='word_1_493' title='bbox 716 4373 806 4436; x_wconf 87' lang='lat' dir='ltr'><strong>quum</strong></span> <span class='ocrx_word' id='word_1_494' title='bbox 817 4353 961 4417; x_wconf 81' lang='lat' dir='ltr'><strong>nihiltale</strong></span> <span class='ocrx_word' id='word_1_495' title='bbox 976 4353 1110 4418; x_wconf 88' lang='lat' dir='ltr'><strong>meditati</strong></span> <span class='ocrx_word' id='word_1_496' title='bbox 1129 4356 1227 4418; x_wconf 76' lang='lat' dir='ltr'><strong>essem</strong></span> 
     </span>
    </p>
   </div>
   <div class='ocr_carea' id='block_1_6' title="bbox 958 4429 1072 4500">
    <p class='ocr_par' dir='ltr' id='par_1_8' title="bbox 958 4429 1072 4500">
     <span class='ocr_line' id='line_1_54' title="bbox 958 4429 1072 4500; baseline 0.018 -2"><span class='ocrx_word' id='word_1_497' title='bbox 958 4429 1027 4500; x_wconf 75' lang='lat'><strong>1³*</strong></span> <span class='ocrx_word' id='word_1_498' title='bbox 1069 4457 1072 4466; x_wconf 72' lang='grc'>’</span> 
     </span>
    </p>
   </div>
   <div class='ocr_carea' id='block_1_7' title="bbox 0 0 1398 4838">
    <p class='ocr_par' dir='ltr' id='par_1_9' title="bbox 0 0 1398 4838">
     <span class='ocr_line' id='line_1_55' title="bbox 0 0 1398 4838; baseline 0 0"><span class='ocrx_word' id='word_1_499' title='bbox 0 0 1398 4838; x_wconf 95' lang='lat' dir='ltr'><strong> </strong></span> 
     </span>
    </p>
   </div>
  </div>
 </body>
</html>
