2790 4838
195 287 257 356 216
363 326 368 336 ,
530 277 682 342 snctto
703 280 771 339 vll.
797 231 999 340 ''litescunn

199 451 264 508 tem
287 423 365 516 dies,
384 455 482 524 quum
505 433 668 502 auferetur
690 433 731 502 ah
754 437 801 500 eis
818 455 964 524 sponsus,
985 443 1017 499 et
1038 441 1115 497 tunc
1135 427 1343 496 ieiunahunt

201 537 321 608 inillis
342 535 465 604 diebus.
507 539 557 605 21.
583 537 625 622 Et
645 557 740 604 nemo
763 546 977 604 assumentum
997 533 1097 620 panni
1118 531 1209 597 rudis
1232 531 1346 594 assuit

200 643 392 706 vestimento
414 640 530 716 reteri:
561 637 683 724 alioqui
712 637 815 702 aufert
840 634 1096 722 supplementum
1118 635 1187 697 eius
1207 653 1343 698 novum

203 763 222 806 a
242 741 355 822 reteri,
376 749 408 804 et
428 740 523 822 peior
543 738 581 810 fit
601 741 746 802 scissura.
788 737 839 800 22.
861 738 902 800 Et
919 736 1120 802 nemomittit
1140 736 1250 796 viuum
1275 751 1343 796 no-

203 862 277 905 rum
298 841 333 905 in
355 849 442 904 utres
463 849 597 915 veteres,
619 837 741 925 alioqui
754 840 871 924 rumpit
893 846 1028 902 mustum
1050 846 1146 912 utres,
1168 839 1201 898 et
1220 835 1340 896 vinum

203 939 395 1017 effunditur,
416 949 448 1004 et
468 950 555 1004 utres
576 947 727 1024 pereunte
761 937 819 1004 sed
841 940 947 1004 riuum
970 931 1089 1002 norum
1110 938 1144 999 io
1164 944 1252 998 utres
1276 953 1343 998 no-

88 1087 92 1102 .
203 1059 263 1104 ros
284 1037 480 1104 mittendum.
574 1103 578 1119 ,

285 1172 449 1240 nucu.
490 1175 540 1240 33.
560 1173 603 1238 nt
624 1172 671 1237 un
693 1150 844 1237 dixemus
862 1169 904 1236 ss
926 1186 1014 1247 erm,
1046 1167 1159 1254 Quare
1180 1163 1340 1252 usnemun

205 1274 334 1340 loannis
356 1277 500 1339 ieiunant
520 1274 723 1361 frequenter,
753 1281 785 1338 et
806 1270 1047 1338 obsecrationes
1068 1270 1203 1348 faciunt,
1224 1265 1340 1332 simili·

205 1383 256 1440 ter
277 1384 309 1440 'ct
329 1364 590 1454 Pharisaeorum,
609 1379 656 1440 tui
676 1394 755 1439 vero
778 1371 878 1438 edunt
899 1384 930 1438 et
950 1369 1085 1437 hibunt?
1126 1371 1181 1436 34.
1203 1366 1339 1454 Quibus

204 1477 275 1560 ipse
297 1478 354 1552 ait,
373 1476 459 1540 Num
482 1478 615 1561 potestis
637 1475 759 1552 facere,
788 1484 825 1538 ut
844 1473 905 1539 filii
927 1471 1068 1548 thalami,
1094 1471 1169 1536 dum
1193 1479 1241 1536 est
1262 1490 1339 1532 curn

204 1573 270 1640 illis
291 1593 445 1663 sponsus,
474 1579 638 1642 ieiunant?
678 1577 729 1641 35.
761 1576 905 1639 Venient
932 1583 1037 1638 autem
1063 1572 1149 1650 dies,
1181 1580 1214 1635 et
1234 1590 1337 1656 quum

123 1687 127 1696 '
165 1750 167 1758 ‚
205 1667 456 1754 ablatus'fuerit
483 1673 615 1740 abillis
642 1697 794 1760 sponsus,
836 1677 912 1739 tuuc
929 1672 1128 1764 ¹iciunahpnt
1155 1673 1190 1736 in
1217 1668 1338 1736 diebus

161 1795 164 1804 ·
195 1778 282 1848 illis.
317 1777 370 1842 36.
393 1774 532 1846 Dicebat
553 1785 658 1840 autem
681 1785 714 1840 et
733 1775 971 1842 similitudinem
994 1773 1036 1838 ad
1054 1794 1125 1849 eos,
1150 1771 1257 1846 Nemo
1278 1771 1339 1834 im-
1386 1807 1387 1822 κ

148 1920 152 1928 ,
204 1880 368 1941 missuram
390 1877 570 1940 vestimenti
588 1879 666 1941 novi
688 1879 787 1960 mittit
801 1878 834 1940 in
853 1877 1075 1942 vestimentum
1087 1883 1191 1950 vetus,
1212 1869 1338 1957 alioqui

205 1987 377 2062 ethorum
398 1979 524 2062 rumpit,
544 1987 577 2042 et
597 1979 700 2042 reteri
719 1997 786 2042 nou
809 1965 960 2040 convenit
979 1978 1156 2040 immissura
1178 1995 1216 2036 ex
1236 1993 1337 2036 noro.

204 2077 256 2144 37.
288 2076 329 2140 Et
350 2099 445 2144 nemo
467 2079 561 2142 mittit
587 2079 694 2144 riuum
717 2098 837 2142 novum
857 2078 892 2140 in
914 2087 1000 2140 utres
1026 2084 1167 2140 veteres:
1211 2071 1337 2158 alioqui

205 2186 332 2262 rumpet
353 2179 461 2258 vinum
490 2197 608 2241 norum
635 2189 736 2256 utres,
773 2187 804 2242 ct
824 2178 926 2262 ipsum
957 2172 1157 2252 effundetur,
1193 2183 1226 2238 et
1245 2185 1336 2238 utres

205 2277 366 2368 peribunt,
407 2277 457 2342 38
489 2276 555 2344 Sed
581 2279 690 2344 vinnm
711 2299 829 2343 novum
852 2281 886 2342 in
913 2288 999 2342 utres
1019 2295 1126 2342 noros
1144 2273 1336 2340 mittendum

110 2382 113 2388 ’
207 2390 268 2460 est,
302 2389 334 2444 et
355 2387 490 2465 utraque
510 2389 753 2454 conservantur,
791 2379 844 2444 39.
868 2378 909 2442 Et
930 2399 1040 2454 nemo,
1063 2379 1118 2463 qui
1138 2373 1260 2442 biberit
1280 2395 1337 2440 re-

205 2489 271 2558 tus,
290 2482 394 2546 statim
415 2478 483 2545 vult
504 2501 638 2546 norum:
660 2479 736 2548 dicit
757 2482 859 2557 enirn,
880 2479 984 2544 Vetas
1004 2476 1117 2574 melius
1139 2487 1196 2542 est.

226 2611 231 2619 ¹
282 2636 386 2696 Matth.
407 2643 452 2702 14.
494 2637 581 2698 Tunc
603 2635 710 2698 oderem
732 2659 797 2697 eum
820 2634 957 2712 discipuli
974 2634 1105 2696 Ioannis
1143 2633 1237 2694 Lucas
1257 2635 1337 2695 Pha-

205 2713 316 2788 rispeos
343 2713 457 2774 inducit
487 2712 657 2792 loquentes,
691 2715 806 2774 Marcus
837 2713 952 2774 videtur
975 2725 1116 2792 utrosque
1141 2711 1252 2770 coninn
1276 2733 1336 2772 ere.

207 2791 269 2850 Nec
290 2801 369 2850 certe
390 2788 509 2858 duhium
530 2803 583 2866 esu
604 2791 675 2870 quin
695 2791 752 2852 hoc
773 2789 896 2872 artificio
917 2789 1045 2872 maligne
1066 2788 1164 2849 conati
1183 2731 1336 2850 sintiha·

205 2865 309 2940 risaei,
329 2865 359 2924 in
381 2877 478 2945 partes
497 2886 561 2924 suas
582 2865 730 2926 attrahere
750 2862 869 2926 loannis
890 2867 1064 2947 discipulos,
1085 2875 1115 2924 et
1134 2864 1164 2922 in
1184 2877 1336 2926 certarnen

104 2929 114 2954 ‘
209 2941 393 3002 committere
418 2963 483 3000 curn
505 2941 616 3002 Christi
640 2943 797 3033 discipulis.
835 2943 1005 3003 Similitudo
1031 2943 1062 3001 in
1080 2941 1218 3022 precihus
1239 2954 1270 3001 et
1288 2942 1334 3002 ie-

207 3017 295 3076 iuniis
320 3016 480 3096 plausibilis
505 3029 569 3076 erat
592 3017 739 3078 societatis
764 3019 918 3081 illecebra:
958 3020 1071 3080 diversa
1101 3029 1197 3078 autem
1225 3017 1336 3078 Christi

208 3093 284 3153 ratio
304 3093 430 3152 morosis
455 3106 486 3153 et
503 3093 559 3154 sihi
578 3095 699 3154 niodum
720 3096 840 3158 addictis
862 3096 1028 3157 hominihus
1054 3093 1164 3156 dissidii
1185 3104 1216 3154 et
1234 3093 1335 3154 simul-

206 3169 275 3230 tatis
295 3170 411 3228 occasio
433 3181 503 3229 erat.
542 3171 609 3232 Hoc
634 3173 768 3252 exemplo
795 3194 965 3248 nroncrnur,
995 3171 1155 3252 prudenter
1174 3173 1336 3231 carendum

209 3266 288 3319 csse,
313 3265 352 3305 ne
370 3245 428 3308 leri
448 3247 546 3326 aliquo
589 3259 719 3309 raetextu
739 3251 897 3310 discordias
916 3248 1067 3310 internos
1087 3259 1186 3309 serant
1204 3247 1336 3327 improbi

212 3335 243 3384 et
262 3322 348 3381 astuti
365 3323 511 3384 homines.
545 3267 636 3386 illitus
679 3325 794 3391 rofecto
814 3326 959 3388 struendis
979 3325 1083 3386 talibus
1103 3323 1215 3384 insidiis
1235 3325 1338 3384 artifex

210 3411 255 3463 est
274 3399 377 3460 Satan:
404 3421 459 3460 nos
479 3421 550 3461 vero
571 3404 607 3463 de
627 3346 720 3463 nihilo
740 3401 852 3464 turbari
871 3400 957 3467 facile
979 3412 1031 3464 est.
1069 3399 1244 3461 Praesertim
1263 3422 1335 3462 vcro

209 3479 369 3538 cavendum
389 3489 446 3552 est,
477 3499 515 3538 ne
536 3477 575 3538 ob
595 3479 667 3540 ritus
687 3491 821 3540 externos
840 3480 988 3540 scindatur
1011 3477 1078 3537 fidei
1100 3497 1274 3552 consensus,
1303 3489 1334 3537 et

208 3566 360 3634 rumpetur
378 3555 505 3615 caritatis
523 3555 680 3616 vinculum.
720 3557 788 3616 Hoc
806 3556 913 3618 morho
932 3554 1069 3615 laborant
1087 3555 1150 3614 sere
1170 3573 1282 3628 omnes,
1301 3565 1335 3614 ut

209 3631 384 3692 ceremoniis
404 3643 435 3691 et
453 3633 605 3694 elementis
621 3634 721 3695 mnndi
740 3635 831 3712 (sicut
849 3632 955 3697 Paulus
975 3643 1062 3692 vocat
1083 3631 1149 3692 cot.
1169 3637 1199 3704 2,
1218 3636 1245 3696 8
1267 3631 1334 3692 Gal.

209 3717 238 3782 d,
256 3711 300 3786 9.)
326 3707 391 3800 plus
411 3729 506 3790 aequo
525 3709 671 3772 tribuant:
701 3711 799 3790 itaque
821 3710 913 3792 prima
933 3709 1097 3770 rudimenta
1117 3727 1245 3767 summae
1287 3730 1334 3769 er-

208 3786 333 3846 fectionr
352 3786 560 3865 utplurimum
579 3789 727 3866 praeferre
747 3807 809 3848 non
830 3785 972 3848 dubitant
1002 3783 1125 3846 Accedit
1137 3783 1243 3843 deinde
1257 3729 1334 3846 aliud

208 3861 316 3922 malum
337 3883 371 3923 ex
390 3863 562 3924 morositate
582 3875 614 3924 ct
632 3865 717 3938 fastu,
737 3864 818 3943 quod
837 3864 945 3947 singuli
965 3875 1060 3924 totum
1079 3862 1219 3920 mundum
1239 3863 1335 3923 lihen-

207 3949 254 4000 ter
274 3940 311 4001 ad
328 3960 412 4000 sunm
431 3959 511 3998 esem
534 3939 601 4021 lum·
614 3942 776 4024 adigerent
815 3941 848 4000 Si
869 3941 938 4022 qnid
959 3939 1045 4000 nohis
1065 3935 1233 4013 allubescit,
1264 3959 1355 4020 pro„

207 4015 286 4076 tinus
312 4017 443 4108 cupimus
468 4016 499 4075 in
545 4037 630 4100 egem
656 4018 794 4089 transire,
815 4019 865 4077 “ut
889 4016 939 4077 alii
960 4028 1063 4076 nostro
1084 4014 1207 4092 arbitrio
1228 4018 1333 4077 vivant„

211 4093 311 4166 Quum
333 4094 376 4153 hrs
389 4095 515 4154 Satanae
528 4093 638 4172 laqueis
656 4105 757 4175 captos
778 4093 865 4155 fuisse
885 4094 1005 4153 Ioannis
1026 4092 1197 4174 discipulos·
1205 4093 1337 4176 legimus,

209 4168 334 4305 primum
355 4170 507 4244 discamus,
527 4172 709 4234 sanctitatem
720 4191 781 4231 uon
801 4172 901 4232 locare
921 4171 951 4228 in
970 4171 1058 4230 rehus
1079 4168 1205 4238 externis
1225 4185 1256 4230 et
1273 4193 1334 4232 me·

230 4243 274 4318 iis,
294 4256 324 4305 ct
342 4246 426 4308 simul
446 4249 560 4310 frenum
579 4247 791 4308 moderationis
812 4259 842 4308 et
861 4248 1014 4327 aequitatis
1034 4247 1121 4307 nohis
1141 4245 1279 4326 iniicere,
1299 4245 1338 4322 ne]

210 4320 283 4380 alios
303 4333 407 4384 nusho
428 4323 550 4384 arbitrio
571 4325 732 4407 astringere
753 4347 786 4383 cx
810 4333 929 4399 eminus,
949 4324 998 4384 scd
1018 4347 1068 4384 sua
1089 4323 1255 4404 quibusque
1275 4345 1334 4384 ma-

210 4409 279 4458 neat
298 4397 426 4459 libertas.
465 4399 512 4460 De
532 4399 643 4461 ieiunio
664 4413 694 4462 et
713 4423 783 4482 pree
817 4423 850 4462 us
869 4402 911 4463 sie
931 4399 1097 4463 habendum
1117 4411 1171 4476 est,
1193 4403 1334 4464 loannem
