2814 4846
189 229 381 309 (tot-104.
401 225 625 290 Pharisaeorum
645 227 798 291 calumnia.
828 227 940 291 Christi
957 230 1136 310 responsio.)
1171 233 1231 300 wa

12 381 13 456 ζ
89 343 249 442 loriniani:
278 401 359 440 nunc
380 381 467 460 ¹quasi
492 382 634 444 convictis
660 383 829 459 denuntiat,
856 403 897 444 iie
914 383 1054 474 impiese
1073 397 1230 465 opponant

88 459 150 520 Dei
168 478 280 540 regno.
309 457 373 518 Nec
392 477 464 518 uero
484 479 515 519 se
535 460 611 520 intra
630 479 720 519 unum
739 460 911 520 miraculum
931 471 1076 536 continet,
1094 460 1146 520 sed
1166 461 1227 521 eius
1328 483 1337 492 ·

88 535 253 596 occasione
285 535 322 594 de
347 533 489 596 adventus
512 535 556 596 sui
581 557 665 596 cause
691 537 821 613 disserit,
858 535 1025 620 significans
1048 557 1111 595 non
1136 557 1227 596 unum

87 612 243 692 peculiare
263 611 373 670 lactum
393 609 450 670 illis
470 612 713 673 considerandum
734 633 809 688 esse,
828 613 880 674 sed
899 612 1010 692 aliquid
1029 611 1120 693 longe
1141 633 1227 693 prae-

85 690 228 763 stantius,
249 687 331 768 quod
349 687 462 748 scilicet
478 687 561 749 Deus
580 687 730 769 patelacto
749 690 855 750 Messio
873 710 927 750 suo
947 687 1106 768 codapsans
1123 709 1227 749 eorum

85 765 212 824 salutem
233 763 362 846 erigere,
381 784 415 823 ac
434 785 559 846 regnum
578 787 662 826 soum
680 767 757 828 inter
776 787 829 827 eos
847 767 1003 840 restituere
1013 765 1111 826 vellet.
1143 767 1226 848 llrgo

85 841 221 902 uidemus
249 841 286 900 de
311 860 414 900 eorum
440 840 651 926 ingratitudine
671 843 820 906 Christum
839 842 998 922 conqueri,
1027 841 1095 920 quie
1115 841 1226 904 luriose

85 915 354 998 incomparabilem
366 915 425 975 Dei
443 917 567 1012 gratiam
587 940 604 978 e
623 921 723 981 medio
741 921 786 980 sni
804 920 948 982 reiiciant.
985 919 1062 978 Nam
1082 918 1225 1000 emphasis
1271 916 1280 928 '

87 1007 132 1054 ast
155 994 188 1052 in
215 991 312 1053 verbo
331 1008 476 1071 ymnis,
507 995 591 1074 quod
611 996 724 1057 scilicet
741 997 820 1057 ultro
840 995 896 1056 illis
916 1006 1058 1076 appareat
1075 995 1158 1055 Deus
1177 1015 1225 1054 re-

87 1072 244 1150 demptor,
269 1067 314 1128 illi
332 1089 404 1130 vero
425 1069 615 1149 quantumin
635 1093 665 1133 se
684 1085 729 1134 est
747 1073 1042 1153 proculamoiieant,
1060 1071 1224 1152 praescnti-

87 1167 146 1228 que
166 1157 200 1206 et
219 1146 252 1206 in
271 1144 395 1206 salutem
414 1159 639 1226 eorumtparato
658 1169 720 1208 non
740 1151 902 1210 sustineant
920 1148 1024 1208 locuni
1039 1149 1117 1210 dare.

161 1229 212 1288 29.
256 1220 406 1314 Quomodo
420 1235 517 1299 potest
531 1223 638 1304 aliquis
655 1228 775 1286 isium
810 1223 941 1285 Tametsi
959 1223 1057 1286 verbis
1075 1223 1225 1314 paululum

87 1299 238 1361 disserunt
254 1297 473 1392 Euangelistae,
490 1311 589 1360 tamen
608 1301 648 1362 de
663 1302 707 1362 rei
725 1321 837 1364 sumam
855 1301 932 1361 inter
952 1319 1004 1360 uos
1022 1312 1134 1380 optime
1152 1320 1226 1360 oon·

85 1376 184 1436 venit:
213 1387 405 1456 prosequitur
424 1395 507 1438 enim
524 1371 674 1454 Christus,
718 1378 778 1439 uod
797 1397 894 1458 nuper
912 1376 1051 1458 attigerat
1070 1376 1107 1435 de
1128 1396 1233 1459 regno¹

85 1453 157 1528 Dei,
176 1472 213 1512 ac
233 1451 429 1512 necoesarium
449 1471 511 1512 esse
530 1455 687 1530 admonet,
730 1465 844 1514 aunam
864 1453 1010 1514 violenter
1029 1451 1144 1532 expelli,
1165 1456 1225 1531 quo

87 1531 171 1590 Deus
189 1549 324 1609 regnum.
335 1549 422 1588 suum
437 1527 572 1590 obtineat
590 1531 668 1592 inter
687 1532 829 1592 homines.
867 1530 975 1605 Quare*
989 1529 1061 1589 haec
1080 1528 1226 1588 sententia

86 1606 163 1666 nihil
188 1604 270 1666 aliud
295 1616 340 1672 est
358 1626 449 1685 quem
466 1607 614 1686 proximae
635 1608 830 1669 confirmatio.
867 1607 980 1666 Verum
1000 1617 1036 1665 ut
1052 1605 1158 1666 certius
1178 1617 1231 1664 te>

86 1687 212 1742 neamus
241 1680 354 1742 Christi
382 1696 528 1759 mentem,
565 1685 707 1746 memorie
731 1695 870 1765 repetere
895 1682 1036 1743 convenit
1059 1681 1225 1763 analogiam

86 1759 182 1838 illam,
219 1779 312 1838 quam
330 1779 418 1840 supra
444 1760 609 1822 Matthaeus
633 1762 735 1822 statuit
756 1763 834 1823 inter
858 1759 985 1821 visibiles
1010 1771 1041 1818 et
1059 1757 1224 1850 spirituales

89 1834 203 1896 Christi
221 1834 341 1916 gratias.
381 1835 532 1916 Quicquid
551 1857 626 1918 ergo
645 1837 821 1919 corporibus
840 1837 987 1916 praestitit
1007 1835 1157 1909 Christus,
1187 1834 1225 1895 ed

87 1913 201 1972 animas
223 1910 331 1972 referri
349 1911 457 1975 voluit:
488 1913 529 1974 ita
549 1935 638 1994 quum
658 1934 674 1975 a
692 1913 850 1996 tyrannide
871 1911 982 1973 diaboli
1001 1912 1137 1990 liberavit
1156 1931 1225 1971 cor-

87 1983 207 2069 porales
226 1988 380 2048 hominum
398 2010 509 2064 sensus,
527 2011 559 2052 se
578 1993 697 2052 missum
717 2013 780 2052 esse
799 1991 919 2051 aPatre
938 1985 1083 2050 vindicem
1102 1999 1226 2049 testatus

87 2078 150 2137 est,
178 2064 236 2144 qui
255 2063 439 2144 spiritualem
465 2066 526 2128 eius
553 2068 584 2127 in
609 2070 724 2129 animas.
741 2067 926 2150 tyrannidem
951 2067 1095 2126 aboleret.
1137 2065 1225 2124 Nunc

88 2143 185 2202 redeo
206 2141 246 2200 ad
269 2140 332 2204 cios
358 2143 457 2203 verba.
514 2146 628 2225 Negat,
657 2145 729 2205 sorti
755 2157 786 2206 et
809 2143 907 2204 ualido
931 2154 1059 2223 manno
1085 2139 1233 2222 abrogari¹

88 2239 176 2300 posse
195 2216 372 2308 imperinm,
398 2219 494 2279 donec
513 2219 570 2280 suis
589 2221 675 2281 armis
690 2221 836 2300 spoliatus
856 2219 960 2292 hedi,
986 2217 1069 2296 quia,
1092 2217 1149 2277 nisi
1169 2216 1226 2276 alia

86 2297 129 2358 ris
148 2315 288 2374 superior
307 2295 442 2375 opposite
462 2295 561 2374 luerit,
571 2317 734 2376 nunquam
783 2307 854 2357 onte
873 2315 1013 2356 cessurus·
1024 2305 1078 2354 est.
1121 2294 1225 2369 Quor-

88 2393 154 2433 sum
179 2371 240 2432 b'oc
265 2369 389 2436 diciturl
433 2372 535 2433 Primo
560 2374 697 2461 scimus„
712 2375 759 2434 dia
783 2373 862 2433 olum
880 2370 987 2508 passim
1005 2370 1106 2430 vocari
1123 2369 1226 2429 mundi

87 2449 265 2530 principem.
303 2449 456 2529 Tyrannio
470 2470 558 2526 vero,
583 2471 669 2541 qnam
689 2461 825 2530 occupat,
843 2468 878 2508 va
892 2449 945 2507 ldis
963 2445 1094 2526 undique
1114 2446 1225 2526 pracsi-

89 2527 144 2588 tiis
162 2525 285 2586 munio.
297 2538 350 2586 est.
379 2526 532 2586 innumeri
550 2549 628 2588 enim
648 2537 716 2588 sunt
734 2525 831 2606 laquei
851 2525 886 2585 ad
906 2521 1108 2601 illaqueandos
1128 2520 1225 2580 homi-

88 2625 153 2678 nes,
172 2603 236 2662 irno
256 2603 314 2662 iam
333 2602 391 2662 sibi
409 2603 596 2686 mancipatos
611 2603 803 2695 compedibus
820 2599 907 2661 variis
925 2599 966 2658 ita
986 2597 1173 2687 constringit,
1192 2608 1226 2656 ut

88 2679 279 2756 ordimem,
312 2680 361 2740 ciii
384 2679 493 2742 addicti
517 2694 601 2758 sunt,
629 2693 727 2763 potius
751 2679 872 2740 foveant
896 2673 1040 2757 quemad
1058 2671 1225 2762 libertatem

88 2757 156 2818 ullo
171 2757 266 2816 modo
286 2757 424 2838 aspirent
454 2754 630 2820 ln'iiumerae
650 2757 758 2819 deinde
776 2767 845 2815 sunt
863 2773 1004 2830 noxarum
1016 2750 1140 2840 species,
1158 2769 1225 2827 qui-

89 2835 145 2894 bos
171 2835 282 2896 misere
306 2855 463 2916 oppressos
488 2837 541 2898 snb
568 2836 692 2920 pedibus
717 2845 809 2895 tenet
852 2831 992 2908 Denique
1017 2826 1090 2886 niliil
1116 2825 1233 2900 obstat*

90 2911 250 2990 quominus
274 2909 338 2970 sine
361 2914 560 2975 controversia
586 2914 617 2973 in
642 2913 753 2972 mundo
778 2909 932 2992 tyrannice
951 2905 1132 2966 dominetur:
1161 2918 1224 2962 noti
1260 2938 1265 2948 »
1322 2963 1324 2970 ,

90 2989 172 3066 quod
197 2987 306 3066 opifice
330 2988 395 3068 ipso
415 2990 511 3049 invito
530 2991 683 3080 quicquain
703 2988 812 3068 possit,
842 2986 895 3047 sed
915 2983 984 3064 quia
1003 2993 1138 3117 posteros
1156 2999 1226 3042 suos

90 3085 195 3124 omnes
222 3065 332 3140 Adam,
362 3063 413 3124 ubl
437 3087 468 3126 se
488 3068 627 3128 alienauit
645 3089 661 3126 a
680 3065 740 3126 Dei
761 3063 902 3145 imperio,
931 3058 984 3123 sub
1025 3079 1080 3118 hnc
1099 3057 1226 3117 ollem!

88 3139 326 3201 dominationem
344 3143 416 3202 rede
439 3143 469 3201 't
504 3145 669 3204 Caeterum
683 3141 813 3222 quamuis
830 3149 948 3220 praeter
966 3146 1099 3196 nasicam
1119 3143 1227 3222 regqet

89 3217 245 3292 diabolus,
273 3217 406 3297 iusteque
458 3222 485 3280 ei
510 3219 638 3281 vindicta
664 3230 788 3300 propter
810 3227 964 3298 peccatum
990 3213 1051 3272 eius
1074 3211 1226 3302 tyrannidi

90 3293 217 3354 subiecti
235 3294 296 3355 siut
315 3295 465 3370 homines,
488 3295 646 3376 tranquilla
664 3309 763 3355 tomen
783 3304 826 3353 est
846 3292 887 3352 illi
908 3289 993 3371 regni
1034 3307 1174 3360 ossessio,
1193 3296 1231 3344 ut·

90 3371 214 3454 impune
238 3369 327 3430 nobis
350 3372 485 3448 insultet,
517 3374 613 3433 donee
637 3373 747 3434 sortior
764 3367 961 3430 insurrexerit.
1026 3385 1097 3425 orro
1116 3362 1228 3423 sortior

92 3447 142 3508 laic
166 3447 296 3507 interra
317 3468 378 3508 non
398 3451 559 3529 reperitur,
590 3449 709 3529 quando
729 3446 809 3506 nulla
829 3444 997 3505 bominibus
1017 3443 1053 3502 ail
1072 3462 1104 3502 sc
1123 3440 1225 3499 iuvan-

91 3527 147 3585 dos
166 3523 298 3607 suppetit
316 3523 453 3586 facultas}
472 3525 540 3587 ideo
561 3525 719 3606 promissus
738 3524 794 3584 luit
813 3522 929 3582 ecoelo
941 3521 1136 3606 Redemptor..
1162 3515 1226 3574 lani

90 3602 170 3662 hunc
193 3601 407 3680 redemptionis
430 3604 550 3663 moduni
570 3603 704 3662 Christus
724 3601 918 3661 necessarium
938 3617 1001 3658 esse
1021 3594 1167 3666 ostendit,
1193 3601 1231 3678 ut

90 3675 214 3740 diabolo
238 3699 328 3736 manu
348 3691 458 3740 armata
477 3691 666 3759 extorqueat,
696 3678 776 3758 qu'od
796 3697 944 3755 nunquam
965 3671 1025 3731 nisi
1041 3680 1160 3756 coactus
1180 3667 1225 3724 di-

89 3757 198 3816 mittet.
258 3753 375 3828 Quibus
407 3755 504 3816 verbis
529 3756 690 3838 significat,
728 3753 835 3814 lnistra
859 3750 993 3814 homines
1018 3746 1250 3806 liberationem.

89 3851 227 3914 sperare,
258 3829 354 3892 donec
378 3830 511 3893 violento
534 3832 676 3894 conllictu
699 3831 836 3892 subactus
861 3826 951 3888 luerit
975 3824 1074 3883 Satan.
1119 3817 1226 3908 Quen·

90 3931 178 3992 quum
198 3919 297 3980 autem
315 3907 476 3970 scribarum
496 3909 645 3970 inscitiam¹
660 3927 694 3968 er
713 3906 847 3988 professo
864 3902 972 3985 arguit,
990 3895 1075 3986 quod
1082 3913 1228 3972 prfflctpta

89 3985 178 4071 regni
207 3983 267 4046 Dei
291 4006 352 4045 non
377 3997 528 4046 tenerent:
564 3986 636 4045 haec
659 3996 757 4044 tamen
783 3979 953 4062 obiurgatio
979 3977 1044 4036 lere
1058 3985 1099 4030 'io
1124 3990 1228 4058 omnes

88 4060 253 4142 competit,
282 4065 401 4142 quando
426 4063 527 4123 eadem
553 4061 617 4123 lere
641 4060 762 4122 stultitia
786 4059 932 4119 laborant.
969 4055 1067 4140 Nemo
1086 4057 1145 4121 est,
1176 4069 1228 4136 qiii
1281 4065 1288 4081 “

87 4162 154 4204 non
179 4137 280 4198 verbis
307 4138 396 4200 iactet
414 4159 445 4199 se
465 4157 574 4220 cupere
593 4158 716 4219 regnum
735 4137 807 4196 Dei:
838 4134 951 4194 interea
971 4127 1120 4187 Christum
1142 4123 1228 4214 lorti:

89 4231 153 4293 ter,
172 4215 249 4276 sicut
268 4236 342 4296 opus
362 4229 422 4290 est,
441 4215 581 4295 proeliari
600 4235 662 4274 non
681 4214 819 4293 patimur,
839 4221 873 4269 ut
892 4227 946 4266 iios
965 4225 984 4274 e
1002 4223 1090 4294 mauu
1110 4212 1229 4283 tyranni

89 4294 189 4355 nostri
211 4292 334 4374 eripiat,
362 4292 487 4372 perinde
511 4290 570 4354 acsi
617 4291 659 4350 uis
684 4301 823 4370 aegrotus
846 4283 952 4346 medici
972 4299 1060 4361 opem
1080 4279 1229 4358 imploret,

93 4373 133 4435 ah
154 4370 294 4436 omnihus
313 4381 410 4435 autem
429 4369 566 4434 remediis
625 4368 751 4430 horreat.
791 4365 878 4429 Nunc
894 4374 1046 4434 tenemus,
1075 4375 1135 4438 quo
1155 4373 1230 4416 con-
