2768 4834
174 169 297 304 up*
438 191 480 218 ‘'
633 217 786 280 scorto
807 217 860 276 vr.
934 166 941 178 ¹

178 377 243 458 (Ps.
262 379 329 449 Μ,
347 363 402 452 Ἇζ).
440 373 523 454 Ergo
542 371 597 432 lilii
616 372 690 447 Dei,
721 369 851 450 quamvis
871 389 887 429 a
908 367 1012 428 labore
1033 379 1063 428 et
1083 385 1153 426 cura
1173 367 1329 429 immunes

142 473 146 482 '
179 453 330 526 possint,
349 451 471 530 proprie
491 462 589 508 tamen
609 469 672 508 non
692 449 831 508 dicuntur
850 465 913 506 esse
933 444 1051 505 solliciti
1072 443 1108 503 de
1135 443 1210 517 vita,
1268 465 1330 505 uo-

182 531 260 590 niam
281 529 311 586 in
332 527 390 602 Dei
411 526 625 607 providentiam
645 523 844 584 recumbendo
865 521 1024 600 tranquille
1044 521 1208 598 quiescunt.
1277 521 1332 582 inc

172 597 327 668 'colli'crc
348 613 516 683 promptum
538 615 595 676 est,
622 613 764 680 quatenus
786 599 919 658 habenda
940 599 977 656 sit
996 598 1087 684 victus
1109 617 1194 668 cura,
1214 617 1332 677 nempe

150 729 152 739 ,
184 625 353 742 arctabunt
373 681 436 758 quis
459 701 494 738 ue
514 692 658 748 nostrum,
679 687 819 756 quantum
841 675 900 734 lert
918 696 969 734 sua
989 673 1112 732 vocatio
1129 684 1159 732 et
1172 674 1342 748 Dominus¹

182 757 344 839 prorupit:
367 701 472 816 deinde
494 768 525 818 ut
544 778 593 814 sua
615 773 761 832 quemque
782 753 938 810 necessitas
959 751 1102 810 sdDeum
1122 750 1330 810 invocandum
1372 743 1375 764 i

186 834 336 896 sollicitet.
394 833 474 891 Talis
500 855 568 891 cura
595 831 673 890 iuter
697 828 831 907 supinam
858 828 1044 888 securitatem
1072 839 1101 886 et
1126 847 1332 904 supervacuos

171 911 340 984 ‘cruciatum
359 907 465 989 'quibus
485 929 515 968 se
536 908 698 968 conficiunt
717 905 872 976 increduli,
891 905 987 964 media
1007 913 1059 966 cst.
1091 903 1208 976 Quodsi
1227 903 1332 982 probe

187 996 220 1046 ex'
244 983 511 1046 cardimusssbristi
538 984 641 1056 verba,
675 1003 737 1040 uon
759 981 920 1058 quamlibet
939 1001 1037 1041 curam
1055 979 1143 1038 nobis
1164 979 1334 1056 interdicit,

175 1007 240 1124 secl
259 1083 333 1141 quae
347 1084 389 1128 ,ex
408 1059 571 1126 diffidentia
592 1059 728 1118 nascitur.
762 1057 873 1132 Nolite,
887 1057 999 1136 inquit,
1018 1055 1139 1146 solliciti
1156 1076 1239 1145 esse,
1256 1057 1332 1135 quid

187 1140 277 1214 edatis
305 1150 353 1204 aut
379 1137 499 1198 bibatis:
532 1137 562 1196 id
591 1157 661 1196 vero
688 1157 743 1215 pro
768 1135 840 1194 rium
867 1146 911 1194 est
932 1153 1050 1208 eorum,
1084 1153 1133 1211 qur
1153 1153 1205 1190 ano
1229 1153 1276 1192 rae
1299 1144 1333 1194 et

187 1214 319 1275 delectus
345 1201 615 1294 metu'trepidant‚
649 1212 706 1272 acsi
732 1158 789 1272 ilis
815 1211 846 1270 in
866 1207 982 1292 singula
1002 1218 1150 1269 momenta
1171 1153 1333 1270 delaturus

186 1303 261 1351 esset
281 1290 371 1348 cibus.
460 1294 471 1302 ”
835 1316 838 1322 ,
916 1330 919 1340 ,

261 1367 365 1436 blattla.
391 1373 438 1431 25.
479 1365 587 1426 Nonne
611 1367 710 1424 aniano
735 1379 786 1424 eto.
827 1361 1033 1422 Ratiocinatur
1052 1382 1068 1422 a
1087 1359 1193 1420 maiori
1213 1361 1250 1420 ad
1270 1362 1332 1422 mi-

145 1497 149 1508 .
186 1466 270 1506 utu...
288 1445 429 1502 Vetuerat
448 1443 570 1500 nimium
590 1463 703 1516 curare,
715 1442 875 1532 ‘quomodo
897 1439 1017 1499 tolerari
1038 1438 1131 1517 possit
1149 1437 1223 1496 vita:
1239 1459 1330 1511 ‚nunc

99 1525 122 1576 ’,
186 1519 331 1578 rationem
351 1519 478 1594 subiicit,
497 1517 669 1592 Dominum,
690 1541 740 1597 qm
758 1519 847 1576 vitam
867 1517 958 1595 ipsam
971 1514 1102 1587 eleuarit,
1121 1512 1245 1573 minime
1260 1536 1330 1594 pas-

186 1615 301 1668 surum,
330 1608 362 1653 tat
389 1613 462 1672 quae
484 1595 519 1654 ad
540 1615 603 1652 eam
623 1584 997 1672 sustinendampertinent
1014 1591 1142 1650 subsidia
1162 1589 1253 1650 nobis
1274 1593 1329 1650 de-

186 1673 253 1730 sint
282 1673 323 1730 Et
343 1685 422 1730 certe
443 1691 506 1730 non
527 1669 620 1728 levem
641 1671 761 1729 iacimus
774 1669 842 1728 Deo
864 1669 1010 1742 iniuriam,
1030 1667 1146 1746 quoties
1165 1667 1330 1730 diffidimus

186 1769 225 1806 ne
245 1747 337 1806 victus
358 1758 408 1805 aut
426 1747 545 1805 vestitas
566 1747 652 1806 nobis
672 1758 819 1826 suppetat,
841 1745 922 1824 quasi
942 1765 997 1804 nos
1018 1744 1141 1802 fortuito
1163 1743 1194 1802 in
1215 1756 1330 1804 terram

139 1823 143 1831 ’
172 1819 354 1903 'proiit'crel
381 1821 526 1900 Quisquis
548 1824 626 1882 enim
646 1836 728 1882 certo
749 1843 901 1901 persuasus
924 1833 977 1894 est,
998 1841 1063 1880 cum
1084 1820 1204 1880 minime
1222 1819 1330 1896 latere,

187 1899 279 1978 qualis
300 1899 338 1966 sit
354 1899 490 1960 ‘eorrditio
510 1899 586 1960 vitae
608 1912 742 1978 nostrae,
769 1899 848 1958 cuius
869 1899 931 1978 ipse
952 1909 996 1956 est
1015 1907 1132 1971 auctor,
1152 1918 1216 1956 non
1238 1898 1329 1956 dubi-

185 1976 260 2034 tabit
286 1977 355 2054 quiu
386 1975 446 2034 eius
473 1974 694 2044 necessitatibus
722 1975 834 2054 optime
859 1973 1001 2044 consulat.
1045 1973 1127 2054 Ergo
1169 1973 1268 2033 uoties
1290 1975 1328 2034 de

120 2087 130 2096 -
185 2041 264 2112 vict'u
282 2064 377 2110 metus
399 2051 447 2112 ali(
460 2051 500 2111 uis
521 2052 567 2110 vel
588 2051 757 2112 sollicitudo
780 2051 908 2130 obrepit,
927 2050 1144 2109 meminerimus
1185 2070 1330 2111 securae

184 2127 273 2188 vitam
292 2140 421 2186 nostrarn
443 2073 516 2202 iore,
557 2149 622 2186 uam
643 2127 729 2188 nobis
749 2129 879 2187 donarit.
1203 2189 1214 2210 ι

173 2243 197 2258 ··
261 2211 307 2267 26.
346 2205 491 2278 Respicite
508 2150 554 2262 ud
567 2205 715 2264 volatilia.»
746 2205 813 2262 Hoc
834 2215 878 2262 est
918 2203 977 2276 uod
998 2202 1056 2262 dixi
1074 2202 1258 2276 renredium,
1294 2215 1330 2264 ut

185 2281 297 2358 scilicet
320 2281 351 2339 in
376 2281 434 2342 llci
461 2280 682 2360 ppovirientiam
700 2281 873 2342 recumbere
898 2225 1055 2340 discamus:
1086 2279 1219 2338 omniurn
1245 2281 1328 2340 enim

187 2378 331 2432 curarum,
352 2379 426 2436 quae
446 2357 564 2415 modum
586 2357 739 2432 excedunt,
759 2369 852 2416 mater
873 2368 917 2417 est
935 2354 1100 2414 infidelitas.
1139 2356 1214 2414 Ideo
1235 2357 1327 2416 unica
1374 2371 1375 2378 ’

188 2434 387 2514 corrigendae
412 2432 548 2492 avaritiae
574 2435 649 2499 ratio
671 2445 728 2509 est,
757 2434 781 2492 si
801 2433 861 2493 Dei
879 2433 1087 2512 promissiones
1108 2431 1328 2510 amplectimur,
1374 2431 1375 2438 '

186 2509 291 2589 quibus,
312 2531 343 2570 se
364 2522 487 2570 testatur
506 2509 672 2568 habiturum
693 2531 791 2570 curam
812 2511 914 2569 nostri.
950 2509 986 2567 In
1007 2509 1084 2568 bunc
1104 2511 1226 2568 modum
1238 2511 1328 2588 Apo-

185 2587 276 2648 stolus
309 2587 422 2664 (llebr.
449 2585 504 2660 13,
527 2587 577 2663 5.)
608 2588 757 2647 retrahere
788 2586 888 2646 fideles
918 2585 954 2644 ab
980 2585 1100 2668 avaritia
1124 2583 1231 2646 volens
1259 2607 1328 2646 esna

188 2651 350 2722 doctrinam
379 2663 548 2734 confirmat,
579 2663 644 2740 quia
671 2664 810 2742 scriptum
831 2663 882 2738 sit,
910 2662 981 2720 Nou
1001 2673 1030 2720 te
1051 2663 1200 2736 deseram,
1225 2683 1327 2742 neque

188 2739 353 2800 destituam.
385 2734 504 2798 Summ‘a
525 2757 598 2818 ergo
620 2751 673 2814 est,
693 2741 772 2818 qnod
793 2761 847 2797 nos
868 2740 903 2798 ad
924 2737 1073 2798 fidendum
1087 2739 1154 2798 Deo
1177 2739 1327 2814 bortatur,

184 2816 234 2894 qui
255 2813 352 2874 nullos
373 2835 407 2872 ex
426 2813 500 2887 suis‘,
528 2815 691 2948 quamlibet
711 2814 958 2895 contemptibiles,
978 2814 1113 2950 nepliqit.
1149 2811 1327 2896 Diligenter

183 2889 348 2950 notandum
373 2901 433 2961 est,
465 2911 525 2968 quo
570 2891 688 2952 Patr-cru
708 2891 867 2952 coelestem
888 2888 960 2950 dicit
978 2913 1015 2951 ro
1029 2903 1067 2950 atr
1082 2892 1109 2950 ia
1129 2889 1218 2951 alere.
1257 2893 1325 2952 Etsi

183 2965 262 3025 enim
287 2984 358 3024 non·
373 2965 437 3024 sine
463 2966 603 3026 miraculo
628 2968 716 3030 vitam
741 2979 934 3042 sustentant,
959 2968 1191 3048 quotusquisque
1222 2979 1326 3028 tamen

182 3052 315 3100 nostrum
335 3053 452 3118 reputat
469 3043 538 3100 inde
559 3045 689 3122 pendere
709 3066 811 3104 eorum
831 3045 930 3117 vitam,
951 3046 1031 3122 qnod
1048 3046 1129 3116 Deus
1146 3065 1227 3102 sunm
1249 3067 1324 3124 pro-

183 3117 343 3176 videntiam
364 3117 400 3178 ad
420 3118 481 3206 ipsa
503 3141 594 3209 usque
616 3123 772 3182 extendere
793 3119 948 3200 dignatur?
982 3121 1103 3194 Quodsi
1119 3121 1236 3199 penitus
1257 3122 1324 3180 ani-

183 3193 238 3252 mis
264 3193 371 3252 nostris
392 3193 510 3254 inlisum
529 3208 581 3267 sat,
611 3198 825 3256 subministrari
845 3196 903 3254 llei
923 3219 1011 3255 manu
1032 3197 1169 3256 alimenta
1189 3197 1322 3256 volucri·
1374 3243 1375 3260 t

184 3270 253 3343 bus,
286 3269 370 3328 facile
397 3271 452 3328 erit
479 3273 514 3330 de
541 3273 626 3332 nobis
650 3297 664 3331 s
686 3294 785 3346 crare,
819 3273 868 3352 qui
892 3275 929 3333 ad
955 3274 1015 3332 eins
1041 3274 1197 3366 ¹imaginem
1223 3297 1322 3336 sumus

184 3346 312 3420 conditi,
342 3359 372 3405 et
398 3347 447 3426 qui
462 3347 554 3416 ,iuter
580 3350 640 3408 eius
660 3296 735 3410 lilios
756 3371 916 3409 censemur.
958 3351 1058 3424 Quur'n
1078 3350 1163 3425 dreit,
1188 3351 1324 3412 volatilia

182 3443 241 3480 noar
270 3443 363 3482 serere
395 3441 485 3502 raeque
510 3441 628 3503 mucre,
661 3427 705 3486 bis
730 3426 828 3484 verbis
843 3447 907 3484 nos
934 3427 969 3484 ad
995 3427 1086 3486 otium
1114 3437 1145 3486 'et
1169 3427 1322 3508 pigritiam
1374 3485 1375 3498 ,

182 3499 303 3558 minime
328 3495 445 3574 invitat,
474 3503 525 3560 s'ed
546 3515 656 3560 tantum
679 3502 832 3584 intelligit,
862 3501 974 3560 etiamsi
995 3514 1110 3562 cessent
1129 3509 1229 3563 omnia
1249 3503 1319 3563 sub-

181 3575 271 3649 sidia,
302 3575 386 3636 nobis
412 3579 583 3646 uuanaDei
604 3578 819 3658 providentiam
839 3579 990 3653 sulficere,
1020 3585 1094 3659 qu'ae
1115 3577 1234 3639 abunde
1255 3581 1321 3640 ani·
1374 3617 1375 3658 3

182 3651 304 3712 malibus
328 3673 381 3732 sup
407 3654 497 3712 erlitat
523 3655 661 3736 quicquid
689 3675 762 3734 opus
783 3667 835 3714 est.
874 3655 966 3736 Lucas
988 3677 1042 3735 pro
1062 3652 1233 3716 volucribus
1252 3679 1320 3718 cor·-

178 3749 229 3788 vos
249 3731 344 3809 ponit,
365 3675 495 3789 adoriens
516 3732 594 3790 sorte
614 3731 649 3790 an
671 3731 767 3790 locum
790 3731 869 3790 illurn
881 3731 987 3791 Psalmi
1009 3741 1027 3809 (¹
1043 3739 1090 3805 -l7,
1107 3734 1161 3808 9.),
1183 3733 1247 3806 Qui
1269 3737 1320 3794 dat

180 3825 275 3865 escam
302 3805 387 3885 pullis
414 3827 568 3866 corvorum
594 3807 799 3868 invocantibus
826 3829 902 3868 eum.
941 3809 1084 3868 Davirem
1104 3829 1176 3870 vero
1198 3810 1319 3890 quidam

181 3883 344 3942 existimant
369 3883 540 3941 nominatim
567 3885 635 3942 ideo
662 3884 815 3963 loquutum
841 3905 903 3944 esse
924 3885 960 3946 de
981 3886 1092 3958 corvis,
1125 3887 1204 3964 quod
1227 3909 1319 3965 quum

179 3977 229 4018 eos
249 3960 345 4018 statim
367 3959 501 4018 deserant
515 3961 617 4038 ‚patics
638 3971 803 4033 etsnatres,
825 3981 943 4020 necesse
964 3974 1007 4021 est
1027 3961 1164 4022 divinitus
1176 3961 1319 4024 alimenta

177 4032 233 4092 illis
259 4035 372 4094 oll'crri.
416 4035 494 4096 Hinc
521 4047 627 4114 patet,
650 4057 712 4096 non
733 4035 811 4096 aliud
831 4035 957 4098 voluisse
978 4035 1143 4113 Christum,
1175 4061 1265 4118 quam
1284 4051 1319 4100 ut

176 4130 244 4168 suos
265 4111 386 4170 doceret
399 4114 487 4170 ‘curas
506 4131 570 4170 suas
592 4112 621 4169 in
642 4111 738 4172 Deum
759 4113 892 4174 reiicere.

251 4192 297 4262 27.
339 4187 411 4319 puis
429 4201 521 4246 nuum
539 4204 660 4247 oestrum
679 4195 770 4249 onmis
787 4189 918 4253 curando
936 4205 987 4254 etc.
1035 4190 1091 4250 llic
1112 4190 1189 4251 aliud
1210 4191 1316 4252 vitium

175 4260 293 4318 damnat
313 4261 337 4319 C
361 4262 460 4335 sistus,
491 4265 570 4342 quod
591 4266 653 4325 lere
674 4287 792 4347 semper
810 4261 982 4345 implicitum
1003 4279 1047 4328 est
1068 4289 1134 4326 curu
1155 4269 1315 4330 immodica
1374 4289 1375 4294 ’

173 4335 267 4396 victus
287 4358 368 4396 cura:
394 4353 517 4418 :nempe
539 4341 619 4419 quod
638 4342 694 4404 sibi
713 4363 799 4424 sopra
821 4364 906 4422 quam
927 4343 995 4406 licet
1016 4365 1157 4422 usurpans
1168 4347 1302 4431 paortslr'
