2790 4838
191 233 250 296 224
517 220 670 286 SECTIO
693 223 764 284 vlt
800 225 989 287 Minaeum.
1019 275 1023 293 ,
1121 305 1130 316 ι

269 382 372 445 blattb.
393 385 441 446 27.
458 375 519 440 ”Et
542 399 630 458 quum
648 375 801 438 discum
820 376 912 440 lusu.
951 376 998 437 De
1018 373 1080 435 istis
1101 347 1217 436 duobus
1236 377 1329 441 mira-
1383 416 1384 420 ,

195 463 266 528 culis
286 459 335 521 alii
354 455 560 538 Evangelistae
581 454 681 516 silent:
715 455 781 535 quia
801 454 875 514 sicut
895 451 965 513 alibi
985 452 1120 528 diximus,
1147 464 1176 512 et
1197 452 1329 516 loannes

195 542 273 604 clare
294 536 434 606 affirmat,
465 531 649 668 propositum
674 530 730 590 illis
751 551 812 590 non
833 529 890 590 fuit
909 529 1022 619 singula
1044 527 1154 590 Christi
1174 541 1329 666 qqstaue-

196 632 331 686 ceusere,
357 611 407 672 sed
429 609 553 669 colecta
572 621 686 668 tantum
705 627 814 666 summa
835 606 962 698 prohare
982 627 1076 686 rpsum
1096 625 1159 666 esse
1214 629 1331 668 essram.

194 696 292 755 Porro
311 687 476 748 Matthaeus
494 685 601 757 refert,
631 683 745 744 duobus
766 705 864 744 coecus
884 683 1034 743 redditum·
1052 703 1113 742 esse
1133 676 1246 756 visum,
1276 685 1329 744 sed

189 789 257 832 non
275 779 336 828 tarn
356 764 415 854 eitp
437 783 522 854 qupm
542 781 629 898 saqpe
650 760 720 820 alias
740 757 870 820 Christus
889 759 1001 819 miseris
1019 779 1107 839 opem
1124 757 1202 820 ferre
1222 760 1330 822 solitus

195 858 266 908 erat.
305 844 380 902 Nam
400 859 430 898 rn
452 851 557 898 rtrnere
608 835 772 897 amantibus
792 856 853 895 non
873 835 1049 914 respondet,
1068 837 1120 897 sed
1162 836 1223 896 nasi
1244 837 1329 896 dissi-

148 987 157 996 ,
193 924 307 986 mulans
332 919 363 978 in
388 914 545 995 hospitium
572 913 798 1003 usquepatitur
822 913 901 993 ipsos
926 912 1018 991 sequi.
1064 912 1111 972 Ibi
1137 857 1255 974 demum
1275 935 1329 976 eus

195 1003 361 1080 interrogat
380 994 416 1054 de
436 1012 486 1052 sua
506 1002 649 1072 potentia,
670 989 740 1070 quid
760 990 890 1049 credant.
929 988 973 1047 lle
994 989 1084 1072 igitur
1106 1001 1136 1049 et
1148 988 1247 1050 verbis
1259 1011 1328 1052 esa-

194 1079 306 1138 minare
319 1069 413 1133 voluit
425 1087 526 1129 eorum
542 1067 642 1126 fidem:
662 1085 818 1146 suspensos
831 1065 909 1126 enim
928 1076 1044 1140 tenens,
1064 1057 1123 1126 irnd
1144 1067 1328 1145 praeteriens

196 1152 278 1237 quasi
302 1169 364 1209 non
390 1144 536 1218 exandiat,
574 1142 733 1222 patientiae
757 1142 888 1222 ipsorum
913 1163 946 1200 er
969 1141 1142 1202 erimentum
1169 1143 1265 1223 capit,
1298 1158 1330 1206 et

195 1229 312 1311 qualem
336 1226 367 1285 in
391 1222 523 1302 ipsorum
548 1219 650 1279 animis
676 1219 804 1280 radicem
824 1218 919 1301 egerit
943 1163 1023 1278 fles.
1080 1217 1205 1292 Postea,
1235 1243 1327 1301 quum

195 1305 357 1368 sciscitatur
378 1322 414 1360 an
426 1299 556 1370 credant,
575 1297 652 1357 idem
673 1294 745 1354 illud
766 1315 885 1355 eramen
905 1294 1102 1374 prosequitur.
1141 1295 1204 1356 Sed
1224 1299 1327 1376 quaeri

194 1392 309 1466 potest,
329 1399 365 1440 an
386 1377 422 1438 de
443 1373 576 1455 potentia
595 1372 654 1432 Dei
674 1384 705 1432 et
725 1370 835 1434 Christi
855 1391 1024 1452 persuasum
1045 1393 1107 1434 esse
1127 1372 1267 1447 sufficiat,
1292 1386 1327 1434 ut

216 1458 338 1539 uispiam
363 1453 401 1515 sit
426 1449 527 1512 fidelis.
572 1449 639 1508 Hoc
666 1448 744 1508 enim
768 1458 876 1508 sonant
895 1447 1000 1530 verba,
1041 1447 1163 1509 Creditis
1180 1471 1226 1510 me
1239 1473 1329 1525 posse

214 1541 315 1598 uem?
354 1528 446 1609 Atqui
465 1548 501 1586 ex
520 1525 582 1588 aliis
602 1525 773 1604 Scripturas
793 1525 866 1584 locis
885 1535 983 1604 patet,
1013 1525 1147 1586 notitiam
1173 1529 1326 1605 potentiae

196 1616 262 1676 fure
280 1611 399 1671 inanem
419 1602 466 1664 vel
485 1602 637 1682 frigidam,
658 1601 716 1660 nisi
736 1603 772 1662 de
791 1600 943 1661 voluntate
963 1601 1037 1660 certi
1054 1600 1151 1664 simus.
1191 1601 1327 1666 Christus

195 1703 294 1752 tamen
321 1703 422 1744 eorum
448 1697 594 1759 responso
620 1688 793 1752 contentus,
830 1675 963 1756 ipsorum
988 1677 1075 1738 fidem
1115 1679 1175 1738 nasi
1196 1681 1326 1742 numeris

169 1815 184 1835 -.
196 1764 333 1830 omnihus
354 1756 517 1819 absolutam
536 1754 643 1816 laudat.
682 1752 874 1833 Respondes,
894 1773 984 1844 quum
1004 1755 1083 1833 prius
1093 1701 1213 1816 havidis
1233 1755 1326 1817 filium

195 1837 324 1904 confessi
342 1835 410 1907 sint,
429 1833 466 1892 de
486 1830 580 1914 gratia
599 1828 711 1908 aliquid
730 1829 972 1909 apprehendisse:
992 1832 1135 1893 namhoc
1154 1831 1242 1894 titulo
1263 1835 1326 1895 lte-

196 1919 381 1994 demptorem
401 1907 496 1991 gentis
515 1927 600 1982 suae,
620 1905 827 1985 bonorumque
848 1907 979 1966 omnium
999 1921 1149 1969 auctorem
1168 1909 1325 1971 ornabant

194 1996 267 2075 Ipso
287 2008 360 2070 ergo
381 1985 417 2046 de
434 2003 484 2044 sua
509 1983 642 2063 potentia
663 2003 806 2074 quaerens
826 1982 910 2043 altius
929 1995 1152 2062 percunctatur,
1183 2006 1220 2046 an
1244 1987 1326 2048 serio

194 2069 325 2132 credant.
363 2063 450 2122 Fides
469 2080 542 2142 ergo
561 2060 620 2119 Dei
639 2058 867 2120 misericordiam
886 2071 916 2120 et
936 2073 1090 2139 paternum
1108 2082 1238 2124 amorem
1257 2085 1326 2125 curn

194 2143 345 2228 potentia,
384 2136 495 2198 Christi
521 2136 606 2196 etiam
634 2135 791 2217 propitiam
816 2136 998 2196 voluntatem
1023 2160 1088 2198 curn
1113 2139 1219 2200 virtute
1240 2161 1326 2200 corn-

195 2221 342 2360 plcctitur.
382 2214 442 2276 Sed
492 2213 540 2274 uia
558 2212 617 2280 Dei
641 2212 793 2292 potentiae
817 2223 848 2271 et
868 2211 978 2274 Christi
1003 2214 1103 2274 virtuti
1122 2214 1216 2279 minus
1237 2238 1328 2298 quarn

87 2343 121 2370 -,
216 2298 320 2360 scebat
339 2292 428 2374 vulgo
449 2301 486 2350 trr
510 2300 584 2350 uunt
603 2289 752 2363 homines,
778 2307 839 2347 nou
861 2289 911 2350 abs
930 2309 963 2349 re
984 2291 1055 2352 haec
1075 2293 1206 2370 quaestio
1227 2293 1325 2354 coecis

216 2371 391 2456 reponitur,
420 2389 456 2427 an
478 2365 628 2440 credant,
646 2364 794 2426 Christum
816 2385 904 2500 posse
931 2367 1011 2445 quod
1032 2389 1084 2428 ore
1105 2368 1228 2449 professi
1247 2381 1325 2433 sunt.

127 2503 132 2510 .
194 2399 374 2529 fluanqriam
394 2442 566 2523 simpliciter
583 2441 658 2504 scire
677 2442 772 2502 voluit
792 2441 817 2501 C
840 2442 942 2518 rietus,
965 2463 1003 2502 an
1022 2443 1078 2505 sibi
1099 2445 1250 2506 exanimo
1271 2447 1324 2507 de-

195 2531 309 2590 ferrent
328 2522 452 2584 Messiae
471 2520 626 2581 bonorem.
664 2519 705 2579 Et
724 2518 778 2578 hac
798 2518 836 2578 de
862 2541 946 2580 causa
965 2518 1100 2582 laudatur
1119 2541 1221 2582 eorum
1242 2523 1327 2599 fides,

194 2605 277 2746 qupd
294 2604 326 2662 iu
343 2599 394 2661 illa
413 2597 514 2658 humili
535 2607 764 2676 contemptaque
784 2595 882 2674 specie
901 2596 1007 2656 Filium
1017 2596 1137 2658 Davidis
1156 2599 1326 2679 apprehen-

215 2705 230 2744 e
254 2692 312 2744 ant.
753 2685 769 2702 ‘¹

270 2763 318 2823 29,
346 2747 555 2831 lamfredus
572 2761 702 2812 vestrm
742 2749 871 2808 Tametsi
901 2749 1049 2834 singulare
1076 2751 1122 2811 hic
1147 2751 1326 2814 heneficium

196 2835 310 2898 duobus
340 2829 439 2890 coecis
463 2825 633 2906 praestitum
659 2836 809 2897 narratur,
847 2835 945 2886 tamen
978 2847 1012 2887 ex
1041 2829 1187 2906 praesenti
1213 2829 1327 2890 Christi

196 2913 277 2974 dicto
298 2903 465 2991 generalem
490 2900 597 2962 elicere
622 2900 785 2960 doctrinam
811 2903 965 2978 convenit,
993 2923 1049 2962 nos
1078 2899 1184 2983 (modo
1211 2926 1247 2966 ex
1265 2905 1325 2966 fide

218 2983 365 3060 recemur)
396 2998 545 3056 nunquam
571 2977 601 3042 in
625 2975 701 3036 votis
726 2978 832 3036 nostris
858 2999 890 3038 re
914 2979 1004 3040 ulsam
1024 3001 1166 3060 passuros.
1207 2981 1327 3058 Quodsi

158 3071 162 3094 '
195 3010 255 3124 duo
276 3060 318 3120 illi
338 3055 451 3138 exigua,
470 3053 597 3116 necdum
616 3052 732 3132 penitus
752 3053 876 3114 formata
892 2999 953 3116 hue
972 3057 1166 3138 impetrarunt
1178 3059 1324 3138 quodvo-

195 3139 308 3210 lebant,
327 3132 420 3196 multo
441 3129 505 3211 plus
525 3128 614 3189 hodie
633 3128 744 3191 valebit
763 3150 865 3190 eorum
887 3131 969 3204 fides,
990 3135 1040 3212 qui
1050 3128 1164 3214 Spiritu
1184 3135 1325 3216 adoptio-

195 3215 241 3276 nis
261 3210 386 3294 praediti
406 3219 435 3268 et
455 3205 524 3266 freti
543 3205 713 3266 blediatoris
731 3205 873 3267 sacrificio
894 3208 931 3269 ad
949 3208 1047 3270 Deum
1066 3207 1218 3272 accedent.

270 3295 319 3356 30.
355 3285 561 3345 tumorum
576 3295 628 3344 est.
667 3282 724 3342 Vel
744 3283 816 3344 alios
831 3281 940 3344 hahere
960 3287 1053 3348 voluit
1071 3297 1159 3347 testes
1179 3286 1326 3364 miraculi,

195 3367 243 3428 vel
263 3366 293 3425 in
314 3364 391 3424 aliud
410 3374 524 3441 tempus
545 3358 666 3418 differre
686 3360 747 3420 eius
766 3359 881 3420 famam.
912 3359 1004 3435 Quod
1024 3363 1115 3446 igitur
1133 3385 1201 3425 mox
1212 3364 1326 3443 ubique

195 3443 312 3525 promul
335 3452 400 3514 ant,
430 3435 660 3519 reprehensione
680 3436 801 3518 dignum
822 3447 878 3505 est:
902 3457 970 3496 nam
990 3441 1070 3520 quod
1089 3439 1178 3519 aliqui
1198 3441 1326 3522 fingunt,

195 3518 379 3602 prohibuisse
392 3515 540 3577 Christum
559 3524 592 3571 ut
611 3511 706 3572 calcar
725 3513 855 3588 adderet,
874 3515 932 3575 alio
953 3515 1021 3576 loco
1032 3517 1230 3577 refutavimus.
1256 3517 1327 3577 Fuit

197 3609 276 3657 certe
296 3595 391 3676 aliqua
411 3589 529 3651 vetandi
548 3587 635 3662 ratio,
656 3609 730 3668 quae
750 3589 836 3649 nobis
854 3603 897 3652 est
909 3591 1071 3676 incognita,
1091 3593 1138 3652 isti
1159 3605 1255 3654 autem
1276 3595 1324 3654 in-

196 3671 382 3734 considerato
403 3668 468 3730 nelo
488 3679 556 3726 ante
577 3675 690 3744 tempus
709 3679 886 3745 sparserunt
1024 3708 1027 3718 .

270 3756 318 3816 32.
356 3745 558 3810 Adduxerunt
575 3739 717 3802 bominem
727 3757 843 3802 mactum.
882 3743 1043 3806 Probabile
1057 3756 1110 3821 est,
1129 3757 1233 3807 natura
1244 3747 1325 3808 hunc

117 3879 121 3889 .
194 3840 306 3886 mutum
327 3846 388 3884 non
411 3823 514 3894 fuisse,
534 3817 585 3880 scd
606 3839 694 3898 quum
716 3818 834 3879 diabolo
854 3823 976 3882 traditus
997 3833 1085 3896 esset,
1106 3821 1249 3902 loquendi
1269 3847 1325 3884 usu

195 3904 282 3965 fuisse
303 3901 460 3984 privatum:
490 3915 587 3976 neque
612 3893 689 3953 enim
710 3915 812 3956 omnes
836 3899 909 3958 muti
930 3897 1121 3960 daemoniaci.
1160 3899 1211 3959 Sic
1232 3901 1326 3980 igitur

194 3981 305 4040 inflicta
325 3989 389 4038 erat
407 3993 518 4055 poena,
545 3982 577 4030 ut
596 3971 756 4030 manifestis
775 3974 865 4055 signis
886 3987 1091 4050 consuram
1110 3975 1243 4056 maligno
1263 3977 1325 4056 spi-

111 4057 114 4064 ’
193 4057 252 4116 ritu
272 4067 388 4134 captam
406 4049 502 4113 teneri
523 4047 584 4110 eius
602 4046 743 4128 linguam.
769 4049 860 4124 Quod
878 4064 974 4114 autern
994 4074 1030 4113 eo
1048 4064 1149 4112 sanato
1160 4051 1326 4113 exclamant

119 4195 124 4202 ,
194 4131 314 4204 turbae,
334 4150 483 4208 uunquam
502 4125 542 4185 sic
564 4123 670 4182 facturn
692 4143 752 4184 esse
773 4126 804 4185 in
823 4125 928 4203 Israel,
949 4127 1172 4209 hyperbolicum
1193 4129 1324 4190 videtur:

195 4205 354 4266 maioribus
381 4204 458 4264 enim
485 4200 631 4261 miraculis
655 4197 779 4280 gloriam
799 4225 878 4264 suam
896 4205 977 4264 Deus
999 4205 1069 4264 olim
1090 4205 1273 4284 patefecerat
1292 4205 1323 4262 in

194 4281 311 4362 populo
339 4280 401 4340 illo.
460 4279 520 4340 Sed
548 4277 625 4336 forte
650 4277 687 4335 ad
713 4277 800 4340 linem
827 4281 958 4352 miraculi
977 4281 1155 4357 attendunt,
1194 4294 1227 4342 ut
1252 4295 1325 4341 tunc

174 4357 326 4424 ,omnium
358 4358 447 4418 animi
476 4360 507 4418 in
526 4363 608 4434 spem
639 4353 778 4420 adventus
803 4357 925 4420 blessiae
954 4359 1046 4420 erecti
1077 4371 1170 4420 erant.
1231 4359 1324 4419 Certe
