2790 4838
164 233 223 295 198
495 223 649 288 SECTIO
671 223 747 285 vll:
778 224 969 284 limacum.

166 391 198 441 et
217 400 271 440 nos
291 378 422 460 perfudit
439 398 489 440 sua
508 377 672 440 sanctitate.
712 377 872 438 Caeterum
893 397 981 456 quum
1000 373 1066 437 solo
1087 373 1180 436 verbo
1200 373 1311 455 lepro-

166 479 229 516 sum
255 477 358 517 sanare
384 463 500 536 pos'set,
539 457 575 516 ad
599 455 776 526 testandum.
790 453 1008 514 misericordiae
1034 451 1175 512 allectrnn
1199 473 1311 512 manus

165 544 275 594 tactum
294 534 380 594 simul
399 530 543 594 adhibuit:
564 551 618 591 nec
638 531 762 605 mirum,
781 551 871 610 quum
891 530 1015 590 induere
1035 526 1165 589 volucrit
1183 549 1311 607 carnem

166 622 312 684 nostram,
343 622 375 670 ut
401 631 456 669 nos
477 631 493 670 a
513 608 641 688 peccatis
661 608 797 668 omnihus
817 617 966 690 purgaret
1007 605 1110 681 Quare
1129 625 1232 665 manus
1255 625 1312 665 ex-

166 687 262 748 tensio
288 687 446 749 immensae
471 687 582 768 gratiae
609 696 640 745 ct
665 684 805 744 honitatis
829 685 945 764 signum
971 693 1001 743 et
1025 693 1135 742 tessera
1160 681 1224 741 snit.
1266 685 1313 742 Et

167 775 248 823 certe
268 763 349 853 quod
368 765 500 844 segniter
519 761 647 842 legendo
668 759 774 841 frigide
794 760 1003 841 praeterimus,
1027 759 1091 818 sine
1110 779 1156 817 ma
1180 778 1220 818 no
1242 770 1312 818 stu-

165 859 240 918 pore
265 851 322 899 rrte
347 859 380 898 ex
402 839 470 899 endi
494 859 557 898 nun
585 850 700 917 potest,
730 837 839 897 Filium
858 837 918 898 Dei
937 837 1012 898 adeo
1032 855 1095 894 non
1115 779 1311 900 abhorruisse

166 935 183 973 a
203 913 313 994 leprosi
332 861 495 995 colloquio,
514 926 547 976 ut
565 935 683 974 manum
703 935 823 995 qnoque
844 915 881 974 ad
892 913 1072 1018 tangendam
1082 911 1162 971 illam
1175 911 1310 972 immum

167 989 268 1052 ditiem
287 993 465 1074 porrigeret.

240 1074 268 1131 4.
306 1067 390 1130 Dicit
406 1067 568 1142 luidonis,
587 1080 638 1128 etc.
679 1067 824 1142 Quidam,
843 1078 877 1125 nt
896 1063 1045 1146 leprosum
1065 1075 1219 1138 excusent,
1240 1085 1310 1124 non

164 1154 272 1223 putant
295 1145 373 1207 serio
393 1144 575 1226 prohibitum
596 1144 684 1204 luisse
702 1164 719 1203 a
740 1142 875 1218 Christo,
907 1162 945 1202 ne
965 1140 1135 1202 miraculum
1155 1140 1310 1222 vulgaret,

164 1219 217 1280 scd
240 1219 285 1280 illi
312 1221 410 1301 potius
435 1221 564 1282 additum
585 1219 672 1280 luisse
692 1219 849 1282 stimulum.
893 1218 1013 1278 Rectius
1033 1229 1131 1276 tamea
1151 1216 1219 1292 alii,
1252 1217 1310 1295 qui

163 1297 284 1358 vetandi
313 1319 427 1359 causam
456 1296 547 1358 fuisse
573 1296 720 1370 sentiunt,
758 1296 825 1376 qnia
854 1308 999 1356 maturum
1029 1306 1088 1354 tem
1111 1315 1145 1354 us
1171 1293 1311 1354 nondum

165 1373 333 1436 advenerat.
371 1375 482 1435 Fateor
501 1373 636 1452 quidem,
655 1393 731 1448 ,non
751 1371 917 1452 oportuisse
936 1370 1078 1461 supprimi
1091 1313 1156 1431 hoc
1175 1369 1310 1428 miracu-

166 1447 242 1526 lum,
266 1447 318 1512 scd
338 1463 418 1512 certa
438 1450 515 1511 ratio
537 1449 608 1525 luit,
634 1471 686 1510 cnr
705 1449 850 1524 Dominus
870 1448 917 1508 vel
936 1459 1033 1510 statim
1055 1446 1184 1507 noluerit
1203 1447 1310 1528 spargi

165 1524 244 1586 illius
264 1526 381 1604 famam,
399 1527 447 1588 vel
462 1525 569 1588 saltem
589 1546 643 1607 per
662 1523 821 1605 leprosum.
853 1525 904 1586 Sic
924 1523 1015 1616 igitur
1025 1535 1133 1598 sutuo,
1153 1523 1309 1603 leprosum

188 1616 362 1683 raepostero
386 1625 440 1665 suo
466 1603 568 1663 lavore
596 1602 671 1662 adeo
691 1601 765 1660 nihil
786 1601 877 1662 landis
897 1601 985 1660 fnisse
1005 1600 1157 1675 meritum,
1187 1611 1221 1661 nt
1239 1599 1310 1660 iure

165 1623 346 1740 damnandus
365 1681 417 1755 sit,
435 1680 525 1758 qnod
544 1699 605 1738 non
627 1677 725 1759 paruit
744 1677 853 1738 Christi
872 1678 1020 1738 mandato.
1059 1676 1092 1736 si
1111 1676 1235 1757 gratiam
1256 1697 1309 1736 re-

93 1779 95 1783 ’
166 1755 246 1815 ferre
265 1756 396 1816 sanitatis
415 1775 484 1816 suae
504 1753 619 1814 auctori
637 1753 769 1826 volebat,
787 1773 848 1812 non
869 1753 954 1814 aliter
973 1752 1075 1813 melius
1096 1755 1194 1834 potuit
1214 1773 1308 1831 quam

165 1830 353 1906 obedientia,
373 1851 448 1911 quae
469 1830 606 1892 omnihus
624 1827 774 1892 sacrificiis
793 1831 872 1910 apud
891 1831 989 1890 Deum
1010 1827 1189 1910 praefertur,
1209 1841 1241 1890 et
1260 1828 1308 1888 le-

166 1907 262 1989 gitimi
284 1908 375 1968 cultus
395 1906 572 1987 principium
594 1918 624 1966 ct
644 1927 676 1966 ca
700 1907 860 1981 ntest(1.
881 1907 961 1967 Sam.
981 1915 1035 1980 15,
1058 1911 1135 1980 22).
1178 1905 1224 1966 Ita
1246 1906 1308 1966 hoc

166 1983 301 2062 exemplo
327 1985 485 2058 docemur,
516 2003 653 2062 perverse
676 1927 772 2042 licere
799 1983 966 2072 quicunque
992 1983 1211 2044 inconsiderato
1237 1982 1308 2042 selo

165 2059 334 2141 indulgent,
353 2061 432 2139 qnia,
453 2078 512 2139 quo
532 2059 624 2150 magis
643 2070 780 2140 satagunt
798 2081 829 2118 sn
850 2057 1139 2138 promerendoDeo,
1159 2058 1216 2119 hoc
1237 2071 1309 2118 tan-

5 2161 9 2184 t
72 2187 74 2192 .
163 2147 226 2196 turn
273 2136 427 2211 rohciunt,
455 2148 574 2198 uterus
600 2135 739 2197 mandato
765 2134 825 2197 sint
843 2134 979 2198 rebelles.
1022 2133 1146 2198 Ostende
1164 2149 1191 2196 te
1208 2137 1310 2212 ipsum

267 2217 316 2273 oti.
363 2213 442 2288 Quia
468 2213 600 2272 nondum
625 2212 786 2292 abrogatae
811 2224 897 2272 erant
916 2212 1102 2272 ceremoniae
1120 2211 1226 2304 Legis,
1257 2233 1309 2272 eas

166 2289 319 2350 contemni
351 2291 398 2350 vel
428 2289 624 2369 praetermitti
641 2287 746 2366 {noluit
771 2286 930 2349 Christus„
971 2290 1034 2348 lam
1054 2289 1141 2366 ,Deus
1164 2291 1309 2380 rudaege

164 2379 357 2448 praeceperat
376 2365 638 2446 (quemadmodum
658 2365 784 2426 habetur
801 2365 897 2426 Levit
917 2374 1042 2446 cap-14,
1061 2368 1115 2444 2.),
1135 2377 1179 2440 nt,
1197 2365 1223 2426 si
1261 2381 1308 2426 uas

165 2445 320 2504 mundatus
346 2455 423 2503 esset
445 2465 463 2504 a
487 2441 515 2502 le
538 2452 585 2518 ra,
613 2443 761 2504 sacerdoti
785 2461 817 2502 se
843 2441 970 2502 offerret
992 2463 1051 2502 una
1072 2463 1138 2502 cnm
1157 2387 1307 2504 sacr-idcio

166 2521 325 2602 gratiarum
345 2520 478 2582 actionis.
511 2465 608 2581 dotto
629 2519 695 2581 finis
716 2531 789 2594 erat,
809 2519 912 2579 utDei
932 2517 1137 2580 heneficiuma
1158 2519 1309 2610 probaret

165 2599 301 2658 sacerdus
321 2597 520 2672 suoiudicio:
553 2596 677 2671 deinde,
708 2596 757 2674 qni
777 2608 893 2656 sanatus
914 2604 993 2671 erat,
1027 2541 1213 2676 gratitudinis
1233 2617 1309 2657 suae

164 2675 365 2734 testimonium
397 2675 544 2734 redderet.
602 2675 685 2754 Ergo
717 2671 851 2733 Christus
882 2671 1033 2753 leprosum
1059 2673 1095 2732 ad
1119 2674 1307 2734 sacerdotem

165 2750 323 2843 ablegans,
351 2751 407 2812 sibi
432 2771 495 2810 non
521 2748 599 2810 aliud
624 2749 810 2828 propositum
835 2747 923 2809 fuisse
943 2758 1082 2822 testatur,
1114 2749 1170 2809 nisi
1190 2762 1224 2810 nt
1242 2750 1307 2810 Dei

165 2825 290 2909 gloriam
316 2827 483 2888 illustraret.
543 2823 684 2884 Ostensio
710 2826 789 2884 enirn
814 2825 851 2884 ad
876 2845 995 2886 examen
1021 2828 1164 2887 refertur:
1196 2849 1307 2886 munus

165 2905 326 2985 gratiarum
351 2901 476 2964 actionis
500 2900 665 2982 symbolum
692 2912 764 2961 erat
813 2901 956 2961 Iudicium
981 2901 1079 2984 itaque
1105 2902 1168 2963 vult
1195 2903 1263 2963 ficri
1287 2924 1306 2964 a

165 2979 385 3054 sacerdotibus,
414 2997 474 3058 quo
499 2976 653 3058 perspicua
678 2976 716 3038 sit
741 2989 771 3038 et
795 2977 916 3038 indubia
935 2978 995 3038 Dei
1015 2979 1122 3061 gratia:
1153 2978 1308 3061 leprosum

165 3076 237 3116 vero
263 3076 344 3116 snam
367 3053 551 3116 sanationem
571 3064 721 3144 acceptam
741 3053 855 3116 referre
874 3055 952 3114 Deo.
990 3055 1114 3116 Interim
1134 3059 1189 3135 (ut
1207 3076 1309 3136 nuper

165 3131 265 3213 attigi)
285 3132 356 3191 ritus
375 3131 406 3191 in
415 3130 497 3213 Lege
518 3141 715 3210 praescriptos
736 3151 827 3210 usque
847 3132 884 3191 ad
895 3143 1011 3210 tempus
1024 3131 1227 3214 abrogationis
1239 3154 1306 3193 ser-

164 3225 244 3268 vare·
254 3207 347 3268 iubet.
397 3207 488 3284 Quod
508 3208 577 3268 hinc
597 3207 792 3268 confessionis
810 3229 879 3269 suae
899 3207 997 3289 legem
1017 3209 1138 3271 eliciunt
1156 3209 1309 3290 Papistae,

165 3283 196 3344 in
223 3305 259 3346 eo
284 3294 353 3345 sunt
375 3284 486 3344 insulsi.
524 3285 651 3364 chram
672 3284 830 3367 allegorice
849 3282 954 3343 volunt
973 3303 1035 3346 esse
1055 3296 1223 3366 peccatum:
1256 3307 1306 3346 sa-

166 3359 281 3422 crificos
301 3373 413 3436 autem,
436 3381 509 3442 qnos
530 3361 611 3441 Papa
630 3361 797 3444 inaugurat,
815 3360 974 3440 spiritualis
992 3361 1092 3444 leprae
1113 3383 1176 3422 csse
1196 3364 1306 3445 cogni-

165 3448 258 3498 tores.
304 3438 347 3498 Ut
372 3438 472 3500 demus
492 3438 523 3497 in
539 3440 586 3510 ,Le
610 3460 626 3498 c
645 3437 846 3498 sacerdotibus
866 3438 941 3498 hanc
959 3451 1138 3518 potestatem
1158 3440 1229 3499 ideo
1251 3440 1304 3499 da-

166 3525 226 3576 tam
246 3534 326 3590 esse,
354 3525 388 3574 ut
405 3515 494 3576 sciret
513 3457 655 3596 populus,
679 3526 773 3575 totam
792 3535 873 3574 suam
891 3515 1065 3576 munditiem
1085 3515 1205 3596 eiusque
1224 3515 1306 3576 iudi-

165 3591 243 3654 cium
263 3592 394 3672 pendere
415 3613 432 3651 a
450 3592 633 3668 sacerdotio,
661 3589 751 3670 impie
770 3603 868 3650 tamen
888 3590 946 3652 hoe
967 3592 1003 3652 ad
1023 3613 1053 3654 se
1073 3593 1192 3673 rapiunt
1212 3593 1305 3653 sacri-

125 3701 129 3704 ·
165 3667 214 3729 lici
233 3668 361 3749 papales.
401 3669 555 3748 Quicquid
572 3669 649 3728 enim
669 3667 795 3740 honoris
814 3667 913 3728 datum
933 3679 998 3730 erat
1016 3669 1144 3749 antiquis
1164 3669 1306 3732 sacerdo-

165 3744 261 3822 tibus,
288 3767 368 3806 nunc
392 3751 468 3806 tinus
494 3743 627 3807 Christus
652 3743 709 3804 sihi
734 3742 874 3804 vindicat.
919 3743 973 3806 Ille
1001 3765 1074 3828 ergo
1095 3758 1125 3806 et
1143 3745 1307 3826 spiritualis

165 3821 195 3882 le
217 3843 266 3884 rae
292 3822 433 3906 cognitor
457 3831 502 3882 est
525 3821 619 3896 solus,
652 3831 683 3879 et
707 3819 812 3904 dignus
838 3819 885 3881 cui
905 3821 1089 3904 purgationis
1109 3843 1177 3883 suae
1197 3843 1305 3884 munus

166 3843 312 3974 ollerant,
345 3899 394 3990 qui
414 3895 546 3958 mundati
566 3909 642 3958 sunt:
680 3897 756 3957 Nam
776 3909 806 3957 et
825 3897 893 3958 idco
913 3897 967 3958 suh
988 3898 1071 3980 Lege
1090 3897 1234 3960 sacrificio
1256 3900 1306 3958 in-

164 3975 311 4056 terposito
335 3987 450 4058 signata
466 3973 531 4050 fuit
549 3972 721 4048 mundities,
753 3974 902 4052 quianon
923 3973 1009 4034 aliter
1050 3997 1116 4036 narn
1136 3975 1305 4055 expiatione

164 4052 314 4134 sanguinis
367 4063 509 4133 urgentur
533 4049 676 4110 homines.
735 4050 783 4112 Ins
799 4071 900 4141 ergo,
931 4052 1011 4130 qnod
1028 3995 1113 4112 l'itio
1139 4071 1193 4112 suo
1219 4051 1305 4112 Dens

165 4127 304 4202 assernit,
336 4073 394 4188 alio
420 4125 581 4188 transferre
605 4127 765 4188 uelandum
789 4127 972 4210 sacrilegium
999 4139 1052 4188 est.
1092 4128 1185 4203 Quod
1205 4139 1305 4189 autem

166 4223 200 4263 ex
237 4201 348 4264 Christi
380 4204 519 4264 mandato
556 4225 637 4262 suam
668 4203 873 4294 peccatoribus
903 4203 1077 4264 munditiem
1106 4204 1305 4295 pronuntiant

164 4279 319 4360 Evangelii
336 4279 471 4356 ministri,
490 4280 519 4340 id
540 4280 576 4340 ad
596 4278 731 4340 ficticram
744 4281 986 4355 iurisdictionem,
1007 4281 1305 4362 qnamrmaginantur

164 4355 314 4438 Papistae,
332 4355 454 4419 minime
473 4357 671 4438 torquendum
692 4369 746 4434 est,
764 4367 799 4418 ut
816 4357 896 4418 inter
915 4357 1028 4438 lepram
1049 4359 1225 4450 discempnt.
