2778 4838
363 216 550 295 (143-144.
590 215 823 301 'transfiguratio
844 219 979 301 Christi.)
1017 221 1024 233 ⁸
1062 249 1071 276 ι
1189 228 1247 291 117
1334 317 1338 332 ¹

81 367 149 427 imo
170 387 224 428 cur
243 366 352 429 diserte
370 381 461 444 vetat,
479 389 519 430 ne
538 380 606 431 ante
624 371 872 434 resurrectionem
890 393 971 432 suam
990 371 1144 452 proferant
1162 377 1244 454 quod

78 443 236 522 viderunt,
255 443 312 507 uisi
332 445 400 524 quia
419 445 540 507 visionis
558 446 670 506 fructus
690 459 787 508 morte
806 449 956 528 posterior
975 449 1057 510 erat?
1077 449 1151 510 Mihi
1170 471 1243 534 ergo

79 519 208 582 dubium
228 539 291 581 non
311 531 371 596 est,
396 522 467 603 quin
486 524 587 584 testari
606 523 735 585 voluerit
754 525 903 600 Christus,
928 546 959 586 se
984 528 1046 585 nou
1065 526 1186 587 invitum
1206 527 1244 588 ad

77 607 212 657 mortem
231 599 325 672 trahi,
349 600 402 659 scd
421 599 500 660 ultro
521 601 676 674 accedere,
704 612 737 660 ut
762 601 950 662 obedientiae
969 601 1141 663 sacrificium
1161 603 1242 664 Patri

78 672 220 735 offerret.
258 675 329 735 Non
347 676 432 736 venit
449 676 520 737 baec
539 677 671 758 cognitio
691 678 840 758 discipulis
859 679 889 738 in
908 690 1053 754 mentem,
1076 679 1172 740 donec
1192 699 1242 740 re-

77 749 208 810 surrexit
226 749 375 811 Christns:
394 772 491 833 neque
512 753 600 812 etiam
619 754 649 812 in
670 753 722 815 illo
742 755 883 834 temporis
903 754 1026 816 articulo
1046 774 1167 815 neeesse
1187 755 1243 815 tuti
1288 789 1290 792 ·

79 825 212 887 divinam
225 827 336 888 Christi
352 829 517 912 potentiam
527 830 696 911 concipere,
716 852 802 923 quam
821 831 853 890 in
873 851 960 892 eruce
977 832 1128 892 victricem
1147 853 1243 916 agno-

77 915 216 978 scerent,
240 904 292 964 sed
317 905 348 965 in
373 906 451 965 aliud
470 916 529 968 tem
552 929 585 967 us
604 917 663 966 tam
681 907 739 968 sibi
758 929 844 988 quam
864 907 952 969 nobis
972 908 1072 970 edocti
1090 920 1172 985 sunt,
1201 927 1242 969 ue
1304 925 1306 934 ’

77 1000 170 1059 quem
188 980 358 1042 offenderet
371 982 481 1044 Christi
500 927 663 1057 inhrmitas,
684 985 763 1066 quasi
782 985 957 1045 necessitate
978 997 1008 1045 et
1026 985 1055 1047 vi
1073 1005 1173 1067 passus
1190 985 1241 1044 io-

77 1067 137 1117 ret.
180 1055 302 1116 Clarum
323 1059 402 1119 enim
422 1071 481 1134 est,
501 1059 596 1120 nihilo
616 1060 706 1122 inisse
726 1059 871 1121 difficilius
892 1059 1012 1124 Christo
1032 1082 1138 1142 corpus
1157 1083 1243 1122 suum

77 1153 95 1192 a
120 1144 221 1193 morte
247 1134 390 1212 eximere,
422 1156 508 1215 quam
534 1157 641 1198 ornare
671 1136 792 1200 coelesti
817 1137 921 1220 gloria.
964 1137 1117 1198 Docemur
1140 1138 1241 1218 itaque

76 1208 173 1270 morti
193 1209 282 1270 luisse
303 1211 472 1288 obnoxium,
493 1213 560 1292 quia
579 1212 698 1274 voluiti‘
708 1214 876 1276 crucifixum
895 1214 993 1290 fuisse,
1012 1215 1079 1294 quia
1099 1233 1130 1275 se
1151 1212 1241 1274 obtu-

75 1285 121 1346 lit.
159 1285 236 1345 Nam
250 1285 352 1348 eadem
362 1288 412 1348 illa
425 1310 506 1364 caro,
526 1310 602 1368 quae
621 1291 652 1349 in
672 1311 760 1350 cruce
778 1289 926 1352 immolata
942 1291 974 1350 in
988 1289 1124 1370 sepulcro
1141 1289 1241 1366 iacuit,

75 1383 171 1442 quum
191 1361 248 1421 iarn
268 1364 349 1444 prius
369 1365 504 1426 eoelestis
523 1365 638 1448 gloriae
658 1367 769 1448 parties
791 1389 804 1427 s
824 1366 936 1442 sitisset,
953 1366 1088 1426 immunis
1105 1385 1167 1426 esse
1183 1386 1240 1445 po-

74 1439 136 1499 tuit
157 1459 174 1496 a
194 1451 290 1506 morte
311 1452 343 1501 et
359 1441 506 1522 sepulcro.
554 1443 636 1518 Quin
657 1444 743 1503 etiam
764 1388 920 1518 docemur,
944 1463 1031 1522 quam
1052 1442 1100 1502 diii
1119 1451 1264 1524 recepta¹

74 1513 156 1576 servi
176 1513 272 1576 forma
291 1530 422 1579 versatus
441 1519 535 1582 estin
555 1520 666 1581 mundo
687 1518 831 1594 Christus,
851 1531 881 1580 et
893 1518 947 1579 sub
961 1517 1055 1579 carnis
1071 1517 1240 1578 infirmitate

75 1590 167 1652 latuit
188 1591 249 1652 eius
269 1595 413 1672 maiestas,
433 1595 506 1655 nihil
526 1596 554 1656 ei
575 1595 662 1658 luisse
683 1597 855 1671 detractum,
876 1596 942 1675 quia
962 1607 1070 1676 sponte
1088 1615 1120 1654 se
1141 1594 1239 1654 exina-
1317 1625 1322 1638 ι

74 1668 172 1727 nisit:
195 1689 274 1729 nunc
299 1683 396 1732 autem
421 1673 598 1733 resurrectio
623 1671 721 1733 veluin
740 1671 812 1731 illud
831 1671 965 1747 sustulit,
990 1689 1049 1752 quo
1067 1671 1158 1731 virtus
1178 1669 1241 1730 eius

74 1755 158 1804 tecta
180 1745 216 1804 ad
235 1757 351 1828 tempus
370 1750 474 1810 iuerat
513 1749 610 1816 Porro
630 1761 691 1810 tres
709 1759 797 1809 testes
818 1747 950 1832 deligere
969 1748 1036 1807 satis
1056 1746 1159 1812 babuit
1172 1746 1240 1805 Do-

73 1821 192 1896 minus,
220 1822 287 1901 quia
311 1824 365 1900 hic¹
385 1828 584 1887 numerus-ad
609 1847 671 1886 rein
690 1824 873 1906 probandam
893 1845 909 1884 a
928 1825 1011 1906 Lege
1031 1821 1241 1904 praescribitur

74 1897 185 2034 §Dent
205 1905 257 1973 17,
282 1902 340 1979 6.).
389 1902 594 1983 Discrepantia
623 1901 765 1982 temporis
790 1921 845 1961 nos
865 1900 1029 1967 ¹ollendere
1054 1920 1116 1959 noo
1141 1897 1240 1960 debet.

10 1989 13 1996 '
101 1994 136 2034 ex
162 1972 224 2034 dies
249 1977 383 2060 integros
407 1987 564 2040 numerant
582 1979 745 2039 Matthaeus
764 1989 794 2038 et
813 1977 943 2054 Marcus,
969 1978 1020 2057 qui
1038 1976 1128 2038 medii
1146 1975 1241 2036 fluxe:

74 2061 161 2110 runt:
180 2050 275 2112 Lucas
295 2066 391 2114 autem
410 2054 519 2116 iactum
541 2076 603 2117 esse
623 2056 724 2116 dicens
742 2066 812 2114 octo
833 2054 1019 2135 tercipostea
1040 2051 1159 2126 dicbus,
1177 2061 1238 2110 tam

75 2127 158 2187 diem
178 2126 261 2188 illurn
281 2150 340 2218 quo
361 2127 391 2190 lo
414 2143 498 2192 nutus
519 2143 583 2192 erat
602 2131 746 2206 Christus,
766 2151 852 2211 quain
874 2150 933 2210 quo
952 2129 1175 2194 transformatus
1195 2137 1240 2186 est

73 2203 313 2295 comprehendit
356 2151 498 2268 Vihemus
524 2228 613 2290 ergo,
643 2219 678 2268 ut
706 2227 807 2267 sensus
836 2206 915 2266 idem
939 2205 971 2266 in
997 2204 1094 2270 verbis
1119 2201 1239 2266 dirersis

75 2293 194 2361 optime
215 2282 382 2342 conveniat

154 2357 260 2416 Matth.
279 2365 315 2422 2.,
352 2360 600 2442 Transfomutsio
624 2373 691 2425 est·
717 2359 810 2420 Lucas
840 2358 897 2418 hoc
927 2357 1035 2418 iactum
1064 2373 1126 2416 esse
1158 2353 1239 2430 dicit,

75 2455 165 2516 φιιιιιι
184 2448 299 2494 oriuut:
328 2455 362 2494 ex
387 2437 603 2496 circumstantia
628 2447 724 2496 antem
750 2434 810 2495 loci
830 2445 861 2494 et
877 2445 937 2494 tem
963 2432 1021 2492 oris
1040 2431 1110 2491 colli
1132 2451 1181 2491 erc
1201 2430 1273 2489 li-t

76 2524 136 2583 cet,
156 2510 215 2570 hoe
236 2523 386 2591 precatum
406 2533 468 2573 esse
489 2514 569 2592 quod
590 2511 729 2586 obtinuit,
747 2511 830 2570 utin
849 2531 862 2569 s
884 2451 1236 2596 leniorenovaeiormae

74 2585 193 2649 visibile
204 2587 331 2648 Deitatis
345 2609 415 2650 suae
434 2588 586 2670 speculum
607 2600 696 2649 esset:
717 2608 779 2647 non
820 2532 882 2646 uui
899 2585 945 2645 vel
965 2583 1100 2674 precario
1120 2581 1238 2642 aliunde

74 2675 182 2747 petere
203 2662 277 2744 opus
298 2678 374 2726 esset
414 2667 475 2727 nod
495 2685 556 2726 non
575 2662 779 2739 habebativel
799 2609 887 2724 inhia
899 2660 1077 2748 essctPntms
1092 2658 1227 2750 voluutas

75 2742 129 2804 sed
150 2739 218 2832 quia
237 2752 303 2801 toto
323 2687 493 2804 humilitatis
503 2761 572 2802 suae
583 2763 669 2803 cursu
680 2759 797 2822 semper
809 2739 845 2799 ad
857 2739 975 2803 Patrem
987 2735 1089 2798 retulit
1098 2699 1239 2868 quicipird

76 2817 219 2878 divinitus
243 2817 366 2899 agebat,
396 2831 426 2880 et
450 2839 506 2880 nos
530 2838 584 2897 suo
610 2819 744 2899 exemplo
772 2817 808 2879 ad
856 2835 937 2904 retes
962 2812 1113 2904 stimulare
1133 2819 1238 2871 vonit.

78 2895 324 2975 Trunsfomatio
344 2909 440 2957 autern
460 2897 532 2957 haec
552 2915 613 2956 non
634 2915 753 2976 prorsus
774 2837 904 2953 exhibuit
916 2889 1065 2951 Christum
1083 2887 1238 2976 visendum
1306 2899 1309 2913 '

76 2971 150 3033 disci
174 2970 245 3047 ulis,
272 2973 364 3050 qualis
389 2993 468 3034 nuuc
496 2983 541 3032 est
559 2973 590 3032 in
608 2971 715 3047 toelo,
739 2971 790 3032 sed
810 2979 926 3051 gustum
945 2967 1103 3028 immensae
1123 2963 1237 3054 gloriae

74 2991 227 3131 praebuit,
247 3048 363 3127 qualem
382 3050 437 3131 ipsi
458 3069 565 3140 capere
585 3058 732 3129 poterant.
771 3045 965 3126 Resplenduit
979 3055 1049 3104 tunc
1063 3042 1125 3102 eius
1136 3041 1239 3133 facies,
1285 3113 1289 3122 ¹

76 3125 155 3187 sicut
173 3123 241 3184 solz.
254 3145 332 3186 nunc
351 3147 422 3188 vero
442 3126 512 3188 solis
531 3124 679 3208 fulgorem
701 3125 792 3206 longe
811 3133 938 3213 superat
975 3119 1115 3211 insolitus
1134 3139 1166 3176 ιιι
1184 3135 1237 3177 re·
1268 3142 1272 3159 ·

75 3203 149 3262 stitu
159 3200 272 3262 candor
284 3201 402 3264 enituit:
423 3224 502 3263 nunc
522 3215 602 3262 extra
620 3201 756 3261 vestitum
777 3200 875 3260 divina
895 3220 925 3257 m
946 3208 1010 3258 toto
1030 3217 1091 3256 eius
1109 3210 1236 3276 corpore

75 3277 214 3338 maiestas
237 3277 375 3361 refulget.
420 3280 470 3340 Sic
496 3279 569 3339 olim
593 3279 675 3338 Deus
700 3276 806 3338 sanetis
830 3275 967 3334 Patribus
992 3273 1142 3363 apparuit,
1173 3286 1237 3329 non

77 3352 172 3436 qualis
192 3354 224 3413 in
243 3374 274 3415 se
295 3367 372 3430 erat,
391 3357 442 3416 sed
462 3367 605 3435 quatenus
624 3353 757 3414 immensi
777 3352 837 3411 eius
857 3351 1022 3431 splendoris
1039 3349 1138 3408 radios
1157 3345 1238 3407 lex-re

77 3440 232 3512 poterant:
251 3451 319 3490 nam
337 3432 436 3493 fideles
453 3452 515 3491 non
534 3442 601 3492 ante
620 3432 713 3510 ipsum
731 3429 817 3492 sicuti
837 3440 880 3488 est
897 3428 1010 3488 visuros
1024 3426 1153 3486 Ioannes
1164 3440 1237 3500 pro-

77 3507 213 3583 nuntiat,
238 3528 325 3598 quam
344 3507 413 3569 faeti
433 3507 491 3568 siut
511 3509 538 3566 ei
557 3507 664 3568 similes
691 3507 735 3586 (I.
755 3507 838 3565 loan.
857 3511 892 3580 3,
915 3509 972 3576 2).
1016 3503 1080 3562 lain
1105 3519 1168 3559 non
1193 3504 1238 3585 est

77 3586 160 3665 quod
179 3583 326 3644 subtiliter
346 3584 647 3666 quisquamtdisputet
665 3584 701 3644 de
721 3581 859 3642 albedine
877 3579 1014 3652 vestium,
1037 3576 1092 3668 vel·
1106 3576 1141 3636 de
1162 3571 1238 3662 lecte

76 3661 251 3736 slendida,
277 3663 396 3740 quando
423 3681 484 3720 non
509 3661 565 3720 luit
588 3661 660 3722 haee
685 3658 779 3720 solida
806 3657 946 3724 exhibitio
972 3654 1106 3718 eoelestis
1126 3648 1238 3711 christi

78 3683 205 3819 gloriae,
223 3738 275 3798 sed
294 3760 307 3798 s
329 3736 447 3814 mholis,
490 3757 543 3796 uae
563 3737 657 3797 carnis
676 3734 798 3796 modulo
818 3742 1028 3815 congruerent,
1048 3736 1240 3808 expartegu-

77 3816 213 3876 eundum
254 3759 379 3889 recinit,
419 3759 487 3874 uoci
498 3815 528 3873 in
548 3823 643 3873 totum
684 3811 776 3898 ercipi
796 3811 927 3872 nondum
948 3817 1074 3890 poterat
1197 3877 1234 3894 .-

154 3897 184 3958 3.
259 3895 296 3951 isi
313 3895 408 3951 sunt·
435 3895 456 3950 's
475 3889 577 3950 Moses
595 3905 621 3950 et
679 3893 733 3952 i'us.
772 3886 949 3963 Quaeritur,
972 3900 1081 3942 verene
1099 3878 1241 3977 alluprmt

78 3969 179 4028 Moses
200 3979 231 4028 et
249 3968 346 4044 Elias,
372 3989 409 4028 an
428 3975 576 4047 spectrum
597 3967 736 4026 duntaxat
754 3964 884 4025 oblatum
904 3959 994 4049 luerit
1011 3955 1173 4050 discipulus
1199 3976 1240 4016 si-

79 4045 140 4105 cuti
159 4065 249 4126 saepe
269 4044 428 4138 Prophetis
449 4042 584 4104 obiectae
597 4055 665 4103 sunt
679 4063 777 4102 rernm
793 4038 955 4100 absentium
965 4054 1101 4095 visiones.
1133 4032 1239 4126 Quen:

80 4143 169 4212 quam
195 4142 242 4182 res
267 4134 312 4182 est
330 4145 361 4182 in
381 4130 668 4212 utramquepartem
689 4115 888 4197 disputabilis,
913 4125 946 4172 ut
969 4112 1144 4192 loquuntur,
1166 4110 1240 4170 mihi

78 4211 180 4259 tamen
200 4198 294 4282 magis
313 4199 468 4280 probatur,
487 4217 568 4278 ipsos
587 4217 656 4257 iere
676 4197 707 4255 in
728 4215 794 4256 eum
814 4191 912 4252 locum
932 4189 1074 4280 adductos
1087 4209 1164 4250 esse:
1185 4205 1241 4278 ne-

52 4282 58 4317 ⁴
80 4295 140 4357 que
162 4276 242 4338 enim
262 4275 419 4352 absurdum
440 4285 500 4348 est,
527 4293 616 4355 quirin
635 4274 717 4334 Deus
741 4290 869 4352 corpora
896 4277 927 4327 et
951 4287 1060 4357 animas
1083 4265 1243 4354 habeatuin

80 4363 133 4416 sua
153 4373 254 4432 manu,
272 4365 405 4418 mortum
425 4353 463 4417 ed
481 4364 597 4434 tempus
617 4351 648 4412 in
661 4350 750 4412 vium
764 4347 826 4410 eius
840 4343 964 4408 arbitrio
979 4343 1105 4419 restitui,
1122 4344 1243 4406 diruite

768 4621 782 4655 t
