2766 4834
415 251 534 328 (6-7-
558 246 693 332 Angelus
711 246 855 332 Mariae.)
1138 193 1141 200 ⁴
1164 258 1205 324 23

47 421 100 460 noa
122 400 192 462 sine
221 399 296 464 Dei
331 401 467 463 ludibrio
502 401 667 482 sprevisset.
718 401 893 480 Quamlibet
916 402 1041 467 barbara
1070 407 1200 488 tyrannis

46 489 165 561 grassata
192 479 240 538 sit
275 480 310 540 in
333 479 388 540 hac
418 490 504 561 parte
529 479 582 538 suh
608 479 738 560 Papatu,
768 499 918 560 nunquam
943 491 1043 542 tamen
1069 503 1200 563 eousque

46 555 182 644 progredi
206 556 374 630 ausisunt,
395 568 429 616 ut
449 557 656 647 permitterent
676 555 759 616 uxori
779 556 994 618 continentiam
1014 579 1125 620 vorem
1144 581 1200 634 suq

45 631 172 692 arbitrio.
217 632 354 692 Deinde
396 633 491 692 uerrle
511 644 710 694 commentum
737 645 794 708 est,
824 635 1059 712 Monachismum
1085 637 1199 727 lingere

46 707 113 766 iuter
132 709 294 769 ludaeos.
336 654 521 770 solvendum
543 719 702 770 esttamen
724 707 873 770 obiectum
894 711 966 770 illud
1003 713 1084 792 quod
1100 713 1197 794 Virgo

46 785 69 842 io
88 785 231 846 loturum
255 798 377 867 tempus
398 786 553 877 respiciat,
579 786 707 864 ideoque
727 785 889 872 significet,
923 755 1032 848 nullam
1053 787 1110 848 sihi
1130 788 1198 850 sore

47 861 314 924 cohabitationem
335 884 402 923 cum
423 882 500 923 siro.
539 863 621 922 Haec
640 882 712 922 vero
735 863 905 924 coniectura
927 875 958 925 et
988 863 1131 925 robabilis
1152 875 1197 926 est

49 951 72 996 ct
87 939 232 1020 simplex,
258 939 343 1018 quod
364 939 409 1000 rei
429 938 603 1022 magnitudo
623 936 670 999 vel
713 941 789 999 otius
803 941 938 1002 maiestas
950 887 1105 1025 llirginem
1125 964 1196 1022 per-

49 1017 154 1090 culerit,
177 1029 217 1076 ut
239 1037 349 1075 seusus
371 961 801 1099 omncsadmirationeiigatos
814 1017 938 1079 haberet
956 1039 990 1088 ac
1011 1020 1197 1080 constrictos.
1256 1049 1263 1063 ι

50 1093 139 1166 Quum
161 1093 271 1166 audit,
292 1092 475 1152 nasciturum
496 1092 627 1154 csseDei
639 1092 757 1168 Filium,
777 1093 888 1174 aliquid
900 1115 963 1154 non
980 1094 1100 1180 vulgare
1121 1116 1196 1155 con-

49 1169 128 1248 cipit,
147 1182 256 1250 atque
276 1168 352 1229 hacc
373 1169 452 1230 ratio
474 1179 518 1228 est
535 1190 588 1229 cur
607 1169 718 1229 coitum
737 1169 853 1230 virilem
873 1171 1014 1246 excludat
1050 1172 1129 1234 Hinc
1150 1183 1194 1231 at-

51 1247 133 1306 tonita
156 1247 335 1322 exclamat,
376 1245 541 1321 Quomodo
569 1245 627 1304 crit
652 1245 747 1306 istud?
786 1247 861 1315 ideo
887 1260 946 1308 tam
971 1248 1133 1310 clementer
1153 1247 1196 1307 illi
1286 1282 1290 1295 ι

49 1321 121 1382 Deus
141 1322 300 1406 ignoscit,
322 1333 353 1382 et
363 1343 420 1403 per
429 1321 577 1404 Angelum
593 1321 724 1457 henipnc
741 1333 773 1380 et
792 1323 917 1383 comiter
936 1325 1107 1404 respondet,
1128 1324 1197 1405 quia

51 1411 226 1460 reverenter
255 1411 287 1460 et
310 1399 430 1474 sobrie,
462 1419 523 1458 nou
552 1399 616 1458 sine
642 1397 836 1458 amiratione
863 1399 955 1460 divini
981 1401 1079 1480 operis
1106 1421 1196 1480 quae·
1244 1457 1246 1466 .

51 1477 145 1550 siccat,
181 1475 348 1556 quomodo
370 1476 501 1535 loturum
522 1485 612 1550 esset,
643 1474 723 1610 quod
748 1473 805 1534 sihi
831 1487 1016 1555 persuaserat
1033 1475 1147 1560 vulgari
1167 1487 1199 1536 et

53 1565 189 1614 consueta
219 1565 350 1611 naturae
377 1551 495 1612 ratione
520 1571 582 1612 esse
602 1549 655 1611 sub
670 1551 763 1610 imius.
802 1552 943 1632 Denique
957 1552 1042 1612 'haec
1062 1553 1196 1634 quaestio

51 1629 112 1689 hlei
132 1631 266 1690 adversa
288 1629 359 1688 ideo
381 1627 535 1703 nonfuit,
567 1626 637 1707 quia
662 1649 697 1690 ex
715 1627 911 1691 admiratione
935 1627 1142 1710 potiusquam
1161 1649 1197 1689 eu

53 1707 220 1768 diffidentia
242 1704 411 1766 oriebatur.
1192 1691 1200 1726 ‘

120 1792 163 1851 35
216 1783 353 1858 Spiritus
376 1795 495 1840 motus
516 1784 694 1856 superveniet
715 1785 749 1840 iss
770 1795 806 1846 te.
849 1781 973 1844 Modum
1005 1802 1068 1841 nou
1093 1780 1197 1842 delinit
1303 1849 1306 1858 ,

52 1861 195 1942 Angelos,
217 1859 271 1949 qui
292 1856 458 1918 curiositati
477 1857 613 1931 sufficiat,
632 1858 718 1918 sicuti
738 1877 813 1938 opus
832 1879 896 1919 non
915 1859 982 1919 luit.
1020 1858 1082 1920 Sed
1093 1857 1195 1941 Virgi-

53 1959 115 1996 nem
133 1935 323 2028 simpliciter
342 1933 379 1994 ad
395 1932 638 1994 considerandam
651 1934 778 2014 Spiritus
793 1935 887 1994 sancti
906 1936 1045 1998 virtutem
1064 1945 1196 2011 revocat,

54 2025 83 2072 ut
100 2037 167 2074 eum
189 2011 318 2072 silentio
347 2022 379 2069 et
402 2009 502 2089 quiete
528 2031 560 2069 se
584 2009 626 2070 illi
646 2022 738 2070 totam
757 2012 898 2094 resignet.
937 2011 1069 2072 Verbum
1093 2033 1197 2088 supcr-

54 2097 144 2150 sesu're
162 2087 330 2172 signifieat,
352 2085 614 2146 extraordinarium
634 2086 700 2147 sore
717 2088 874 2168 hocopus,
893 2087 946 2148 ubi
965 2099 1087 2150 naturae
1098 2088 1194 2150 media
1270 2149 1275 2166 ,

56 2167 207 2227 deficiunt.
251 2163 425 2223 Proximum
456 2163 543 2222 etiam
566 2163 730 2223 membrum
758 2165 910 2248 exegetica
936 2164 1068 2240 additur,
1102 2163 1196 2239 Quod

55 2245 140 2304 virtus
160 2240 313 2304 Altissimi
332 2261 398 2300 cam
424 2237 623 2300 obumbrabit.
663 2238 684 2298 S
708 2240 790 2300 iritus
818 2241 897 2300 enim
923 2241 1006 2321 quasi
1032 2241 1194 2300 essentialis

56 2335 97 2380 est
112 2321 176 2382 Dei
196 2319 304 2392 virtus,
324 2317 406 2376 cuius
427 2315 558 2376 efficacia
577 2336 609 2375 se
628 2263 746 2396 prolert
764 2327 853 2396 atque
875 2317 982 2378 exserit
999 2325 1058 2376 tam
1079 2317 1110 2376 in
1130 2329 1194 2377 tota

55 2398 152 2458 mai
180 2393 408 2479 gubernatione
439 2413 525 2472 quam
557 2392 588 2451 in
612 2391 769 2452 miraculis.
819 2393 856 2452 ln
887 2393 982 2455 verbo
1006 2391 1196 2453 obumbrandi

56 2475 201 2536 concinm
224 2483 273 2532 est
290 2469 479 2550 metaphora:
505 2472 635 2528 uinum
654 2469 730 2542 Dei,
756 2489 813 2550 qua
831 2489 901 2528 suos
920 2480 1022 2536 tuetur
1041 2479 1071 2528 et
1090 2482 1194 2548 prote-

75 2553 107 2624 it,
124 2551 288 2630 Scriptura
308 2547 483 2626 frequenter
500 2545 622 2606 umbrae
643 2557 803 2623 comparat.
837 2542 898 2604 Sed
917 2543 974 2602 alia
993 2542 1110 2608 videtur
1131 2565 1194 2604 esse

56 2573 136 2690 buius
155 2627 221 2688 loci
243 2623 402 2704 peculiaris
421 2622 508 2697 ratio,
526 2641 636 2700 nempe
655 2640 791 2680 arcanam
811 2619 877 2680 fore
894 2618 1022 2699 Spiritus
1042 2620 1194 2698 operatio-

57 2727 131 2780 nem,
150 2705 214 2766 acsi
235 2701 332 2760 nubes
353 2719 372 2760 o
396 2699 491 2780 posita
510 2697 664 2758 hominum
684 2695 787 2757 oeulos
807 2694 844 2755 ab
865 2695 1194 2755 intuitusummoveret.

59 2783 148 2844 Sicuti
167 2793 273 2840 autem
293 2776 325 2836 in
346 2721 467 2836 edendis
486 2773 634 2836 miraculis
653 2773 736 2834 Deus
762 2791 886 2853 operum
905 2791 1026 2832 suorum
1046 2769 1193 2830 rationem

58 2859 138 2920 nobis
158 2853 327 2928 subtrahit,
357 2853 398 2912 ita
419 2863 550 2912 nostrum
573 2861 631 2927 est,
660 2847 761 2911 sobrie
780 2851 905 2910 adorare
946 2847 1006 2908 uod
1026 2846 1114 2907 nohis'
1132 2846 1224 2910 vult,

60 2957 113 2997 esse
134 2931 302 2995 occultum.
331 2929 496 3006 Propterea
513 2927 594 3009 quod
608 2943 742 2990 cosmus·
758 2940 899 2988 sommum.
961 2924 1129 2985 onfirmatio
1150 2935 1196 2984 est

59 3013 206 3092 proximae
236 3005 414 3069 sententiae.
452 3004 554 3066 Docet
584 3005 663 3066 enim
688 3004 836 3088 Angelus,
869 3001 1018 3064 Christum
1051 3012 1194 3081 oportere

59 3091 164 3169 absque
183 3085 244 3146 riri
265 3097 297 3144 et
314 3081 446 3142 mulieris
465 3081 546 3142 coitu
565 3083 660 3157 nasci,
690 3092 724 3140 ut
741 3092 857 3140 sanctus
877 3080 929 3154 sit,
956 3090 987 3138 et
1005 3077 1065 3138 Dei
1085 3077 1190 3138 Filius:

60 3166 110 3228 hoc
131 3177 188 3240 est,
206 3175 243 3223 ut
260 3160 418 3222 sanctitate
440 3169 470 3218 et
488 3156 583 3240 gloria
602 3179 689 3238 supra
702 3177 804 3218 omnes
818 3168 965 3217 creaturas
986 3155 1118 3228 excellat,
1138 3176 1192 3214 ne-

61 3265 112 3322 que
132 3229 246 3302 uocas
256 3256 445 3300 communem
465 3234 689 3295 interhomines
709 3235 841 3316 gradum.
880 3231 1061 3317 Haeretici,
1084 3231 1114 3290 ui
1135 3231 1191 3290 fin-

60 3319 158 3402 gooti
180 3339 263 3392 sum,
293 3335 329 3374 ex
355 3332 415 3394 quo
440 3311 556 3403 qeuitrrs
577 3322 622 3370 est
646 3311 754 3385 homo,
785 3310 893 3370 lactum
914 3327 976 3368 esse
994 3307 1055 3368 Dei
1064 3253 1193 3382 tl'ilium,

61 3341 228 3475 particulam
241 3389 391 3454 causalem
405 3387 558 3468 arripiunt,
578 3388 647 3448 ideo
659 3386 823 3446 vocandum
842 3405 906 3446 esse
918 3384 977 3445 Dei
986 3384 1104 3459 Filium,
1125 3383 1193 3465 quia

62 3471 233 3532 mirabiliter
246 3467 377 3550 Spiritus
392 3465 484 3526 sancti
504 3465 611 3524 virtute
632 3474 794 3544 conceptus
815 3462 884 3523 erit:
903 3461 956 3522 sed
998 3481 1131 3542 erperam
1144 3481 1192 3520 ra-

62 3549 248 3608 tiocinantur.
291 3541 434 3620 Quamvis
460 3541 538 3600 enim
564 3539 766 3600 manifestatus
791 3540 830 3599 sit
847 3537 939 3599 Filius
990 3537 1018 3598 ei
1043 3537 1194 3610 incarne,

62 3647 119 3685 non
138 3623 289 3704 seqnitur,
323 3618 396 3700 quin
423 3617 513 3678 luerit
531 3617 638 3678 Sermo
664 3627 732 3676 ante
757 3615 873 3676 saecula
901 3635 935 3676 ex
954 3615 1043 3676 Patre
1089 3613 1193 3674 cuitus.

63 3703 141 3776 Quin
161 3701 262 3781 potins
283 3697 335 3758 ille
356 3696 450 3770 idem,
469 3693 630 3774 qui-Filius
650 3691 710 3753 Dei
731 3702 794 3752 erat
813 3691 843 3750 in
864 3713 914 3752 sua
934 3703 1054 3752 aeterna
1106 3687 1195 3748 ivini-

63 3791 128 3854 tate,
146 3777 286 3858 apparuit
305 3773 395 3834 etiam
416 3773 447 3832 in
468 3772 592 3830 hmnaua
612 3790 700 3831 carne
720 3769 779 3829 Dei
798 3767 899 3828 Filius.
932 3767 1090 3830 Caeterum
1111 3763 1194 3824 locus

66 3857 107 3916 hic
125 3875 187 3914 non
206 3852 301 3913 modo
324 3870 470 3930 personae
490 3847 634 3908 unitatem
654 3847 684 3905 in
698 3841 819 3908 Christo
832 3845 1029 3919 commendat,
1047 3837 1203 3930 sedsimul

66 3931 190 3992 ostendit
210 3928 383 4000 Christum,
436 3935 557 3986 uatenus
583 3923 737 3984 humanam
757 3934 890 3984 naturam
911 3920 1021 3994 induit,
1052 3938 1114 3978 esse
1133 3915 1195 3976 Der
1295 3935 1301 3946 ·

68 4009 174 4068 lilium.
213 4009 299 4098 Ergo
319 4001 392 4064 Filii
411 3947 470 4062 liei
490 4021 602 4062 nomen
620 3999 705 4061 sicuti
726 3999 847 4060 divinae.
864 3996 974 4058 Christi
994 3994 1136 4056 essentiae
1156 3989 1194 4053 ab

68 4085 145 4144 initio
165 4104 322 4165 proprium
343 4079 469 4154 fuisso
489 4099 569 4138 nuuc
589 4075 770 4138 coniunctim
788 4076 818 4134 in
835 4087 989 4154 utramque
1007 4069 1092 4132 simul
1112 4091 1196 4131 com-

68 4162 136 4240 petit
152 4175 304 4235 naturam,
338 4156 408 4236 quia
433 4175 537 4216 arcana
564 4165 595 4214 et
614 4153 751 4215 coelestis
771 4151 972 4236 generationis
996 4149 1071 4210 ratio
1092 4169 1159 4209 eum
1176 4168 1196 4206 a

68 4238 171 4322 uolgari
192 4237 350 4298 hominurn
371 4232 475 4293 ordine
497 4230 612 4292 exemit
649 4229 732 4291 alibi
751 4229 870 4310 quidem
886 4227 1012 4308 saepius,
1031 4236 1066 4285 ut
1082 4243 1196 4286 severe

67 4313 213 4376 hominem
233 4333 296 4376 csse
317 4309 462 4387 affirmet,
489 4307 596 4369 Filium
615 4327 651 4368 se
667 4306 795 4368 hominis
814 4315 915 4366 vocat:
945 4303 1078 4364 sednon
1098 4298 1199 4363 obstat

67 4391 206 4456 hmanas
230 4404 356 4456 naharae
377 4386 499 4466 veritas,
524 4386 597 4490 qpin
616 4383 796 4466 peculiarem
814 4380 858 4446 illi
878 4381 1025 4444 honorem
1044 4399 1115 4462 prae
1134 4374 1199 4440 aliis
