2814 4846
1034 121 1047 178 l

88 223 91 235 ’
169 243 208 306 m
429 210 433 228 '
522 231 638 307 sacr.
657 234 726 324 xri.
764 213 976 296 saumones.

120 407 123 412 '
168 383 263 462 ludt‘
287 393 338 460 31.
359 391 449 459 Sicut
468 409 601 478 granum
616 391 758 488 sinapis,-
782 391 872 478 qnod
899 411 996 488 quum
1023 391 1215 456 seminatum
1234 389 1337 458 fuerit

168 500 325 578 interra,
353 498 457 563 minus
484 507 533 561 est
560 493 709 587 omnibus
735 493 926 576 seminibus,
956 515 1039 582 quac
1066 503 1140 560 sunt
1167 496 1334 560 interra:

166 602 219 668 32.
240 601 281 666 Et
303 621 400 688 quum
421 601 609 665 seminatum
631 584 743 678 fuerit,
763 601 912 684 exsurgit,
940 608 972 664 et
992 599 1154 676 fitmaius
1180 595 1336 664 omnibus

162 702 328 781 oleribus,
360 713 393 768 et
420 703 497 767 facit
523 723 629 769 ramos
657 723 803 788 magnos,
835 703 880 766 ita
912 711 948 765 nt
977 701 1103 786 possint
1129 698 1190 765 sub
1217 699 1334 767 umbra
1398 727 1399 730 ¹

167 810 237 873 eius
264 826 341 896 aves
367 802 453 869 coeli
479 805 659 872 nidificare.
713 805 763 870 33.
794 801 836 870 Et
868 801 986 870 talibus
1019 802 1128 869 multis
1162 803 1333 889 parabolis

127 981 133 988 ‚
165 907 362 995 loquebatur
387 909 427 973 iis
454 928 650 989 sermonem,
680 918 777 995 prout
810 919 962 996 poterant
994 907 1129 976 audire:¹
1171 908 1223 972 34.
1253 905 1332 972 Sine

165 1009 325 1098 parabola
349 1031 430 1076 vero
458 1033 527 1080 nou
547 1008 744 1098 loquebatur
765 1013 826 1090 eis,
855 1033 998 1076 seorsum
1025 1023 1132 1077 autern
1160 1009 1330 1110 discipulis

165 1111 349 1203 exponebat
369 1115 487 1181 onmia.

247 1244 349 1316 LUC.
375 1249 464 1314 Xlll,
506 1248 556 1314 18.
579 1244 721 1313 Dicebat
748 1268 840 1333 ergo,
876 1245 942 1314 Cui
975 1245 1079 1320 simile
1114 1256 1161 1312 est
1192 1268 1330 1333 regnum

154 1333 249 1424 ,Deir
278 1363 311 1419 et
336 1354 389 1418 cni
414 1349 597 1420 assimilabo
626 1349 730 1417 illudi
783 1353 832 1416 19.
858 1351 969 1416 Simile
997 1361 1046 1416 est
1073 1372 1173 1436 grano
1199 1355 1334 1438 sinapis,

163 1454 254 1544 quod
267 1465 440 1542 ¹acceptum
462 1457 560 1522 bomo
581 1458 659 1521 iecit
678 1456 713 1520 in
736 1453 862 1520 bortum
884 1476 989 1535 suum,
1011 1466 1044 1520 et
1065 1457 1180 1532 erevit,
1200 1465 1233 1519 et
1255 1475 1331 1520 eva·
1396 1541 1399 1552 ἢ

162 1561 264 1626 sitin
290 1557 438 1625 arborem
463 1580 621 1644 magnam,
648 1567 681 1622 et
705 1556 857 1622 volucres
883 1555 969 1624 coeli
994 1557 1161 1624 nidulatae
1189 1569 1267 1624 sunt
1295 1561 1329 1624 in

161 1665 258 1728 ramis
287 1659 430 1730 eicc‘-
462 1663 514 1728 20.
545 1663 586 1727 Et
608 1664 724 1738 iterum
753 1661 844 1739 dixit,
879 1657 945 1726 Cui
979 1657 1163 1746 assimilabo
1192 1684 1326 1748 regnum

160 1765 247 1832 Dei?
293 1765 345 1830 21.
374 1762 486 1840 Simile
514 1776 563 1829 est
590 1765 765 1843 fermento,
798 1763 888 1850 quod
917 1775 1083 1851 acceptum
1109 1764 1228 1831 mulier
1256 1763 1327 1831 abs-

161 1868 274 1936 condit
302 1870 336 1934 in
369 1865 473 1934 tribus
504 1837 627 1934 farinad
657 1869 748 1944 satis,
786 1865 894 1932 donec
934 1855 1182 1939 fermentaretur
1213 1879 1325 1936 totum.

159 1973 211 2038 22
243 1973 285 2037 Et
311 1969 380 2036 ibat
406 1993 467 2056 per
493 1975 637 2038 civitates
664 1981 697 2037 et
725 1968 869 2051 castella,
904 1971 1025 2038 docens
1053 1983 1086 2037 et
1112 1971 1325 2040 iterfaciens

159 2071 432 2158 Hierosolymam.

233 2289 289 2350 llis
307 2287 456 2371 parabolis
467 2287 625 2370 discipulos
637 2307 706 2352 suos
717 2289 827 2350 animat
838 2289 983 2370 Christus,
1001 2311 1041 2351 ne
1053 2289 1212 2352 humilibus
1223 2292 1322 2353 Evan-

158 2365 230 2504 gelii
252 2365 378 2428 exordiis
400 2365 508 2426 oflensi
527 2365 667 2426 resilIant.
705 2367 857 2441 Videmus,
876 2389 961 2446 qnam
981 2367 1108 2460 superbe
1127 2369 1322 2450 Evangelium

179 2443 335 2524 espiciant,
359 2443 419 2502 imo
439 2442 620 2502 subsannent
638 2443 756 2523 profani
775 2444 924 2519 homines,
950 2467 1018 2525 qma
1043 2466 1098 2525 per
1123 2445 1266 2506 obscuros
1292 2457 1323 2504 et

117 2577 122 2587 ,
155 2519 305 2601 ignobiles
324 2520 473 2586 ministros
493 2518 632 2596 affertur,
662 2521 812 2600 quianon
831 2522 927 2582 statim
948 2523 1092 2603 excipitur
1109 2523 1200 2582 totius
1219 2522 1321 2582 mundi

157 2597 314 2677 applausu,
333 2597 385 2659 sed
405 2616 514 2679 paucos
534 2596 623 2658 habet
643 2597 817 2677 discipulos,
837 2597 1005 2677 etquidem
1025 2599 1233 2679 utplurimum
1253 2599 1321 2658 nul-

155 2672 211 2734 lius
235 2673 324 2754 pretii
347 2673 561 2735 homunciones
586 2695 620 2732 cx
645 2673 745 2756 vulgo.
783 2675 828 2734 lta
854 2673 887 2734 fit
911 2687 943 2734 ut
968 2678 1018 2736 des
1041 2687 1126 2734 erent
1148 2675 1258 2735 infirmi
1284 2676 1320 2736 de

154 2767 304 2827 successu,
334 2772 420 2830 quem
448 2769 482 2809 ex
507 2749 658 2841 principib
683 2749 854 2810 aestimant.¹
887 2753 980 2830 Atqui
1036 2753 1150 2812 ominus
1182 2751 1320 2822 consulto

155 2840 281 2907 regnum
300 2849 384 2889 suum
404 2848 420 2886 a
438 2828 576 2888 tenuibus
596 2837 627 2885 et
646 2827 822 2906 contemptis
842 2827 994 2912 principiis
1014 2829 1196 2909 auspicatur,
1219 2841 1253 2888 ut
1272 2829 1319 2887 iu-

154 2897 266 2962 serati
288 2923 460 2984 progressus
486 2901 547 2962 eius
572 2902 736 2981 potentiam
759 2901 862 2964 melius
887 2904 1042 2966 illustrent.
1081 2905 1217 2988 Regnum
1243 2926 1318 2986 ergo
1348 2956 1349 2964 ,

186 2977 213 3036 ei
232 2998 326 3060 grano
346 2978 454 3058 sinapis
474 2977 644 3055 confertur,
668 2978 749 3057 quod
774 2979 925 3040 minimum
949 2982 1028 3042 inter
1052 2983 1181 3058 semina,
1213 2983 1320 3042 crescit

154 3065 252 3113 tamen
263 3053 295 3112 in
306 3065 416 3116 tantam
428 3053 622 3128 altitudinem,
641 3065 674 3113 ut
693 3053 743 3114 fiat
762 3055 910 3118 arbustum
926 3058 956 3121 in
973 3079 1032 3138 quo
1049 3058 1220 3118 nidulentur
1239 3080 1317 3119 ares.
1364 3115 1366 3122 ,

156 3126 320 3190 Confertur
338 3141 369 3190 et
387 3131 551 3205 fermento,
590 3131 651 3192 uod
669 3133 785 3192 tametsi
804 3135 848 3193 exi
872 3156 941 3200 unm
961 3148 1020 3209 est,
1038 3135 1096 3196 vim
1116 3147 1216 3195 tamen
1235 3155 1317 3196 suam

153 3205 195 3267 sie
215 3201 368 3281 diffundit,
394 3220 427 3266 ut
445 3227 552 3288 magna
570 3149 682 3270 farinae
703 3209 789 3290 copia
807 3155 877 3272 ineis
898 3224 1022 3272 acescat.
1060 3211 1210 3272 Discamus
1231 3232 1318 3293 ergo,

153 3280 177 3341 si
202 3278 433 3364 contemptibilis
453 3295 498 3344 est
516 3283 608 3344 oculis
629 3286 722 3346 carnis
742 3287 827 3369 regni
849 3287 958 3348 Christi
977 3287 1104 3369 speeies,
1130 3289 1166 3348 ad
1188 3287 1316 3347 immen-

152 3377 212 3418 sam
233 3371 263 3419 et
281 3360 523 3421 inaestimabilem
541 3361 601 3422 Dei
619 3362 784 3453 potentiam
802 3376 916 3425 mentes
932 3377 1046 3426 nostras
1066 3365 1219 3438 attollere,
1239 3385 1315 3444 quae

151 3434 238 3496 sicuti
257 3457 292 3496 ex
310 3436 403 3497 nihilo
423 3436 514 3498 semel
535 3452 644 3499 creavit
663 3440 779 3517 omnia,
799 3440 839 3501 sic
860 3442 994 3520 quotirfie
1014 3463 1048 3501 ea
1069 3463 1145 3520 quae
1165 3462 1226 3502 non
1248 3453 1317 3502 sunt

151 3532 238 3592 supra
258 3511 376 3573 humani
396 3533 496 3576 sensus
515 3516 636 3574 modum
655 3517 773 3578 excitat:
799 3517 933 3598 superbis
958 3519 1083 3580 sinamus
1102 3539 1170 3579 suos
1191 3519 1312 3578 caninos

149 3589 239 3665 risus,
264 3590 360 3650 donec
385 3610 419 3652 ex
443 3590 598 3672 inopinato
626 3613 677 3652 eos
696 3592 842 3655 Dominus
868 3593 1091 3674 obstupefaciat
1131 3596 1255 3656 Interim
1275 3614 1313 3654 ne

78 3700 81 3706 -
150 3665 383 3746 despondeamus
394 3669 517 3744 animos,
535 3669 588 3732 sed
607 3669 665 3729 fide
684 3691 834 3751 surgamus
851 3672 1067 3731 contramandi
1079 3671 1195 3747 fastum,
1215 3671 1314 3734 donec

147 3741 324 3804 incredibile
343 3744 456 3805 virtutis
476 3765 544 3805 suae
564 3747 773 3806 documentum
793 3748 928 3828 proferat
945 3747 1106 3823 Dominus,
1126 3747 1163 3808 de
1185 3769 1245 3839 quo
1266 3749 1314 3808 hie

149 3820 353 3882 concionatur.
391 3822 551 3893 llermenti,
568 3841 679 3883 nomen
704 3823 862 3903 aliquando
889 3825 965 3888 male
990 3838 1090 3900 sonat,
1114 3825 1201 3884 sicuti
1222 3847 1314 3904 quum

59 3925 65 3944 x
137 3895 289 3957 'admonet
298 3895 442 3974 Christus,
460 3899 621 3959 cavendum
641 3919 703 3960 esse
724 3921 740 3959 a
760 3899 929 3962 Scribarum
949 3902 1110 3966 fermento:
1130 3902 1202 3974 item
1219 3923 1312 3981 quum

40 3993 53 4050 j
148 3971 239 4032 docet
255 3971 434 4052 Paulus*(l.
454 3971 527 4034 Cor.
547 3983 576 4049 5,
596 3975 661 4056 6.),
688 3975 794 4057 exiguo
818 3978 966 4040 ¹fermento
987 3991 1079 4039 totam
1099 3999 1221 4040 massam
1244 3999 1313 4040 cor-

146 4049 253 4127 rumpi.
298 4049 358 4110 Sed
383 4050 430 4112 bic
456 4051 508 4111 sim
532 4051 629 4113 liciter
653 4055 781 4114 tenenda
807 4067 851 4116 est
876 4055 1038 4136 apellatio
1062 4055 1099 4115 ad
1123 4068 1311 4138 praesentem

147 4140 272 4184 eausam.
310 4125 358 4187 De
377 4147 472 4209 regno
523 4127 551 4188 ei
571 4141 607 4194 et.
620 4129 773 4192 coelorum
792 4131 863 4193 alibi
883 4077 991 4198 derum
1012 4143 1065 4193 est.

222 4199 315 4261 Marc.
333 4209 381 4268 26.
418 4205 471 4264 Sic
488 4218 530 4264 est
547 4227 666 4282 reguum
684 4207 753 4268 Dei.
795 4208 971 4290 Quanquam
996 4211 1101 4270 eodem
1119 4210 1217 4271 tendit
1236 4209 1310 4270 baec

146 4271 317 4352 similitudo,
357 4283 397 4340 uo
418 4281 492 4340 duae
509 4281 637 4373 priores,
656 4283 771 4344 ridetur
786 4297 884 4348 umen
898 4284 1031 4348 Christus
1047 4288 1114 4348 data
1133 4307 1226 4368 opera
1245 4304 1309 4346 ser-

146 4368 266 4412 monem
286 4299 426 4416 adlerbt
444 4357 595 4423 miurstros
613 4359 752 4444 dirigere,
770 4383 808 4424 ne
828 4362 963 4448 frigidius
982 4364 1099 4427 muneri
1117 4385 1172 4427 suo
1191 4363 1307 4425 incum-
1398 4399 1399 4402 κ

502 4523 523 4560 Κ
