<?xml version="1.0" encoding="UTF-8"?>
<!DOCTYPE html PUBLIC "-//W3C//DTD XHTML 1.0 Transitional//EN"
    "http://www.w3.org/TR/xhtml1/DTD/xhtml1-transitional.dtd">
<html xmlns="http://www.w3.org/1999/xhtml" xml:lang="en" lang="en">
 <head>
  <title>
</title>
<meta http-equiv="Content-Type" content="text/html;charset=utf-8" />
  <meta name='ocr-system' content='tesseract 3.04.00' />
  <meta name='ocr-capabilities' content='ocr_page ocr_carea ocr_par ocr_line ocrx_word'/>
</head>
<body>
  <div class='ocr_page' id='page_1' title='image "./innovumtestamen00calvgoog_0267.png"; bbox 0 0 2768 4834; ppageno 0'>
   <div class='ocr_carea' id='block_1_1' title="bbox 100 189 115 234">
    <p class='ocr_par' dir='ltr' id='par_1_1' title="bbox 100 189 115 234">
     <span class='ocr_line' id='line_1_1' title="bbox 100 189 115 234; baseline 0 0"><span class='ocrx_word' id='word_1_1' title='bbox 100 189 115 234; x_wconf 70' lang='lat' dir='ltr'>h</span> 
     </span>
    </p>
   </div>
   <div class='ocr_carea' id='block_1_2' title="bbox 109 677 1321 848">
    <p class='ocr_par' dir='ltr' id='par_1_2' title="bbox 109 677 1321 848">
     <span class='ocr_line' id='line_1_2' title="bbox 109 677 1321 762; baseline -0.003 -18"><span class='ocrx_word' id='word_1_2' title='bbox 109 743 117 752; x_wconf 83' lang='grc'><strong>,</strong></span> <span class='ocrx_word' id='word_1_3' title='bbox 178 685 243 758; x_wconf 89' lang='lat' dir='ltr'>tiat,</span> <span class='ocrx_word' id='word_1_4' title='bbox 263 683 314 762; x_wconf 86' lang='lat' dir='ltr'>qui</span> <span class='ocrx_word' id='word_1_5' title='bbox 333 703 387 762; x_wconf 90' lang='lat' dir='ltr'>per</span> <span class='ocrx_word' id='word_1_6' title='bbox 406 681 563 762; x_wconf 84' lang='lat' dir='ltr'>spatiosam</span> <span class='ocrx_word' id='word_1_7' title='bbox 574 681 649 742; x_wconf 89' lang='lat' dir='ltr'>viam</span> <span class='ocrx_word' id='word_1_8' title='bbox 671 694 701 742; x_wconf 93' lang='lat' dir='ltr'>et</span> <span class='ocrx_word' id='word_1_9' title='bbox 715 682 808 742; x_wconf 89' lang='lat' dir='ltr'>latam</span> <span class='ocrx_word' id='word_1_10' title='bbox 828 692 941 760; x_wconf 89' lang='lat' dir='ltr'>portam</span> <span class='ocrx_word' id='word_1_11' title='bbox 954 677 1070 760; x_wconf 81' lang='lat' dir='ltr'>ingredi</span> <span class='ocrx_word' id='word_1_12' title='bbox 1082 679 1204 754; x_wconf 88' lang='lat' dir='ltr'>malunt,</span> <span class='ocrx_word' id='word_1_13' title='bbox 1247 701 1321 740; x_wconf 86' lang='lat' dir='ltr'>uam</span> 
     </span>
     <span class='ocr_line' id='line_1_3' title="bbox 141 701 1263 848; baseline -0.004 -26"><span class='ocrx_word' id='word_1_14' title='bbox 141 791 143 800; x_wconf 92' lang='lat'>·</span> <span class='ocrx_word' id='word_1_15' title='bbox 179 759 332 844; x_wconf 75' lang='lat' dir='ltr'>angentias</span> <span class='ocrx_word' id='word_1_16' title='bbox 351 757 465 831; x_wconf 89' lang='lat' dir='ltr'>subire,</span> <span class='ocrx_word' id='word_1_17' title='bbox 497 779 571 838; x_wconf 89' lang='lat' dir='ltr'>quae</span> <span class='ocrx_word' id='word_1_18' title='bbox 597 761 708 820; x_wconf 90' lang='lat' dir='ltr'>ducunt</span> <span class='ocrx_word' id='word_1_19' title='bbox 733 759 770 820; x_wconf 90' lang='lat' dir='ltr'>ad</span> <span class='ocrx_word' id='word_1_20' title='bbox 788 757 887 818; x_wconf 82' lang='lat' dir='ltr'>vitam.</span> <span class='ocrx_word' id='word_1_21' title='bbox 936 756 1120 848; x_wconf 57' lang='lat' dir='ltr'>Nominagim&#39;</span> <span class='ocrx_word' id='word_1_22' title='bbox 1137 701 1263 818; x_wconf 70' lang='lat' dir='ltr'>renodi</span> 
     </span>
    </p>
   </div>
   <div class='ocr_carea' id='block_1_3' title="bbox 178 213 860 295">
    <p class='ocr_par' dir='ltr' id='par_1_3' title="bbox 178 213 860 295">
     <span class='ocr_line' id='line_1_4' title="bbox 178 213 860 295; baseline -0.009 -9"><span class='ocrx_word' id='word_1_23' title='bbox 178 227 242 295; x_wconf 61' lang='lat'>180&#39;</span> <span class='ocrx_word' id='word_1_24' title='bbox 527 225 534 254; x_wconf 86' lang='lat'><strong><em>¹</em></strong></span> <span class='ocrx_word' id='word_1_25' title='bbox 632 213 786 284; x_wconf 81' lang='lat' dir='ltr'>SECTIO</span> <span class='ocrx_word' id='word_1_26' title='bbox 806 219 860 281; x_wconf 83' lang='lat' dir='ltr'>vl.</span> 
     </span>
    </p>
   </div>
   <div class='ocr_carea' id='block_1_4' title="bbox 179 369 1372 459">
    <p class='ocr_par' dir='ltr' id='par_1_4' title="bbox 179 369 1372 459">
     <span class='ocr_line' id='line_1_5' title="bbox 179 369 1372 459; baseline -0.004 -20"><span class='ocrx_word' id='word_1_27' title='bbox 179 395 311 459; x_wconf 84' lang='lat' dir='ltr'>vagaque</span> <span class='ocrx_word' id='word_1_28' title='bbox 335 373 483 458; x_wconf 77' lang='lat' dir='ltr'>protervia</span> <span class='ocrx_word' id='word_1_29' title='bbox 506 374 640 438; x_wconf 86' lang='lat' dir='ltr'>reductas</span> <span class='ocrx_word' id='word_1_30' title='bbox 665 375 876 456; x_wconf 81' lang='lat' dir='ltr'>comprimere,</span> <span class='ocrx_word' id='word_1_31' title='bbox 906 372 982 434; x_wconf 88' lang='lat' dir='ltr'>hanc</span> <span class='ocrx_word' id='word_1_32' title='bbox 1012 369 1203 434; x_wconf 77' lang='lat' dir='ltr'>acerbitatem</span> <span class='ocrx_word' id='word_1_33' title='bbox 1234 373 1321 434; x_wconf 84' lang='lat' dir='ltr'>laeta</span> <span class='ocrx_word' id='word_1_34' title='bbox 1371 369 1372 410; x_wconf 56' lang='lat' dir='ltr'>l</span> 
     </span>
    </p>
   </div>
   <div class='ocr_carea' id='block_1_5' title="bbox 178 449 1372 688">
    <p class='ocr_par' dir='ltr' id='par_1_5' title="bbox 178 449 1372 688">
     <span class='ocr_line' id='line_1_6' title="bbox 179 449 1319 590; baseline -0.005 -76"><span class='ocrx_word' id='word_1_35' title='bbox 179 453 422 534; x_wconf 75' lang='lat' dir='ltr'>compensatione</span> <span class='ocrx_word' id='word_1_36' title='bbox 441 451 566 590; x_wconf 76' lang='lat' dir='ltr'>mitigat,</span> <span class='ocrx_word' id='word_1_37' title='bbox 585 473 674 534; x_wconf 89' lang='lat' dir='ltr'>quum</span> <span class='ocrx_word' id='word_1_38' title='bbox 695 453 775 526; x_wconf 79' lang='lat' dir='ltr'>dicit,</span> <span class='ocrx_word' id='word_1_39' title='bbox 796 462 918 534; x_wconf 83' lang='lat' dir='ltr'>angusta</span> <span class='ocrx_word' id='word_1_40' title='bbox 938 460 1024 529; x_wconf 87' lang='lat' dir='ltr'>porta</span> <span class='ocrx_word' id='word_1_41' title='bbox 1044 461 1075 513; x_wconf 86' lang='lat' dir='ltr'>et</span> <span class='ocrx_word' id='word_1_42' title='bbox 1092 449 1138 510; x_wconf 82' lang='lat' dir='ltr'>via</span> <span class='ocrx_word' id='word_1_43' title='bbox 1159 449 1266 512; x_wconf 85' lang='lat' dir='ltr'>intrari</span> <span class='ocrx_word' id='word_1_44' title='bbox 1284 451 1319 509; x_wconf 90' lang='lat' dir='ltr'>in</span> 
     </span>
     <span class='ocr_line' id='line_1_7' title="bbox 178 525 1372 606; baseline -0.003 -16"><span class='ocrx_word' id='word_1_45' title='bbox 178 531 277 590; x_wconf 80' lang='lat' dir='ltr'>vitam.</span> <span class='ocrx_word' id='word_1_46' title='bbox 316 531 442 593; x_wconf 78' lang='lat' dir='ltr'>Rursum</span> <span class='ocrx_word' id='word_1_47' title='bbox 462 549 500 588; x_wconf 89' lang='lat' dir='ltr'>ne</span> <span class='ocrx_word' id='word_1_48' title='bbox 533 529 693 588; x_wconf 85' lang='lat' dir='ltr'>icentiosae</span> <span class='ocrx_word' id='word_1_49' title='bbox 719 551 753 590; x_wconf 90' lang='lat' dir='ltr'>ac</span> <span class='ocrx_word' id='word_1_50' title='bbox 780 527 937 588; x_wconf 82' lang='lat' dir='ltr'>dissolutae</span> <span class='ocrx_word' id='word_1_51' title='bbox 956 526 1033 586; x_wconf 89' lang='lat' dir='ltr'>vitae</span> <span class='ocrx_word' id='word_1_52' title='bbox 1053 525 1200 588; x_wconf 81' lang='lat' dir='ltr'>illecebris</span> <span class='ocrx_word' id='word_1_53' title='bbox 1222 527 1322 606; x_wconf 83' lang='lat' dir='ltr'>eapti,</span> <span class='ocrx_word' id='word_1_54' title='bbox 1371 539 1372 544; x_wconf 76' lang='grc'>’</span> 
     </span>
     <span class='ocr_line' id='line_1_8' title="bbox 179 604 1323 688; baseline -0.003 -22"><span class='ocrx_word' id='word_1_55' title='bbox 179 617 270 688; x_wconf 88' lang='lat' dir='ltr'>prout</span> <span class='ocrx_word' id='word_1_56' title='bbox 288 627 343 666; x_wconf 90' lang='lat' dir='ltr'>nos</span> <span class='ocrx_word' id='word_1_57' title='bbox 363 606 451 667; x_wconf 87' lang='lat' dir='ltr'>trahit</span> <span class='ocrx_word' id='word_1_58' title='bbox 469 605 563 682; x_wconf 70' lang='lat' dir='ltr'>carnis</span> <span class='ocrx_word' id='word_1_59' title='bbox 582 605 686 680; x_wconf 88' lang='lat' dir='ltr'>libido,</span> <span class='ocrx_word' id='word_1_60' title='bbox 705 625 856 685; x_wconf 81' lang='lat' dir='ltr'>vagemur,</span> <span class='ocrx_word' id='word_1_61' title='bbox 875 604 906 663; x_wconf 87' lang='lat' dir='ltr'>iu</span> <span class='ocrx_word' id='word_1_62' title='bbox 926 607 1051 662; x_wconf 84' lang='lat' dir='ltr'>mortem</span> <span class='ocrx_word' id='word_1_63' title='bbox 1071 623 1158 663; x_wconf 89' lang='lat' dir='ltr'>ruere</span> <span class='ocrx_word' id='word_1_64' title='bbox 1176 623 1323 683; x_wconf 91' lang='lat' dir='ltr'>pronun-</span> 
     </span>
    </p>
   </div>
   <div class='ocr_carea' id='block_1_6' title="bbox 1265 757 1373 832">
    <p class='ocr_par' dir='ltr' id='par_1_6' title="bbox 1265 757 1373 832">
     <span class='ocr_line' id='line_1_9' title="bbox 1265 757 1373 832; baseline 0 -16"><span class='ocrx_word' id='word_1_65' title='bbox 1265 757 1322 832; x_wconf 86' lang='lat' dir='ltr'>cit,</span> <span class='ocrx_word' id='word_1_66' title='bbox 1372 776 1373 824; x_wconf 73' lang='lat'>1</span> 
     </span>
    </p>
   </div>
   <div class='ocr_carea' id='block_1_7' title="bbox 178 833 1321 916">
    <p class='ocr_par' dir='ltr' id='par_1_7' title="bbox 178 833 1321 916">
     <span class='ocr_line' id='line_1_10' title="bbox 178 833 1321 916; baseline -0.004 -19"><span class='ocrx_word' id='word_1_67' title='bbox 178 840 281 903; x_wconf 65' lang='lat' dir='ltr'>andros</span> <span class='ocrx_word' id='word_1_68' title='bbox 305 857 360 916; x_wconf 91' lang='lat' dir='ltr'>per</span> <span class='ocrx_word' id='word_1_69' title='bbox 384 833 539 914; x_wconf 80' lang='lat' dir='ltr'>spatiosam</span> <span class='ocrx_word' id='word_1_70' title='bbox 564 837 640 895; x_wconf 87' lang='lat' dir='ltr'>viam</span> <span class='ocrx_word' id='word_1_71' title='bbox 672 855 804 908; x_wconf 89' lang='lat' dir='ltr'>currere,</span> <span class='ocrx_word' id='word_1_72' title='bbox 835 834 903 914; x_wconf 91' lang='lat' dir='ltr'>quia</span> <span class='ocrx_word' id='word_1_73' title='bbox 937 853 968 892; x_wconf 91' lang='lat' dir='ltr'>se</span> <span class='ocrx_word' id='word_1_74' title='bbox 1003 833 1136 893; x_wconf 88' lang='lat' dir='ltr'>hommes</span> <span class='ocrx_word' id='word_1_75' title='bbox 1166 833 1321 913; x_wconf 85' lang='lat' dir='ltr'>perversis</span> 
     </span>
    </p>
   </div>
   <div class='ocr_carea' id='block_1_8' title="bbox 79 908 1320 991">
    <p class='ocr_par' dir='ltr' id='par_1_8' title="bbox 79 908 1320 991">
     <span class='ocr_line' id='line_1_11' title="bbox 79 908 1320 991; baseline -0.004 -16"><span class='ocrx_word' id='word_1_76' title='bbox 79 935 83 941; x_wconf 62' lang='lat'><em>¹</em></span> <span class='ocrx_word' id='word_1_77' title='bbox 179 933 259 974; x_wconf 82' lang='lat' dir='ltr'>exem</span> <span class='ocrx_word' id='word_1_78' title='bbox 283 912 317 972; x_wconf 88' lang='lat' dir='ltr'>lis</span> <span class='ocrx_word' id='word_1_79' title='bbox 336 925 439 972; x_wconf 88' lang='lat' dir='ltr'>mutuo</span> <span class='ocrx_word' id='word_1_80' title='bbox 460 914 656 991; x_wconf 80' lang='lat' dir='ltr'>pessumdant.</span> <span class='ocrx_word' id='word_1_81' title='bbox 694 911 783 970; x_wconf 92' lang='lat' dir='ltr'>Unde</span> <span class='ocrx_word' id='word_1_82' title='bbox 796 910 874 970; x_wconf 89' lang='lat' dir='ltr'>enim</span> <span class='ocrx_word' id='word_1_83' title='bbox 895 909 937 984; x_wconf 78' lang='lat' dir='ltr'>fia,</span> <span class='ocrx_word' id='word_1_84' title='bbox 957 922 990 968; x_wconf 90' lang='lat' dir='ltr'>ut</span> <span class='ocrx_word' id='word_1_85' title='bbox 1007 908 1116 990; x_wconf 84' lang='lat' dir='ltr'>singuli</span> <span class='ocrx_word' id='word_1_86' title='bbox 1134 929 1166 970; x_wconf 90' lang='lat' dir='ltr'>se</span> <span class='ocrx_word' id='word_1_87' title='bbox 1184 910 1320 970; x_wconf 86' lang='lat' dir='ltr'>scientes</span> 
     </span>
    </p>
   </div>
   <div class='ocr_carea' id='block_1_9' title="bbox 178 933 1373 1148">
    <p class='ocr_par' dir='ltr' id='par_1_9' title="bbox 178 933 1373 1148">
     <span class='ocr_line' id='line_1_12' title="bbox 178 933 1373 1073; baseline -0.003 -23"><span class='ocrx_word' id='word_1_88' title='bbox 178 1010 212 1050; x_wconf 87' lang='lat' dir='ltr'>ac</span> <span class='ocrx_word' id='word_1_89' title='bbox 231 933 365 1050; x_wconf 77' lang='lat' dir='ltr'>veientes</span> <span class='ocrx_word' id='word_1_90' title='bbox 384 991 487 1050; x_wconf 73' lang='lat' dir='ltr'>secure</span> <span class='ocrx_word' id='word_1_91' title='bbox 507 989 721 1073; x_wconf 83' lang='lat' dir='ltr'>praecipitent,</span> <span class='ocrx_word' id='word_1_92' title='bbox 751 987 808 1048; x_wconf 87' lang='lat' dir='ltr'>nisi</span> <span class='ocrx_word' id='word_1_93' title='bbox 828 987 895 1067; x_wconf 91' lang='lat' dir='ltr'>quia</span> <span class='ocrx_word' id='word_1_94' title='bbox 915 985 1012 1066; x_wconf 88' lang='lat' dir='ltr'>perire</span> <span class='ocrx_word' id='word_1_95' title='bbox 1032 1007 1063 1048; x_wconf 88' lang='lat' dir='ltr'>se</span> <span class='ocrx_word' id='word_1_96' title='bbox 1084 1007 1146 1049; x_wconf 90' lang='lat' dir='ltr'>noo</span> <span class='ocrx_word' id='word_1_97' title='bbox 1167 987 1319 1069; x_wconf 85' lang='lat' dir='ltr'>cogitant,</span> <span class='ocrx_word' id='word_1_98' title='bbox 1372 1017 1373 1022; x_wconf 42' lang='lat'>1</span> 
     </span>
     <span class='ocr_line' id='line_1_13' title="bbox 178 1060 1318 1148; baseline -0.004 -22"><span class='ocrx_word' id='word_1_99' title='bbox 178 1067 246 1126; x_wconf 90' lang='lat' dir='ltr'>dum</span> <span class='ocrx_word' id='word_1_100' title='bbox 277 1076 405 1145; x_wconf 88' lang='lat' dir='ltr'>pereunt</span> <span class='ocrx_word' id='word_1_101' title='bbox 432 1065 463 1126; x_wconf 93' lang='lat' dir='ltr'>in</span> <span class='ocrx_word' id='word_1_102' title='bbox 488 1085 594 1148; x_wconf 87' lang='lat' dir='ltr'>magna</span> <span class='ocrx_word' id='word_1_103' title='bbox 620 1060 725 1129; x_wconf 83' lang='lat' dir='ltr'>turba?</span> <span class='ocrx_word' id='word_1_104' title='bbox 766 1064 879 1126; x_wconf 87' lang='lat' dir='ltr'>Contra</span> <span class='ocrx_word' id='word_1_105' title='bbox 905 1076 1001 1122; x_wconf 85' lang='lat' dir='ltr'>autem</span> <span class='ocrx_word' id='word_1_106' title='bbox 1026 1061 1154 1122; x_wconf 84' lang='lat' dir='ltr'>fidelium</span> <span class='ocrx_word' id='word_1_107' title='bbox 1180 1063 1318 1144; x_wconf 88' lang='lat' dir='ltr'>pancitas</span> 
     </span>
    </p>
   </div>
   <div class='ocr_carea' id='block_1_10' title="bbox 146 1139 1315 1225">
    <p class='ocr_par' dir='ltr' id='par_1_10' title="bbox 146 1139 1315 1225">
     <span class='ocr_line' id='line_1_14' title="bbox 146 1139 1315 1225; baseline -0.004 -23"><span class='ocrx_word' id='word_1_108' title='bbox 146 1159 148 1176; x_wconf 86' lang='lat'><strong>¹</strong></span> <span class='ocrx_word' id='word_1_109' title='bbox 177 1143 284 1204; x_wconf 86' lang='lat' dir='ltr'>multos</span> <span class='ocrx_word' id='word_1_110' title='bbox 304 1142 401 1204; x_wconf 86' lang='lat' dir='ltr'>reddit</span> <span class='ocrx_word' id='word_1_111' title='bbox 419 1140 557 1225; x_wconf 80' lang='lat' dir='ltr'>ignavos:</span> <span class='ocrx_word' id='word_1_112' title='bbox 590 1161 678 1224; x_wconf 82' lang='lat' dir='ltr'>aegre</span> <span class='ocrx_word' id='word_1_113' title='bbox 699 1142 777 1202; x_wconf 88' lang='lat' dir='ltr'>enim</span> <span class='ocrx_word' id='word_1_114' title='bbox 797 1139 981 1214; x_wconf 85' lang='lat' dir='ltr'>adducimur,</span> <span class='ocrx_word' id='word_1_115' title='bbox 1009 1151 1042 1198; x_wconf 90' lang='lat' dir='ltr'>ut</span> <span class='ocrx_word' id='word_1_116' title='bbox 1060 1139 1172 1200; x_wconf 88' lang='lat' dir='ltr'>mundo</span> <span class='ocrx_word' id='word_1_117' title='bbox 1199 1160 1315 1200; x_wconf 89' lang='lat' dir='ltr'>renun-</span> 
     </span>
    </p>
   </div>
   <div class='ocr_carea' id='block_1_11' title="bbox 177 1209 1374 1300">
    <p class='ocr_par' dir='ltr' id='par_1_11' title="bbox 177 1209 1374 1300">
     <span class='ocr_line' id='line_1_15' title="bbox 177 1209 1374 1300; baseline -0.003 -20"><span class='ocrx_word' id='word_1_118' title='bbox 177 1209 283 1280; x_wconf 85' lang='lat' dir='ltr'>tiantes</span> <span class='ocrx_word' id='word_1_119' title='bbox 303 1240 358 1282; x_wconf 84' lang='lat' dir='ltr'>nos</span> <span class='ocrx_word' id='word_1_120' title='bbox 378 1219 520 1280; x_wconf 56' lang='lat' dir='ltr'>aervitam</span> <span class='ocrx_word' id='word_1_121' title='bbox 539 1229 669 1278; x_wconf 91' lang='lat' dir='ltr'>nostram</span> <span class='ocrx_word' id='word_1_122' title='bbox 690 1219 726 1292; x_wconf 81' lang='lat' dir='ltr'>ad</span> <span class='ocrx_word' id='word_1_123' title='bbox 746 1238 906 1300; x_wconf 90' lang='lat' dir='ltr'>paucorum</span> <span class='ocrx_word' id='word_1_124' title='bbox 932 1235 1030 1277; x_wconf 89' lang='lat' dir='ltr'>mores</span> <span class='ocrx_word' id='word_1_125' title='bbox 1051 1215 1224 1278; x_wconf 80' lang='lat' dir='ltr'>formemus:</span> <span class='ocrx_word' id='word_1_126' title='bbox 1256 1216 1316 1276; x_wconf 88' lang='lat' dir='ltr'>ab·</span> <span class='ocrx_word' id='word_1_127' title='bbox 1373 1213 1374 1230; x_wconf 60' lang='lat'>¹</span> 
     </span>
    </p>
   </div>
   <div class='ocr_carea' id='block_1_12' title="bbox 79 1292 1374 1376">
    <p class='ocr_par' dir='ltr' id='par_1_12' title="bbox 79 1292 1374 1376">
     <span class='ocr_line' id='line_1_16' title="bbox 79 1292 1374 1376; baseline -0.005 -20"><span class='ocrx_word' id='word_1_128' title='bbox 79 1361 82 1368; x_wconf 58' lang='grc'><em>,</em></span> <span class='ocrx_word' id='word_1_129' title='bbox 177 1295 296 1359; x_wconf 83' lang='lat' dir='ltr'>surdum</span> <span class='ocrx_word' id='word_1_130' title='bbox 316 1295 394 1355; x_wconf 86' lang='lat' dir='ltr'>enim</span> <span class='ocrx_word' id='word_1_131' title='bbox 415 1306 565 1376; x_wconf 83' lang='lat' dir='ltr'>putamus,</span> <span class='ocrx_word' id='word_1_132' title='bbox 586 1294 671 1355; x_wconf 87' lang='lat' dir='ltr'>avelli</span> <span class='ocrx_word' id='word_1_133' title='bbox 692 1316 747 1354; x_wconf 90' lang='lat' dir='ltr'>nos</span> <span class='ocrx_word' id='word_1_134' title='bbox 768 1317 783 1354; x_wconf 93' lang='lat' dir='ltr'>a</span> <span class='ocrx_word' id='word_1_135' title='bbox 803 1292 999 1365; x_wconf 82' lang='lat' dir='ltr'>multitudine,</span> <span class='ocrx_word' id='word_1_136' title='bbox 1023 1292 1162 1352; x_wconf 85' lang='lat' dir='ltr'>aesimon</span> <span class='ocrx_word' id='word_1_137' title='bbox 1183 1311 1320 1362; x_wconf 67' lang='grc' dir='ltr'>εεεειιιιιει</span> <span class='ocrx_word' id='word_1_138' title='bbox 1373 1325 1374 1336; x_wconf 49' lang='lat'>1</span> 
     </span>
    </p>
   </div>
   <div class='ocr_carea' id='block_1_13' title="bbox 177 1367 1315 1458">
    <p class='ocr_par' dir='ltr' id='par_1_13' title="bbox 177 1367 1315 1458">
     <span class='ocr_line' id='line_1_17' title="bbox 177 1367 1315 1458; baseline -0.004 -26"><span class='ocrx_word' id='word_1_139' title='bbox 177 1393 244 1454; x_wconf 88' lang='lat' dir='ltr'>pars</span> <span class='ocrx_word' id='word_1_140' title='bbox 264 1371 381 1458; x_wconf 88' lang='lat' dir='ltr'>generis</span> <span class='ocrx_word' id='word_1_141' title='bbox 401 1371 529 1432; x_wconf 90' lang='lat' dir='ltr'>humani.</span> <span class='ocrx_word' id='word_1_142' title='bbox 570 1370 712 1445; x_wconf 83' lang='lat' dir='ltr'>Quamvis</span> <span class='ocrx_word' id='word_1_143' title='bbox 737 1383 835 1432; x_wconf 88' lang='lat' dir='ltr'>autem</span> <span class='ocrx_word' id='word_1_144' title='bbox 860 1369 994 1430; x_wconf 88' lang='lat' dir='ltr'>doctrina</span> <span class='ocrx_word' id='word_1_145' title='bbox 1016 1367 1128 1431; x_wconf 82' lang='lat' dir='ltr'>Christi</span> <span class='ocrx_word' id='word_1_146' title='bbox 1152 1389 1208 1429; x_wconf 86' lang='lat' dir='ltr'>nos</span> <span class='ocrx_word' id='word_1_147' title='bbox 1228 1369 1315 1448; x_wconf 86' lang='lat' dir='ltr'>quasi</span> 
     </span>
    </p>
   </div>
   <div class='ocr_carea' id='block_1_14' title="bbox 133 1445 1315 1661">
    <p class='ocr_par' dir='ltr' id='par_1_14' title="bbox 54 1445 1315 1661">
     <span class='ocr_line' id='line_1_18' title="bbox 133 1445 1315 1532; baseline -0.004 -21"><span class='ocrx_word' id='word_1_148' title='bbox 133 1447 144 1470; x_wconf 70' lang='lat'>⁸</span> <span class='ocrx_word' id='word_1_149' title='bbox 177 1450 291 1524; x_wconf 79' lang='lat' dir='ltr'>vinctps</span> <span class='ocrx_word' id='word_1_150' title='bbox 317 1447 516 1532; x_wconf 84' lang='lat' dir='ltr'>constringat,</span> <span class='ocrx_word' id='word_1_151' title='bbox 547 1448 636 1508; x_wconf 84' lang='lat' dir='ltr'>vitam</span> <span class='ocrx_word' id='word_1_152' title='bbox 662 1459 792 1508; x_wconf 89' lang='lat' dir='ltr'>nostram</span> <span class='ocrx_word' id='word_1_153' title='bbox 817 1446 934 1529; x_wconf 87' lang='lat' dir='ltr'>redigat</span> <span class='ocrx_word' id='word_1_154' title='bbox 958 1445 988 1506; x_wconf 88' lang='lat' dir='ltr'>in</span> <span class='ocrx_word' id='word_1_155' title='bbox 1015 1445 1071 1505; x_wconf 90' lang='lat' dir='ltr'>iter</span> <span class='ocrx_word' id='word_1_156' title='bbox 1090 1467 1126 1506; x_wconf 90' lang='lat' dir='ltr'>an</span> <span class='ocrx_word' id='word_1_157' title='bbox 1170 1459 1262 1518; x_wconf 89' lang='lat' dir='ltr'>stum,</span> <span class='ocrx_word' id='word_1_158' title='bbox 1297 1467 1315 1506; x_wconf 84' lang='lat' dir='ltr'>a</span> 
     </span>
     <span class='ocr_line' id='line_1_19' title="bbox 145 1522 1315 1661; baseline -0.004 -74.361"><span class='ocrx_word' id='word_1_159' title='bbox 145 1561 148 1576; x_wconf 86' lang='lat'><em>·</em></span> <span class='ocrx_word' id='word_1_160' title='bbox 170 1525 262 1586; x_wconf 81' lang='lat' dir='ltr'>turba</span> <span class='ocrx_word' id='word_1_161' title='bbox 282 1537 453 1618; x_wconf 81' lang='lat' dir='ltr'>segregatos</span> <span class='ocrx_word' id='word_1_162' title='bbox 466 1524 573 1661; x_wconf 77' lang='lat' dir='ltr'>paucis</span> <span class='ocrx_word' id='word_1_163' title='bbox 585 1525 740 1586; x_wconf 85' lang='lat' dir='ltr'>comitibus</span> <span class='ocrx_word' id='word_1_164' title='bbox 759 1524 909 1606; x_wconf 85' lang='lat' dir='ltr'>adiungat,</span> <span class='ocrx_word' id='word_1_165' title='bbox 928 1543 989 1582; x_wconf 89' lang='lat' dir='ltr'>non</span> <span class='ocrx_word' id='word_1_166' title='bbox 1009 1534 1108 1582; x_wconf 91' lang='lat' dir='ltr'>tamen</span> <span class='ocrx_word' id='word_1_167' title='bbox 1149 1522 1220 1583; x_wconf 86' lang='lat' dir='ltr'>ebet</span> <span class='ocrx_word' id='word_1_168' title='bbox 1238 1523 1315 1585; x_wconf 88' lang='lat' dir='ltr'>haec</span> 
     </span>
    </p>
   </div>
   <div class='ocr_carea' id='block_1_15' title="bbox 176 1597 1314 1998">
    <p class='ocr_par' dir='ltr' id='par_1_15' title="bbox 176 1597 1314 1998">
     <span class='ocr_line' id='line_1_20' title="bbox 176 1597 1314 1682; baseline -0.002 -20"><span class='ocrx_word' id='word_1_169' title='bbox 176 1603 265 1676; x_wconf 86' lang='lat' dir='ltr'>nobis</span> <span class='ocrx_word' id='word_1_170' title='bbox 285 1613 425 1682; x_wconf 73' lang='lat' dir='ltr'>asperitas</span> <span class='ocrx_word' id='word_1_171' title='bbox 445 1621 464 1662; x_wconf 95' lang='lat' dir='ltr'>o</span> <span class='ocrx_word' id='word_1_172' title='bbox 487 1613 581 1676; x_wconf 81' lang='lat' dir='ltr'>stare,</span> <span class='ocrx_word' id='word_1_173' title='bbox 609 1601 766 1681; x_wconf 84' lang='lat' dir='ltr'>quominus</span> <span class='ocrx_word' id='word_1_174' title='bbox 792 1600 936 1660; x_wconf 83' lang='lat' dir='ltr'>advitam</span> <span class='ocrx_word' id='word_1_175' title='bbox 957 1599 1109 1673; x_wconf 83' lang='lat' dir='ltr'>enitamur.</span> <span class='ocrx_word' id='word_1_176' title='bbox 1150 1597 1314 1660; x_wconf 87' lang='lat' dir='ltr'>Caeterum</span> 
     </span>
     <span class='ocr_line' id='line_1_21' title="bbox 177 1673 1314 1770; baseline -0.005 -28"><span class='ocrx_word' id='word_1_177' title='bbox 177 1699 212 1742; x_wconf 82' lang='lat' dir='ltr'>ex</span> <span class='ocrx_word' id='word_1_178' title='bbox 229 1680 309 1740; x_wconf 86' lang='lat' dir='ltr'>Luca</span> <span class='ocrx_word' id='word_1_179' title='bbox 328 1679 397 1738; x_wconf 87' lang='lat' dir='ltr'>satis</span> <span class='ocrx_word' id='word_1_180' title='bbox 416 1689 554 1770; x_wconf 81' lang='lat' dir='ltr'>apparet,</span> <span class='ocrx_word' id='word_1_181' title='bbox 584 1677 642 1739; x_wconf 89' lang='lat' dir='ltr'>hoc</span> <span class='ocrx_word' id='word_1_182' title='bbox 660 1677 720 1736; x_wconf 90' lang='lat' dir='ltr'>alio</span> <span class='ocrx_word' id='word_1_183' title='bbox 736 1690 877 1770; x_wconf 35' lang='lat' dir='ltr'>,tempore</span> <span class='ocrx_word' id='word_1_184' title='bbox 897 1677 1004 1736; x_wconf 89' lang='lat' dir='ltr'>dictum</span> <span class='ocrx_word' id='word_1_185' title='bbox 1032 1675 1120 1758; x_wconf 67' lang='lat' dir='ltr'>luisse</span> <span class='ocrx_word' id='word_1_186' title='bbox 1139 1695 1156 1736; x_wconf 88' lang='lat' dir='ltr'>a</span> <span class='ocrx_word' id='word_1_187' title='bbox 1177 1673 1314 1766; x_wconf 80' lang='lat' dir='ltr'>Christo,</span> 
     </span>
     <span class='ocr_line' id='line_1_22' title="bbox 177 1751 1312 1892; baseline 0 -2"><span class='ocrx_word' id='word_1_188' title='bbox 177 1753 508 1892; x_wconf 66' lang='lat' dir='ltr'>lithlthl‘h‘tt</span> <span class='ocrx_word' id='word_1_189' title='bbox 526 1765 584 1890; x_wconf 65' lang='lat' dir='ltr'>t?</span> <span class='ocrx_word' id='word_1_190' title='bbox 604 1773 678 1890; x_wconf 70' lang='lat' dir='ltr'>lli‘.</span> <span class='ocrx_word' id='word_1_191' title='bbox 697 1773 778 1890; x_wconf 72' lang='lat' dir='ltr'>I”ii</span> <span class='ocrx_word' id='word_1_192' title='bbox 791 1751 1312 1891; x_wconf 61' lang='lat' dir='ltr'>tltht‘ttt‘tt‘tl&#39;tnti</span> 
     </span>
     <span class='ocr_line' id='line_1_23' title="bbox 176 1849 1311 1998; baseline -0.004 -27"><span class='ocrx_word' id='word_1_193' title='bbox 176 1856 275 1989; x_wconf 73' lang='lat' dir='ltr'>hugi,</span> <span class='ocrx_word' id='word_1_194' title='bbox 295 1927 370 1987; x_wconf 87' lang='lat' dir='ltr'>quae</span> <span class='ocrx_word' id='word_1_195' title='bbox 389 1906 511 1998; x_wconf 75' lang='lat' dir='ltr'>sparsim</span> <span class='ocrx_word' id='word_1_196' title='bbox 531 1849 652 1967; x_wconf 61' lang='lat' dir='ltr'>ahghliis</span> <span class='ocrx_word' id='word_1_197' title='bbox 671 1851 867 1988; x_wconf 63' lang='lat' dir='ltr'>Evanghlistis</span> <span class='ocrx_word' id='word_1_198' title='bbox 886 1851 1045 1966; x_wconf 78' lang='lat' dir='ltr'>secundum</span> <span class='ocrx_word' id='word_1_199' title='bbox 1066 1850 1210 1966; x_wconf 69' lang='lat' dir='ltr'>historiahl</span> <span class='ocrx_word' id='word_1_200' title='bbox 1227 1907 1311 1966; x_wconf 84' lang='lat' dir='ltr'>ordi-</span> 
     </span>
    </p>
   </div>
   <div class='ocr_carea' id='block_1_16' title="bbox 124 1983 1311 2060">
    <p class='ocr_par' dir='ltr' id='par_1_16' title="bbox 124 1983 1311 2060">
     <span class='ocr_line' id='line_1_24' title="bbox 124 1983 1311 2060; baseline -0.002 -16"><span class='ocrx_word' id='word_1_201' title='bbox 124 2029 127 2038; x_wconf 75' lang='grc'>.</span> <span class='ocrx_word' id='word_1_202' title='bbox 175 2005 244 2046; x_wconf 86' lang='lat' dir='ltr'>nem</span> <span class='ocrx_word' id='word_1_203' title='bbox 269 1993 442 2058; x_wconf 86' lang='lat' dir='ltr'>narrantur,</span> <span class='ocrx_word' id='word_1_204' title='bbox 474 2003 505 2042; x_wconf 81' lang='lat' dir='ltr'>an</span> <span class='ocrx_word' id='word_1_205' title='bbox 532 2003 620 2042; x_wconf 89' lang='lat' dir='ltr'>unam</span> <span class='ocrx_word' id='word_1_206' title='bbox 644 2003 783 2060; x_wconf 79' lang='lat' dir='ltr'>summam</span> <span class='ocrx_word' id='word_1_207' title='bbox 808 1983 850 2044; x_wconf 90' lang='lat' dir='ltr'>sie</span> <span class='ocrx_word' id='word_1_208' title='bbox 876 1983 1000 2044; x_wconf 86' lang='lat' dir='ltr'>collecta</span> <span class='ocrx_word' id='word_1_209' title='bbox 1027 2005 1088 2044; x_wconf 87' lang='lat' dir='ltr'>esse</span> <span class='ocrx_word' id='word_1_210' title='bbox 1109 2004 1125 2043; x_wconf 93' lang='lat' dir='ltr'>a</span> <span class='ocrx_word' id='word_1_211' title='bbox 1145 1983 1311 2056; x_wconf 84' lang='lat' dir='ltr'>blatthaeo,</span> 
     </span>
    </p>
   </div>
   <div class='ocr_carea' id='block_1_17' title="bbox 174 2049 1376 2525">
    <p class='ocr_par' dir='ltr' id='par_1_17' title="bbox 197 2049 1376 2148">
     <span class='ocr_line' id='line_1_25' title="bbox 197 2049 1376 2148; baseline -0.003 -28"><span class='ocrx_word' id='word_1_212' title='bbox 197 2081 235 2121; x_wconf 93' lang='lat' dir='ltr'>no</span> <span class='ocrx_word' id='word_1_213' title='bbox 256 2060 359 2121; x_wconf 86' lang='lat' dir='ltr'>melius</span> <span class='ocrx_word' id='word_1_214' title='bbox 378 2059 432 2120; x_wconf 88' lang='lat' dir='ltr'>sub</span> <span class='ocrx_word' id='word_1_215' title='bbox 453 2059 546 2120; x_wconf 90' lang='lat' dir='ltr'>oculis</span> <span class='ocrx_word' id='word_1_216' title='bbox 564 2071 708 2148; x_wconf 89' lang='lat' dir='ltr'>poneret,</span> <span class='ocrx_word' id='word_1_217' title='bbox 733 2049 862 2139; x_wconf 80' lang='lat' dir='ltr'>&#39;qualiter</span> <span class='ocrx_word' id='word_1_218' title='bbox 880 2079 949 2120; x_wconf 90' lang='lat' dir='ltr'>suos</span> <span class='ocrx_word' id='word_1_219' title='bbox 970 2059 1127 2142; x_wconf 88' lang='lat' dir='ltr'>discipulos</span> <span class='ocrx_word' id='word_1_220' title='bbox 1147 2059 1312 2120; x_wconf 87' lang='lat' dir='ltr'>instituerit</span> <span class='ocrx_word' id='word_1_221' title='bbox 1375 2077 1376 2096; x_wconf 62' lang='lat'>¹</span> 
     </span>
    </p>

    <p class='ocr_par' dir='ltr' id='par_1_18' title="bbox 174 2081 1311 2525">
     <span class='ocr_line' id='line_1_26' title="bbox 176 2081 1311 2216; baseline -0.004 -16"><span class='ocrx_word' id='word_1_222' title='bbox 176 2081 321 2200; x_wconf 69' lang='lat' dir='ltr'>harisrus.</span> <span class='ocrx_word' id='word_1_223' title='bbox 367 2136 471 2216; x_wconf 86' lang='lat' dir='ltr'>ltaque</span> <span class='ocrx_word' id='word_1_224' title='bbox 496 2134 641 2198; x_wconf 82' lang='lat' dir='ltr'>subiacere</span> <span class='ocrx_word' id='word_1_225' title='bbox 665 2136 752 2197; x_wconf 91' lang='lat' dir='ltr'>libuit</span> <span class='ocrx_word' id='word_1_226' title='bbox 775 2147 871 2200; x_wconf 85' lang='lat' dir='ltr'>totmn</span> <span class='ocrx_word' id='word_1_227' title='bbox 895 2136 993 2196; x_wconf 86' lang='lat' dir='ltr'>Lucae</span> <span class='ocrx_word' id='word_1_228' title='bbox 1013 2137 1125 2210; x_wconf 87' lang='lat' dir='ltr'>lotum,</span> <span class='ocrx_word' id='word_1_229' title='bbox 1163 2136 1213 2214; x_wconf 87' lang='lat' dir='ltr'>qui</span> <span class='ocrx_word' id='word_1_230' title='bbox 1240 2137 1311 2196; x_wconf 89' lang='lat' dir='ltr'>huic</span> 
     </span>
     <span class='ocr_line' id='line_1_27' title="bbox 174 2212 1311 2293; baseline -0.005 -15"><span class='ocrx_word' id='word_1_231' title='bbox 174 2214 339 2278; x_wconf 87' lang='lat' dir='ltr'>sententiae</span> <span class='ocrx_word' id='word_1_232' title='bbox 371 2213 542 2293; x_wconf 83' lang='lat' dir='ltr'>respondet</span> <span class='ocrx_word' id='word_1_233' title='bbox 592 2213 667 2274; x_wconf 83' lang='lat' dir='ltr'>Nam</span> <span class='ocrx_word' id='word_1_234' title='bbox 702 2213 754 2272; x_wconf 87' lang='lat' dir='ltr'>uhi</span> <span class='ocrx_word' id='word_1_235' title='bbox 779 2213 882 2274; x_wconf 87' lang='lat' dir='ltr'>sedulo</span> <span class='ocrx_word' id='word_1_236' title='bbox 909 2235 925 2274; x_wconf 92' lang='lat' dir='ltr'>a</span> <span class='ocrx_word' id='word_1_237' title='bbox 950 2214 1171 2284; x_wconf 76' lang='lat' dir='ltr'>meadmoniti</span> <span class='ocrx_word' id='word_1_238' title='bbox 1197 2212 1311 2274; x_wconf 82' lang='lat' dir='ltr'>luerint</span> 
     </span>
     <span class='ocr_line' id='line_1_28' title="bbox 175 2289 1309 2370; baseline -0.006 -16"><span class='ocrx_word' id='word_1_239' title='bbox 175 2291 301 2354; x_wconf 90' lang='lat' dir='ltr'>lectores</span> <span class='ocrx_word' id='word_1_240' title='bbox 322 2291 358 2352; x_wconf 93' lang='lat' dir='ltr'>de</span> <span class='ocrx_word' id='word_1_241' title='bbox 378 2290 519 2369; x_wconf 86' lang='lat' dir='ltr'>temporis</span> <span class='ocrx_word' id='word_1_242' title='bbox 539 2289 631 2366; x_wconf 87' lang='lat' dir='ltr'>serie,</span> <span class='ocrx_word' id='word_1_243' title='bbox 661 2311 748 2370; x_wconf 87' lang='lat' dir='ltr'>quam</span> <span class='ocrx_word' id='word_1_244' title='bbox 767 2291 860 2354; x_wconf 59' lang='lat' dir='ltr'>lauces</span> <span class='ocrx_word' id='word_1_245' title='bbox 881 2289 1063 2365; x_wconf 86' lang='lat' dir='ltr'>observavit,</span> <span class='ocrx_word' id='word_1_246' title='bbox 1088 2289 1204 2352; x_wconf 77' lang='lat' dir='ltr'>veniam</span> <span class='ocrx_word' id='word_1_247' title='bbox 1224 2289 1309 2363; x_wconf 89' lang='lat' dir='ltr'>mihi,</span> 
     </span>
     <span class='ocr_line' id='line_1_29' title="bbox 174 2365 1310 2462; baseline -0.001 -33"><span class='ocrx_word' id='word_1_248' title='bbox 174 2379 208 2430; x_wconf 89' lang='lat' dir='ltr'>nt</span> <span class='ocrx_word' id='word_1_249' title='bbox 226 2383 331 2462; x_wconf 71' lang='lat' dir='ltr'>spero,</span> <span class='ocrx_word' id='word_1_250' title='bbox 360 2365 487 2439; x_wconf 90' lang='lat' dir='ltr'>dabunt,</span> <span class='ocrx_word' id='word_1_251' title='bbox 516 2365 541 2426; x_wconf 88' lang='lat' dir='ltr'>si</span> <span class='ocrx_word' id='word_1_252' title='bbox 566 2366 596 2426; x_wconf 91' lang='lat' dir='ltr'>in</span> <span class='ocrx_word' id='word_1_253' title='bbox 622 2368 799 2452; x_wconf 79' lang='lat' dir='ltr'>aggerenda</span> <span class='ocrx_word' id='word_1_254' title='bbox 816 2367 951 2428; x_wconf 83' lang='lat' dir='ltr'>doctrina</span> <span class='ocrx_word' id='word_1_255' title='bbox 975 2387 1037 2430; x_wconf 87' lang='lat' dir='ltr'>non</span> <span class='ocrx_word' id='word_1_256' title='bbox 1062 2366 1154 2451; x_wconf 85' lang='lat' dir='ltr'>magis</span> <span class='ocrx_word' id='word_1_257' title='bbox 1174 2367 1310 2428; x_wconf 86' lang='lat' dir='ltr'>curiosus</span> 
     </span>
     <span class='ocr_line' id='line_1_30' title="bbox 175 2444 578 2525; baseline -0.01 -19"><span class='ocrx_word' id='word_1_258' title='bbox 175 2445 279 2508; x_wconf 83' lang='lat' dir='ltr'>lucram</span> <span class='ocrx_word' id='word_1_259' title='bbox 299 2465 387 2525; x_wconf 83' lang='lat' dir='ltr'>quam</span> <span class='ocrx_word' id='word_1_260' title='bbox 405 2444 578 2506; x_wconf 81' lang='lat' dir='ltr'>Matthaeus.</span> 
     </span>
    </p>
   </div>
   <div class='ocr_carea' id='block_1_18' title="bbox 1095 2595 1102 2624">
    <p class='ocr_par' dir='ltr' id='par_1_19' title="bbox 1095 2595 1102 2624">
     <span class='ocr_line' id='line_1_31' title="bbox 1095 2595 1102 2624; baseline 0 0"><span class='ocrx_word' id='word_1_261' title='bbox 1095 2595 1102 2624; x_wconf 82' lang='lat' dir='ltr'>i</span> 
     </span>
    </p>
   </div>
   <div class='ocr_carea' id='block_1_19' title="bbox 172 2674 1308 2979">
    <p class='ocr_par' dir='ltr' id='par_1_20' title="bbox 172 2674 1308 2979">
     <span class='ocr_line' id='line_1_32' title="bbox 214 2674 1308 2763; baseline -0.003 -17"><span class='ocrx_word' id='word_1_262' title='bbox 214 2682 300 2761; x_wconf 85' lang='lat'><strong>(65.)</strong></span> <span class='ocrx_word' id='word_1_263' title='bbox 342 2674 443 2744; x_wconf 80' lang='lat' dir='ltr'>LUC.</span> <span class='ocrx_word' id='word_1_264' title='bbox 461 2679 548 2744; x_wconf 83' lang='lat' dir='ltr'>Xlll.</span> <span class='ocrx_word' id='word_1_265' title='bbox 588 2677 641 2744; x_wconf 70' lang='lat'>23.</span> <span class='ocrx_word' id='word_1_266' title='bbox 660 2677 715 2742; x_wconf 78' lang='lat' dir='ltr'>Ait</span> <span class='ocrx_word' id='word_1_267' title='bbox 734 2686 840 2742; x_wconf 89' lang='lat' dir='ltr'>autem</span> <span class='ocrx_word' id='word_1_268' title='bbox 862 2675 911 2742; x_wconf 90' lang='lat' dir='ltr'>illi</span> <span class='ocrx_word' id='word_1_269' title='bbox 933 2675 1071 2763; x_wconf 84' lang='lat' dir='ltr'>quidam,</span> <span class='ocrx_word' id='word_1_270' title='bbox 1091 2677 1245 2754; x_wconf 83' lang='lat' dir='ltr'>Domine,</span> <span class='ocrx_word' id='word_1_271' title='bbox 1266 2700 1308 2743; x_wconf 89' lang='lat' dir='ltr'>au</span> 
     </span>
     <span class='ocr_line' id='line_1_33' title="bbox 172 2776 1308 2870; baseline -0.004 -22"><span class='ocrx_word' id='word_1_272' title='bbox 172 2782 268 2870; x_wconf 90' lang='lat' dir='ltr'>pauci</span> <span class='ocrx_word' id='word_1_273' title='bbox 288 2789 379 2856; x_wconf 88' lang='lat' dir='ltr'>sunt,</span> <span class='ocrx_word' id='word_1_274' title='bbox 396 2781 461 2868; x_wconf 48' lang='lat' dir='ltr'>¹qui</span> <span class='ocrx_word' id='word_1_275' title='bbox 482 2776 616 2844; x_wconf 89' lang='lat' dir='ltr'>salutem</span> <span class='ocrx_word' id='word_1_276' title='bbox 638 2783 903 2864; x_wconf 58' lang='lat' dir='ltr'>conseq-untur?</span> <span class='ocrx_word' id='word_1_277' title='bbox 945 2781 1015 2865; x_wconf 88' lang='lat' dir='ltr'>ipse</span> <span class='ocrx_word' id='word_1_278' title='bbox 1037 2789 1140 2842; x_wconf 90' lang='lat' dir='ltr'>autem</span> <span class='ocrx_word' id='word_1_279' title='bbox 1164 2777 1243 2844; x_wconf 76' lang='lat' dir='ltr'>dixit</span> <span class='ocrx_word' id='word_1_280' title='bbox 1265 2779 1308 2844; x_wconf 89' lang='lat' dir='ltr'>od</span> 
     </span>
     <span class='ocr_line' id='line_1_34' title="bbox 172 2869 1308 2979; baseline -0.006 -30"><span class='ocrx_word' id='word_1_281' title='bbox 172 2883 262 2961; x_wconf 86' lang='lat' dir='ltr'>illos,</span> <span class='ocrx_word' id='word_1_282' title='bbox 302 2879 362 2946; x_wconf 58' lang='grc' dir='ltr'>Μ’</span> <span class='ocrx_word' id='word_1_283' title='bbox 383 2877 584 2945; x_wconf 87' lang='lat' dir='ltr'>Contendite</span> <span class='ocrx_word' id='word_1_284' title='bbox 613 2879 732 2944; x_wconf 85' lang='lat' dir='ltr'>intrare</span> <span class='ocrx_word' id='word_1_285' title='bbox 759 2901 818 2979; x_wconf 86' lang='lat' dir='ltr'>per</span> <span class='ocrx_word' id='word_1_286' title='bbox 853 2891 1017 2964; x_wconf 83' lang='lat' dir='ltr'>angustam</span> <span class='ocrx_word' id='word_1_287' title='bbox 1049 2885 1188 2966; x_wconf 84' lang='lat' dir='ltr'>portam,</span> <span class='ocrx_word' id='word_1_288' title='bbox 1230 2869 1308 2966; x_wconf 80' lang='lat' dir='ltr'>quia</span> 
     </span>
    </p>
   </div>
   <div class='ocr_carea' id='block_1_20' title="bbox 92 2976 1153 3068">
    <p class='ocr_par' dir='ltr' id='par_1_21' title="bbox 92 2976 1153 3068">
     <span class='ocr_line' id='line_1_35' title="bbox 92 2976 1153 3068; baseline 0.001 -23"><span class='ocrx_word' id='word_1_289' title='bbox 92 3037 99 3045; x_wconf 92' lang='lat'>.</span> <span class='ocrx_word' id='word_1_290' title='bbox 172 2979 368 3061; x_wconf 73' lang='lat' dir='ltr'>multidico</span> <span class='ocrx_word' id='word_1_291' title='bbox 391 2976 495 3057; x_wconf 85' lang='lat' dir='ltr'>vohis,</span> <span class='ocrx_word' id='word_1_292' title='bbox 515 2989 671 3068; x_wconf 86' lang='lat' dir='ltr'>quaerent</span> <span class='ocrx_word' id='word_1_293' title='bbox 691 2981 826 3059; x_wconf 80' lang='lat' dir='ltr'>intrare,</span> <span class='ocrx_word' id='word_1_294' title='bbox 848 2991 880 3046; x_wconf 89' lang='lat' dir='ltr'>et</span> <span class='ocrx_word' id='word_1_295' title='bbox 901 3002 968 3048; x_wconf 87' lang='lat' dir='ltr'>nuo</span> <span class='ocrx_word' id='word_1_296' title='bbox 991 2990 1153 3068; x_wconf 88' lang='lat' dir='ltr'>poterunt.</span> 
     </span>
    </p>
   </div>
   <div class='ocr_carea' id='block_1_21' title="bbox 171 3135 1342 3613">
    <p class='ocr_par' dir='ltr' id='par_1_22' title="bbox 171 3135 1342 3613">
     <span class='ocr_line' id='line_1_36' title="bbox 248 3135 1304 3219; baseline 0 -21"><span class='ocrx_word' id='word_1_297' title='bbox 248 3135 322 3198; x_wconf 65' lang='lat' dir='ltr'>buci</span> <span class='ocrx_word' id='word_1_298' title='bbox 340 3140 388 3203; x_wconf 60' lang='grc'>23</span> <span class='ocrx_word' id='word_1_299' title='bbox 426 3136 484 3196; x_wconf 78' lang='lat' dir='ltr'>Ait</span> <span class='ocrx_word' id='word_1_300' title='bbox 500 3150 595 3196; x_wconf 69' lang='lat' dir='ltr'>mem</span> <span class='ocrx_word' id='word_1_301' title='bbox 612 3136 659 3196; x_wconf 87' lang='lat' dir='ltr'>illi</span> <span class='ocrx_word' id='word_1_302' title='bbox 675 3137 804 3219; x_wconf 78' lang='lat' dir='ltr'>quidum,</span> <span class='ocrx_word' id='word_1_303' title='bbox 825 3153 875 3200; x_wconf 82' lang='lat' dir='ltr'>ete.</span> <span class='ocrx_word' id='word_1_304' title='bbox 914 3138 1044 3198; x_wconf 81' lang='lat' dir='ltr'>Tametsi</span> <span class='ocrx_word' id='word_1_305' title='bbox 1060 3137 1225 3198; x_wconf 81' lang='lat' dir='ltr'>Matthaeus</span> <span class='ocrx_word' id='word_1_306' title='bbox 1245 3137 1304 3198; x_wconf 88' lang='lat' dir='ltr'>hoc</span> 
     </span>
     <span class='ocr_line' id='line_1_37' title="bbox 173 3214 1342 3304; baseline -0.003 -24"><span class='ocrx_word' id='word_1_307' title='bbox 173 3215 285 3288; x_wconf 82' lang='lat' dir='ltr'>Christi</span> <span class='ocrx_word' id='word_1_308' title='bbox 308 3233 482 3293; x_wconf 84' lang='lat' dir='ltr'>responsum</span> <span class='ocrx_word' id='word_1_309' title='bbox 506 3214 585 3274; x_wconf 89' lang='lat' dir='ltr'>inter</span> <span class='ocrx_word' id='word_1_310' title='bbox 608 3214 678 3276; x_wconf 89' lang='lat' dir='ltr'>alias</span> <span class='ocrx_word' id='word_1_311' title='bbox 708 3216 901 3277; x_wconf 77' lang='lat' dir='ltr'>concionalet</span> <span class='ocrx_word' id='word_1_312' title='bbox 927 3215 1086 3276; x_wconf 86' lang='lat' dir='ltr'>sententias</span> <span class='ocrx_word' id='word_1_313' title='bbox 1112 3215 1217 3274; x_wconf 78' lang='lat' dir='ltr'>recitat</span> <span class='ocrx_word' id='word_1_314' title='bbox 1241 3237 1304 3276; x_wconf 90' lang='lat' dir='ltr'>uno</span> <span class='ocrx_word' id='word_1_315' title='bbox 1319 3275 1342 3304; x_wconf 54' lang='lat' dir='ltr'>a</span> 
     </span>
     <span class='ocr_line' id='line_1_38' title="bbox 173 3289 1305 3372; baseline -0.003 -17"><span class='ocrx_word' id='word_1_316' title='bbox 173 3289 535 3365; x_wconf 59' lang='lat' dir='ltr'>contextu„occasionem</span> <span class='ocrx_word' id='word_1_317' title='bbox 554 3301 652 3352; x_wconf 88' lang='lat' dir='ltr'>tamen</span> <span class='ocrx_word' id='word_1_318' title='bbox 672 3291 714 3352; x_wconf 89' lang='lat' dir='ltr'>sic</span> <span class='ocrx_word' id='word_1_319' title='bbox 734 3293 876 3372; x_wconf 87' lang='lat' dir='ltr'>loquendi</span> <span class='ocrx_word' id='word_1_320' title='bbox 897 3293 992 3358; x_wconf 87' lang='lat' dir='ltr'>datam</span> <span class='ocrx_word' id='word_1_321' title='bbox 1013 3292 1040 3350; x_wconf 93' lang='lat' dir='ltr'>ei</span> <span class='ocrx_word' id='word_1_322' title='bbox 1061 3292 1149 3352; x_wconf 87' lang='lat' dir='ltr'>luisse</span> <span class='ocrx_word' id='word_1_323' title='bbox 1169 3292 1305 3370; x_wconf 84' lang='lat' dir='ltr'>suspicor</span> 
     </span>
     <span class='ocr_line' id='line_1_39' title="bbox 173 3357 1303 3451; baseline 0.001 -22"><span class='ocrx_word' id='word_1_324' title='bbox 173 3391 207 3429; x_wconf 83' lang='lat' dir='ltr'>ex</span> <span class='ocrx_word' id='word_1_325' title='bbox 233 3367 381 3451; x_wconf 82' lang='lat' dir='ltr'>praesenti</span> <span class='ocrx_word' id='word_1_326' title='bbox 407 3365 651 3450; x_wconf 80' lang='lat' dir='ltr'>interrogitione.</span> <span class='ocrx_word' id='word_1_327' title='bbox 695 3369 793 3430; x_wconf 86' lang='lat' dir='ltr'>Porro</span> <span class='ocrx_word' id='word_1_328' title='bbox 819 3357 903 3430; x_wconf 85' lang='lat' dir='ltr'>huius</span> <span class='ocrx_word' id='word_1_329' title='bbox 930 3369 1108 3448; x_wconf 75' lang='lat' dir='ltr'>quaestionis</span> <span class='ocrx_word' id='word_1_330' title='bbox 1138 3370 1303 3430; x_wconf 82' lang='lat' dir='ltr'>movendae</span> 
     </span>
     <span class='ocr_line' id='line_1_40' title="bbox 171 3443 1304 3526; baseline 0 -20"><span class='ocrx_word' id='word_1_331' title='bbox 171 3446 288 3508; x_wconf 81' lang='lat' dir='ltr'>ridetur</span> <span class='ocrx_word' id='word_1_332' title='bbox 307 3443 394 3509; x_wconf 85' lang='lat' dir='ltr'>luisse</span> <span class='ocrx_word' id='word_1_333' title='bbox 413 3444 502 3520; x_wconf 91' lang='lat' dir='ltr'>ratio,</span> <span class='ocrx_word' id='word_1_334' title='bbox 521 3445 600 3526; x_wconf 90' lang='lat' dir='ltr'>quod</span> <span class='ocrx_word' id='word_1_335' title='bbox 622 3443 770 3520; x_wconf 77' lang='lat' dir='ltr'>Christus,</span> <span class='ocrx_word' id='word_1_336' title='bbox 791 3447 841 3526; x_wconf 88' lang='lat' dir='ltr'>qui</span> <span class='ocrx_word' id='word_1_337' title='bbox 860 3467 890 3508; x_wconf 85' lang='lat' dir='ltr'>se</span> <span class='ocrx_word' id='word_1_338' title='bbox 910 3446 987 3506; x_wconf 84' lang='lat' dir='ltr'>vitae</span> <span class='ocrx_word' id='word_1_339' title='bbox 1008 3457 1159 3508; x_wconf 88' lang='lat' dir='ltr'>auctorem</span> <span class='ocrx_word' id='word_1_340' title='bbox 1179 3445 1304 3524; x_wconf 87' lang='lat' dir='ltr'>prolite-</span> 
     </span>
     <span class='ocr_line' id='line_1_41' title="bbox 172 3519 1302 3613; baseline -0.004 -27"><span class='ocrx_word' id='word_1_341' title='bbox 172 3523 274 3598; x_wconf 91' lang='lat' dir='ltr'>batnr,</span> <span class='ocrx_word' id='word_1_342' title='bbox 302 3519 349 3581; x_wconf 83' lang='lat' dir='ltr'>vix</span> <span class='ocrx_word' id='word_1_343' title='bbox 369 3540 477 3601; x_wconf 88' lang='lat' dir='ltr'>paucos</span> <span class='ocrx_word' id='word_1_344' title='bbox 497 3520 656 3602; x_wconf 85' lang='lat' dir='ltr'>discipulos</span> <span class='ocrx_word' id='word_1_345' title='bbox 676 3523 819 3606; x_wconf 79' lang='lat' dir='ltr'>colligere</span> <span class='ocrx_word' id='word_1_346' title='bbox 839 3535 964 3604; x_wconf 83' lang='lat' dir='ltr'>poterat</span> <span class='ocrx_word' id='word_1_347' title='bbox 1004 3521 1108 3583; x_wconf 82' lang='lat' dir='ltr'>Videri</span> <span class='ocrx_word' id='word_1_348' title='bbox 1127 3525 1225 3582; x_wconf 75' lang='lat' dir='ltr'>autem</span> <span class='ocrx_word' id='word_1_349' title='bbox 1245 3544 1302 3613; x_wconf 85' lang='lat' dir='ltr'>po-</span> 
     </span>
    </p>
   </div>
   <div class='ocr_carea' id='block_1_22' title="bbox 62 3599 1302 3682">
    <p class='ocr_par' dir='ltr' id='par_1_23' title="bbox 62 3599 1302 3682">
     <span class='ocr_line' id='line_1_42' title="bbox 62 3599 1302 3682; baseline -0.001 -21"><span class='ocrx_word' id='word_1_350' title='bbox 62 3629 65 3643; x_wconf 87' lang='lat'>·</span> <span class='ocrx_word' id='word_1_351' title='bbox 171 3611 261 3676; x_wconf 86' lang='lat' dir='ltr'>terat,</span> <span class='ocrx_word' id='word_1_352' title='bbox 277 3599 379 3682; x_wconf 81' lang='lat' dir='ltr'>exigua</span> <span class='ocrx_word' id='word_1_353' title='bbox 400 3599 550 3660; x_wconf 87' lang='lat' dir='ltr'>hominum</span> <span class='ocrx_word' id='word_1_354' title='bbox 572 3621 659 3658; x_wconf 89' lang='lat' dir='ltr'>manu</span> <span class='ocrx_word' id='word_1_355' title='bbox 678 3613 800 3676; x_wconf 86' lang='lat' dir='ltr'>servata,</span> <span class='ocrx_word' id='word_1_356' title='bbox 819 3612 913 3661; x_wconf 89' lang='lat' dir='ltr'>totam</span> <span class='ocrx_word' id='word_1_357' title='bbox 933 3599 1093 3660; x_wconf 81' lang='lat' dir='ltr'>Ecclesiam</span> <span class='ocrx_word' id='word_1_358' title='bbox 1113 3621 1228 3679; x_wconf 87' lang='lat' dir='ltr'>pessum</span> <span class='ocrx_word' id='word_1_359' title='bbox 1249 3621 1302 3660; x_wconf 83' lang='lat' dir='ltr'>are.</span> 
     </span>
    </p>
   </div>
   <div class='ocr_carea' id='block_1_23' title="bbox 169 3673 1322 4226">
    <p class='ocr_par' dir='ltr' id='par_1_24' title="bbox 169 3673 1322 4226">
     <span class='ocr_line' id='line_1_43' title="bbox 172 3673 1307 3758; baseline 0 -22"><span class='ocrx_word' id='word_1_360' title='bbox 172 3678 282 3738; x_wconf 86' lang='lat' dir='ltr'>Totnnr</span> <span class='ocrx_word' id='word_1_361' title='bbox 304 3675 382 3736; x_wconf 87' lang='lat' dir='ltr'>enim</span> <span class='ocrx_word' id='word_1_362' title='bbox 402 3673 546 3756; x_wconf 90' lang='lat' dir='ltr'>populum</span> <span class='ocrx_word' id='word_1_363' title='bbox 565 3675 663 3752; x_wconf 89' lang='lat' dir='ltr'>illum,</span> <span class='ocrx_word' id='word_1_364' title='bbox 695 3678 772 3758; x_wconf 89' lang='lat' dir='ltr'>apud</span> <span class='ocrx_word' id='word_1_365' title='bbox 792 3699 879 3758; x_wconf 88' lang='lat' dir='ltr'>quern</span> <span class='ocrx_word' id='word_1_366' title='bbox 899 3697 960 3736; x_wconf 85' lang='lat' dir='ltr'>nou</span> <span class='ocrx_word' id='word_1_367' title='bbox 980 3699 1024 3736; x_wconf 89' lang='lat' dir='ltr'>ma</span> <span class='ocrx_word' id='word_1_368' title='bbox 1049 3697 1164 3756; x_wconf 88' lang='lat' dir='ltr'>nopere</span> <span class='ocrx_word' id='word_1_369' title='bbox 1183 3675 1307 3757; x_wconf 85' lang='lat' dir='ltr'>vigebat</span> 
     </span>
     <span class='ocr_line' id='line_1_44' title="bbox 173 3697 1303 3846; baseline -0.001 -31"><span class='ocrx_word' id='word_1_370' title='bbox 173 3753 282 3816; x_wconf 82' lang='lat' dir='ltr'>Christi</span> <span class='ocrx_word' id='word_1_371' title='bbox 302 3752 452 3825; x_wconf 89' lang='lat' dir='ltr'>doctrina,</span> <span class='ocrx_word' id='word_1_372' title='bbox 472 3751 533 3811; x_wconf 90' lang='lat' dir='ltr'>imo</span> <span class='ocrx_word' id='word_1_373' title='bbox 553 3771 569 3813; x_wconf 90' lang='lat' dir='ltr'>a</span> <span class='ocrx_word' id='word_1_374' title='bbox 590 3771 649 3846; x_wconf 75' lang='lat' dir='ltr'>quo</span> <span class='ocrx_word' id='word_1_375' title='bbox 669 3755 776 3832; x_wconf 88' lang='lat' dir='ltr'>passim</span> <span class='ocrx_word' id='word_1_376' title='bbox 795 3754 997 3834; x_wconf 81' lang='lat' dir='ltr'>respuebatur,</span> <span class='ocrx_word' id='word_1_377' title='bbox 1020 3697 1102 3814; x_wconf 69' lang='lat' dir='ltr'>licus</span> <span class='ocrx_word' id='word_1_378' title='bbox 1124 3753 1205 3832; x_wconf 89' lang='lat' dir='ltr'>quasi</span> <span class='ocrx_word' id='word_1_379' title='bbox 1225 3753 1303 3814; x_wconf 86' lang='lat' dir='ltr'>vitae</span> 
     </span>
     <span class='ocr_line' id='line_1_45' title="bbox 170 3829 1305 3914; baseline 0.001 -23"><span class='ocrx_word' id='word_1_380' title='bbox 170 3830 327 3891; x_wconf 87' lang='lat' dir='ltr'>haeredem</span> <span class='ocrx_word' id='word_1_381' title='bbox 348 3829 547 3908; x_wconf 79' lang='lat' dir='ltr'>adoptaverat</span> <span class='ocrx_word' id='word_1_382' title='bbox 587 3829 698 3889; x_wconf 78' lang='lat' dir='ltr'>hadem</span> <span class='ocrx_word' id='word_1_383' title='bbox 718 3843 749 3890; x_wconf 90' lang='lat' dir='ltr'>et</span> <span class='ocrx_word' id='word_1_384' title='bbox 767 3832 866 3908; x_wconf 88' lang='lat' dir='ltr'>nobis,</span> <span class='ocrx_word' id='word_1_385' title='bbox 884 3831 1001 3911; x_wconf 85' lang='lat' dir='ltr'>quoties</span> <span class='ocrx_word' id='word_1_386' title='bbox 1021 3851 1189 3914; x_wconf 78' lang='lat' dir='ltr'>perversum</span> <span class='ocrx_word' id='word_1_387' title='bbox 1201 3833 1305 3892; x_wconf 88' lang='lat' dir='ltr'>mundi</span> 
     </span>
     <span class='ocr_line' id='line_1_46' title="bbox 169 3905 1304 3998; baseline 0.002 -32"><span class='ocrx_word' id='word_1_388' title='bbox 169 3919 275 3968; x_wconf 84' lang='lat' dir='ltr'>statum</span> <span class='ocrx_word' id='word_1_389' title='bbox 296 3906 452 3979; x_wconf 84' lang='lat' dir='ltr'>cernimus,</span> <span class='ocrx_word' id='word_1_390' title='bbox 470 3905 590 3986; x_wconf 90' lang='lat' dir='ltr'>obrepit</span> <span class='ocrx_word' id='word_1_391' title='bbox 608 3905 764 3984; x_wconf 87' lang='lat' dir='ltr'>dubitatio,</span> <span class='ocrx_word' id='word_1_392' title='bbox 785 3909 855 3987; x_wconf 91' lang='lat' dir='ltr'>quid</span> <span class='ocrx_word' id='word_1_393' title='bbox 875 3908 932 3968; x_wconf 84' lang='lat' dir='ltr'>hoc</span> <span class='ocrx_word' id='word_1_394' title='bbox 946 3907 1001 3968; x_wconf 89' lang='lat' dir='ltr'>sibi</span> <span class='ocrx_word' id='word_1_395' title='bbox 1015 3910 1096 3980; x_wconf 84' lang='lat' dir='ltr'>velit,</span> <span class='ocrx_word' id='word_1_396' title='bbox 1117 3908 1197 3998; x_wconf 82' lang='lat' dir='ltr'>qnod</span> <span class='ocrx_word' id='word_1_397' title='bbox 1208 3909 1304 3968; x_wconf 88' lang='lat' dir='ltr'>maior</span> 
     </span>
     <span class='ocr_line' id='line_1_47' title="bbox 171 3982 1301 4120; baseline 0.002 -77"><span class='ocrx_word' id='word_1_398' title='bbox 171 4004 238 4120; x_wconf 75' lang='lat' dir='ltr'>pars</span> <span class='ocrx_word' id='word_1_399' title='bbox 263 3983 387 4044; x_wconf 87' lang='lat' dir='ltr'>alienam</span> <span class='ocrx_word' id='word_1_400' title='bbox 415 3993 445 4042; x_wconf 88' lang='lat' dir='ltr'>et</span> <span class='ocrx_word' id='word_1_401' title='bbox 470 3982 684 4044; x_wconf 79' lang='lat' dir='ltr'>dissentaneum</span> <span class='ocrx_word' id='word_1_402' title='bbox 711 3983 747 4044; x_wconf 89' lang='lat' dir='ltr'>ah</span> <span class='ocrx_word' id='word_1_403' title='bbox 767 3986 932 4068; x_wconf 81' lang='lat' dir='ltr'>Evangelio</span> <span class='ocrx_word' id='word_1_404' title='bbox 953 3985 1028 4044; x_wconf 85' lang='lat' dir='ltr'>viam</span> <span class='ocrx_word' id='word_1_405' title='bbox 1047 3996 1187 4064; x_wconf 80' lang='lat' dir='ltr'>sequatur.</span> <span class='ocrx_word' id='word_1_406' title='bbox 1227 3986 1301 4046; x_wconf 89' lang='lat' dir='ltr'>Ideo</span> 
     </span>
     <span class='ocr_line' id='line_1_48' title="bbox 185 4059 1302 4136; baseline 0.002 -16"><span class='ocrx_word' id='word_1_407' title='bbox 185 4059 305 4122; x_wconf 70' lang='lat' dir='ltr'>“ansam</span> <span class='ocrx_word' id='word_1_408' title='bbox 324 4079 490 4122; x_wconf 80' lang='lat' dir='ltr'>sennonem</span> <span class='ocrx_word' id='word_1_409' title='bbox 511 4060 547 4119; x_wconf 89' lang='lat' dir='ltr'>ad</span> <span class='ocrx_word' id='word_1_410' title='bbox 568 4079 669 4120; x_wconf 85' lang='lat' dir='ltr'>ornnes</span> <span class='ocrx_word' id='word_1_411' title='bbox 689 4075 865 4124; x_wconf 86' lang='lat' dir='ltr'>convertens</span> <span class='ocrx_word' id='word_1_412' title='bbox 885 4063 1018 4122; x_wconf 87' lang='lat' dir='ltr'>hortatus</span> <span class='ocrx_word' id='word_1_413' title='bbox 1038 4073 1096 4136; x_wconf 91' lang='lat' dir='ltr'>est,</span> <span class='ocrx_word' id='word_1_414' title='bbox 1121 4072 1154 4120; x_wconf 87' lang='lat' dir='ltr'>ut</span> <span class='ocrx_word' id='word_1_415' title='bbox 1174 4075 1302 4122; x_wconf 89' lang='lat' dir='ltr'>conten-</span> 
     </span>
     <span class='ocr_line' id='line_1_49' title="bbox 170 4137 1322 4226; baseline 0.003 -30"><span class='ocrx_word' id='word_1_416' title='bbox 170 4137 275 4196; x_wconf 91' lang='lat' dir='ltr'>derent</span> <span class='ocrx_word' id='word_1_417' title='bbox 294 4137 405 4198; x_wconf 86' lang='lat' dir='ltr'>intrare</span> <span class='ocrx_word' id='word_1_418' title='bbox 418 4157 476 4210; x_wconf 78' lang='lat' dir='ltr'>par·</span> <span class='ocrx_word' id='word_1_419' title='bbox 492 4151 645 4212; x_wconf 57' lang='lat' dir='ltr'>weram</span> <span class='ocrx_word' id='word_1_420' title='bbox 658 4151 784 4212; x_wconf 65' lang='lat' dir='ltr'>perenm.</span> <span class='ocrx_word' id='word_1_421' title='bbox 825 4139 942 4215; x_wconf 85' lang='lat' dir='ltr'>Quibus</span> <span class='ocrx_word' id='word_1_422' title='bbox 966 4139 1064 4200; x_wconf 87' lang='lat' dir='ltr'>verbis</span> <span class='ocrx_word' id='word_1_423' title='bbox 1088 4156 1156 4199; x_wconf 86' lang='lat' dir='ltr'>suos</span> <span class='ocrx_word' id='word_1_424' title='bbox 1178 4159 1197 4198; x_wconf 85' lang='lat' dir='ltr'>a</span> <span class='ocrx_word' id='word_1_425' title='bbox 1214 4141 1322 4226; x_wconf 54' lang='lat' dir='ltr'>stultax</span> 
     </span>
    </p>
   </div>
   <div class='ocr_carea' id='block_1_24' title="bbox 162 4211 1302 4308">
    <p class='ocr_par' dir='ltr' id='par_1_25' title="bbox 162 4211 1302 4308">
     <span class='ocr_line' id='line_1_50' title="bbox 162 4211 1302 4308; baseline 0.002 -34"><span class='ocrx_word' id='word_1_426' title='bbox 162 4211 340 4274; x_wconf 85' lang='lat' dir='ltr'>curiositate</span> <span class='ocrx_word' id='word_1_427' title='bbox 360 4211 505 4273; x_wconf 88' lang='lat' dir='ltr'>abducere</span> <span class='ocrx_word' id='word_1_428' title='bbox 526 4211 634 4288; x_wconf 82' lang='lat' dir='ltr'>voluit,</span> <span class='ocrx_word' id='word_1_429' title='bbox 663 4235 738 4305; x_wconf 77' lang='lat' dir='ltr'>quae</span> <span class='ocrx_word' id='word_1_430' title='bbox 763 4216 921 4308; x_wconf 79' lang='lat' dir='ltr'>plerosque</span> <span class='ocrx_word' id='word_1_431' title='bbox 946 4228 1078 4276; x_wconf 86' lang='lat' dir='ltr'>moratur</span> <span class='ocrx_word' id='word_1_432' title='bbox 1104 4227 1134 4276; x_wconf 90' lang='lat' dir='ltr'>et</span> <span class='ocrx_word' id='word_1_433' title='bbox 1159 4215 1302 4298; x_wconf 77' lang='lat' dir='ltr'>implicit,</span> 
     </span>
    </p>
   </div>
   <div class='ocr_carea' id='block_1_25' title="bbox 171 4286 1302 4448">
    <p class='ocr_par' dir='ltr' id='par_1_26' title="bbox 171 4286 1302 4448">
     <span class='ocr_line' id='line_1_51' title="bbox 171 4286 1302 4428; baseline 0.007 -82"><span class='ocrx_word' id='word_1_434' title='bbox 171 4286 221 4366; x_wconf 86' lang='lat' dir='ltr'>qui</span> <span class='ocrx_word' id='word_1_435' title='bbox 242 4287 503 4428; x_wconf 69' lang='lat' dir='ltr'>circumspiciunt,</span> <span class='ocrx_word' id='word_1_436' title='bbox 525 4311 562 4381; x_wconf 73' lang='lat' dir='ltr'>an</span> <span class='ocrx_word' id='word_1_437' title='bbox 585 4313 617 4372; x_wconf 81' lang='lat' dir='ltr'>sc</span> <span class='ocrx_word' id='word_1_438' title='bbox 643 4291 692 4353; x_wconf 85' lang='lat' dir='ltr'>alat</span> <span class='ocrx_word' id='word_1_439' title='bbox 718 4305 839 4354; x_wconf 75' lang='lat' dir='ltr'>cometes</span> <span class='ocrx_word' id='word_1_440' title='bbox 864 4294 1041 4376; x_wconf 76' lang='lat' dir='ltr'>adiungunt,</span> <span class='ocrx_word' id='word_1_441' title='bbox 1072 4295 1152 4384; x_wconf 82' lang='lat' dir='ltr'>qnasi</span> <span class='ocrx_word' id='word_1_442' title='bbox 1177 4295 1302 4354; x_wconf 88' lang='lat' dir='ltr'>salutem</span> 
     </span>
     <span class='ocr_line' id='line_1_52' title="bbox 171 4365 1301 4448; baseline 0.006 -22"><span class='ocrx_word' id='word_1_443' title='bbox 171 4383 313 4448; x_wconf 82' lang='lat' dir='ltr'>consequa</span> <span class='ocrx_word' id='word_1_444' title='bbox 332 4385 372 4430; x_wconf 91' lang='lat' dir='ltr'>no</span> <span class='ocrx_word' id='word_1_445' title='bbox 386 4376 429 4428; x_wconf 82' lang='lat' dir='ltr'>ant</span> <span class='ocrx_word' id='word_1_446' title='bbox 448 4389 504 4429; x_wconf 80' lang='lat' dir='ltr'>nur</span> <span class='ocrx_word' id='word_1_447' title='bbox 523 4389 553 4428; x_wconf 85' lang='lat' dir='ltr'>an</span> <span class='ocrx_word' id='word_1_448' title='bbox 574 4365 668 4430; x_wconf 86' lang='lat' dir='ltr'>turha.</span> <span class='ocrx_word' id='word_1_449' title='bbox 707 4371 785 4434; x_wconf 89' lang='lat' dir='ltr'>Dum</span> <span class='ocrx_word' id='word_1_450' title='bbox 811 4382 924 4434; x_wconf 87' lang='lat' dir='ltr'>certare</span> <span class='ocrx_word' id='word_1_451' title='bbox 949 4369 996 4434; x_wconf 76' lang='lat' dir='ltr'>vel</span> <span class='ocrx_word' id='word_1_452' title='bbox 1016 4372 1089 4432; x_wconf 79' lang='lat' dir='ltr'>onita</span> <span class='ocrx_word' id='word_1_453' title='bbox 1108 4369 1206 4447; x_wconf 86' lang='lat' dir='ltr'>iubet,</span> <span class='ocrx_word' id='word_1_454' title='bbox 1240 4393 1301 4433; x_wconf 88' lang='lat' dir='ltr'>nou</span> 
     </span>
    </p>
   </div>
   <div class='ocr_carea' id='block_1_26' title="bbox 0 0 1388 4834">
    <p class='ocr_par' dir='ltr' id='par_1_27' title="bbox 0 0 1388 4834">
     <span class='ocr_line' id='line_1_53' title="bbox 0 0 1388 4834; baseline 0 3"><span class='ocrx_word' id='word_1_455' title='bbox 0 0 1388 4834; x_wconf 95' lang='lat' dir='ltr'> </span> 
     </span>
    </p>
   </div>
  </div>
 </body>
</html>
