2764 4854
255 254 423 332 (218-20.
464 247 598 314 Christus
617 233 765 334 discipulis
785 252 933 332 apparet)
1116 255 1175 318 4⁰5

96 411 142 472 38·
182 401 264 491 (tuta
279 403 386 466 :ardut
401 407 487 464 estis?
545 404 598 465 ilis
623 403 897 466 verbis-monentur
916 424 933 464 a
951 415 1068 464 terrore
1079 401 1175 463 colli·
1282 454 1286 464 .

49 505 92 544 ere
111 495 222 544 mentes
241 504 316 556 suas,
336 494 368 541 ut
387 494 510 561 recepto
534 502 671 540 sensuum
694 482 798 564 vigore
824 481 861 540 de
884 501 917 540 re
943 479 999 542 sibi
1023 491 1174 560 consperto

49 561 156 620 :dicent
196 559 296 633 Quam
315 557 366 620 diu
385 558 463 625 enim
484 558 617 618 homines
638 569 764 638 occupat
775 557 970 638 perturbatio,
989 557 1020 615 in
1037 555 1174 617 lucenna-

49 638 125 697 ilesta
143 636 322 697 caecutiunt.
346 637 430 720 Ergo
444 646 478 693 nt
490 646 599 696 certam
619 633 755 694 notitiam
775 633 944 714 concipiant
963 631 1108 769 discipuli,
1129 633 1174 692 iu-

49 725 129 772 entur
145 733 209 773 rem
226 710 335 774 sedatis
356 723 386 772 et
405 710 699 791 compositis'animis
718 731 752 771 ex
773 712 894 782 endere.
930 709 1028 771 Secun
1051 728 1175 770 omem-

49 811 78 850 ιο
99 789 229 848 Christus
248 787 327 849 aliud
345 788 448 848 vitium
468 787 537 847 casti
559 799 599 862 at,
618 789 699 868 quod
711 731 823 848 scib'cet
832 786 1005 848 alternando
1025 785 1104 844 inter
1122 804 1174 846 va-

49 888 77 926 as
97 865 291 948 cogitationes
310 885 341 925 sc
360 865 439 944 ipsos
458 807 629 954 impediant.
667 863 750 924 Dicit
769 875 877 936 autem,
894 861 1046 924 ιιιαιιιᾶιιιι
1063 865 1175 939 cogitu-

49 965 124 1018 rnes,
148 941 314 1024 significans
337 941 401 1002 veri
425 941 561 1002 notitiam
581 941 612 1000 in
631 941 702 1021 ipsis
725 941 795 1002 ideo
814 940 970 1015 sulsocari,
994 950 1027 998 ut
1045 938 1175 1007 videndo

49 1041 83 1080 nn
102 1019 231 1080 videant:
252 1019 320 1096 quia
339 1038 402 1079 non
421 1017 563 1079 cohibent
581 1037 732 1098 perversas
749 1017 986 1100 imaginationes,
1004 1015 1056 1076 sed
1075 1016 1176 1096 potius

49 1117 135 1156 nsum
153 1094 209 1155 illis
228 1081 380 1172 laxando,'
393 1094 425 1156 iu
444 1093 546 1155 locum
565 1093 749 1174 superiorem
768 1092 916 1154 attollunt
960 1095 1000 1153 Et
1019 1103 1099 1154 certe
1119 1112 1175 1152 uos

49 1193 78 1234 :c
98 1172 181 1232 nimis
199 1192 301 1232 verum
321 1171 585 1251 esse'experimur,
613 1171 859 1250 quemadmodum
878 1169 1022 1244 nebulae,
1045 1167 1069 1229 si
1087 1187 1176 1228 mane
1268 1181 1271 1188 ⁴

49 1269 153 1309 :renum
173 1247 263 1308 suerit
281 1246 409 1321 coelum,
427 1267 546 1308 sursum·
560 1245 654 1308 elatae
673 1245 781 1307 claram
800 1248 870 1307 solis
889 1247 985 1306 lucem
1005 1245 1176 1320 obscurant,

49 1347 61 1386 ι
81 1326 147 1385 dum
167 1325 274 1386 uostris
293 1324 456 1386 rationibus
475 1325 561 1386 nimis
581 1323 675 1384 libere
695 1336 799 1384 contra
809 1324 868 1384 Dei
880 1321 1002 1385 verbum
1021 1323 1176 1404 insurgere

49 1402 224 1476 ermittimus,
244 1401 500 1481 quodantenobis
521 1400 712 1480 conspicumn
732 1411 806 1476 erat,
826 1421 861 1460 ex
873 1397 965 1462 oculis
976 1398 1085 1460 nostris
1103 1395 1175 1458 sub·-
1218 1409 1221 1414 ’
1331 1431 1332 1438 1

49 1479 97 1538 rei.
134 1478 218 1539 Licet
228 1479 357 1558 quidem,
376 1477 428 1538 nbi
441 1477 537 1557 aliqua
549 1476 733 1538 absurditatis
753 1499 766 1536 s
789 1477 865 1539 ecies
885 1475 1024 1551 occurrit,
1044 1473 1177 1554 expensis

49 1558 91 1614 inc
110 1555 179 1614 inde
202 1553 367 1616 rationibus
391 1555 568 1635 disquirere:
593 1575 650 1614 nec
668 1553 733 1614 lieri
753 1498 838 1614 aliter
856 1563 971 1633 potest,
996 1550 1068 1630 quin
1087 1550 1176 1610 rebus

49 1631 117 1692 rbiis
137 1632 192 1695 lure
212 1643 243 1691 et
261 1629 332 1692 illuc
350 1643 505 1694 versentur
522 1641 636 1691 mentes
655 1641 791 1706 nostrae,
809 1631 861 1690 sed
880 1628 1025 1690 tenendus
1045 1637 1090 1687 est
1108 1647 1176 1686 mo-

49 1731 73 1769 rs
94 1717 124 1768 et
141 1707 297 1783 sobrietas,
314 1729 353 1769 ne
372 1708 457 1768 altius
477 1729 565 1788 quaxn
584 1717 705 1787 oportet
722 1727 754 1768 se
775 1705 881 1768 efferat
897 1724 980 1782 caro,
998 1715 1103 1764 etsuas
1123 1722 1176 1766 co-

49 1786 178 1845 itatioues
218 1784 302 1846 rocul
320 1783 353 1844 in
372 1784 489 1846 eoelum
514 1783 637 1846 emittat.
1068 1839 1071 1844 .

99 1867 146 1927 39.
188 1805 293 1922 didm
314 1883 418 1922 ιιιιιιιιιι
439 1881 528 1922 meas.
589 1859 769 1940 Corporales
798 1879 903 1922 eorum
917 1857 1034 1920 'sensns
1058 1853 1179 1946 adhibet

49 1949 121 2014 estes,
139 1958 177 1999 ne
196 1937 330 1998 umbram
349 1937 405 1998 sibi
429 1949 536 2017 putent
559 1957 616 2019 pro
636 1955 766 2028 corpore
785 1935 886 1999 obiici.
929 1936 975 1996 Ac
995 1932 1091 2013 primo
1111 1953 1178 2012 qur-

49 2036 90 2075 em
111 2034 287 2093 corporeum
306 2015 456 2076 bominem
476 2035 493 2075 a
511 2014 617 2094 spiritu
637 2013 804 2096 distinguit:
824 2013 883 2076 acsi
901 2010 1024 2086 diceret,
1042 2009 1130 2069 Visus
1144 2017 1177 2068 ct

49 2104 114 2152 ctus
133 2091 304 2170 probabunt
327 2113 375 2152 me
401 2111 464 2152 esse
488 2111 591 2151 verum
608 2089 777 2166 bominem,
801 2090 853 2168 qui
877 2089 1002 2150 antebac
1025 2085 1179 2149 vobiscum

49 2180 149 2230 :rsatus
168 2187 246 2228 sum:
272 2169 341 2248 quia
367 2188 455 2230 carne
480 2167 531 2227 illa
549 2188 612 2227 sum
632 2167 766 2240 indutus,
791 2185 866 2245 quae
889 2163 1025 2226 crucifixa
1049 2161 1121 2236 luit,
1147 2171 1179 2222 et

49 2246 115 2326 lbuc
134 2255 222 2306 notas
239 2257 342 2326 gestat
372 2243 469 2304 Porro
490 2263 580 2323 quum
593 2241 726 2302 Christus
736 2240 883 2332 palpabile
895 2254 957 2301 esse
967 2257 1074 2328 corpus
1093 2257 1178 2296 surm:
1225 2268 1229 2277 2

49 2320 195 2382 ronuntiet
220 2333 250 2382 ct
273 2319 374 2382 solidis
400 2321 512 2381 ossibus
532 2329 733 2455 comphactum,
763 2318 866 2397 brsque
892 2315 971 2376 notis
995 2314 1140 2374 discernat
1158 2333 1178 2372 a

49 2397 135 2471 riritu,
149 2397 226 2456 scite
246 2409 277 2458 et
294 2419 364 2460 rere
384 2398 525 2460 adductus
545 2407 588 2458 est
629 2395 656 2456 ic
675 2393 758 2454 locus
783 2415 800 2458 a
825 2393 932 2454 uostris
952 2388 1120 2451 bominibus
1139 2389 1177 2450 ad

49 2473 216 2534 :lelleudum
236 2495 362 2536 crassum
382 2493 514 2534 errorem
535 2469 573 2534 de
589 2469 912 2532 transsubstantiatione
924 2468 1007 2549 panis
1017 2467 1049 2526 in
1060 2485 1179 2545 corpus,

49 2550 68 2612 :l
89 2551 124 2610 de
144 2550 233 2610 locali
252 2571 305 2612 cor
327 2551 387 2614 oris
427 2549 582 2624 raesentia,
603 2568 673 2629 quas
693 2545 826 2608 homines
842 2543 1026 2626 praeposteri
1045 2543 1078 2602 in
1096 2561 1179 2602 sacra

50 2647 127 2688 oeua
146 2626 272 2718 fingunt
338 2649 385 2688 am
403 2571 465 2688 illic
484 2621 589 2688 volunt
609 2643 671 2686 esre
698 2621 810 2684 Christi
836 2641 960 2702 corpus,
987 2619 1039 2680 ubi
1064 2617 1178 2680 nullum

49 2703 156 2784 ›rporis
175 2724 292 2786 signum
311 2715 447 2785 apparet:
470 2705 528 2764 hoc
547 2713 646 2762 autem
663 2701 756 2761 modo
775 2711 925 2778 sequetur,
944 2709 1078 2758 naturam
1096 2716 1177 2756 suam

51 2793 156 2854 utasse,
174 2791 209 2839 ut
227 2799 290 2841 esse
310 2779 430 2841 desierit
471 2779 531 2840 uod
549 2792 623 2854 erat,
642 2789 673 2838 et
692 2775 770 2838 unde
789 2775 830 2838 ab
847 2777 912 2856 ipso
925 2773 1045 2848 Christo
1065 2771 1177 2852 proba-

49 2881 68 2918 ,ι
87 2877 188 2918 verum
209 2876 272 2917 esse
292 2877 409 2938 corpus.
448 2801 481 2916 gi
501 2867 606 2917 contra
626 2853 786 2935 excipiant,
811 2853 886 2912 latus
904 2863 975 2912 tunc
994 2849 1083 2908 luisse
1103 2867 1178 2908 cou-

49 2955 118 3008 rum,
137 2933 228 3012 pedes
247 2932 397 2994 clavorum
415 2932 587 2993 vulneribus
606 2931 694 2992 tuus
712 2931 891 3011 perforatos,
909 2941 997 3007 atque
1008 2925 1095 2987 etiam
1114 2945 1178 2986 ma-

49 3035 85 3086 rs,
104 3031 184 3070 nunc
204 3021 301 3070 autem
320 3009 452 3071 illaesum
473 3021 505 3069 et
523 3009 670 3098 integrum
683 3008 714 3067 iu
729 3007 816 3068 coelo
830 3025 893 3070 csse
906 3003 1071 3064 Christum:
1091 3001 1180 3064 facilc
1208 3036 1213 3052 ι
1236 3063 1238 3070 s

49 3088 176 3148 sentitur
195 3087 254 3147 boc
272 3085 418 3160 cavillum,
438 3103 535 3166 neque
555 3105 634 3146 enrm
653 3085 837 3146 hortantum
853 3081 960 3165 agitur,
978 3079 1057 3162 quali
1076 3077 1179 3140 babitu

49 3162 192 3244 »paruerit
212 3162 363 3237 Christus,
386 3162 438 3224 sed
465 3161 534 3241 quid
559 3171 684 3222 testetur
709 3161 746 3222 de
769 3181 839 3222 vera
863 3157 958 3219 carnis
977 3177 1046 3218 suae
1065 3166 1178 3216 natura.
1238 3219 1242 3226 ,

51 3261 89 3301 oc
109 3251 206 3300 autem
217 3251 269 3300 tan
312 3259 358 3300 am
367 3239 521 3376 proprium
537 3236 582 3297 illi
593 3237 738 3312 attribuit,
756 3235 935 3318 palpabilem
946 3255 1019 3310 csse,
1037 3244 1072 3296 ut
1090 3232 1179 3324 aspi-

49 3331 79 3377 tu
101 3316 232 3378 disserat.
300 3336 356 3397 rgo
381 3317 420 3376 ho
442 3315 471 3376 ie
495 3333 615 3394 qnoque
639 3313 797 3374 discrimen
821 3312 899 3372 istud
924 3312 1019 3374 carnis
1038 3331 1056 3372 a
1074 3309 1180 3390 spirutu

50 3414 142 3454 suere
161 3411 282 3454 necesse
301 3403 356 3467 est,
374 3392 456 3472 qnod
475 3401 649 3472 perpetuum
669 3410 732 3450 esse
752 3409 786 3450 ex
806 3387 918 3450 Christi
935 3387 1033 3450 verbis
1051 3398 1182 3448 statuere

49 3481 102 3531 eet.
130 3467 359 3530 Devulneribus
379 3480 476 3529 autem
495 3467 537 3530 sic
555 3465 725 3527 habendum
744 3477 798 3542 est,
816 3466 875 3527 hoc
895 3465 1074 3526 documento
1094 3460 1181 3522 nobis
1256 3531 1263 3550 x

49 3545 161 3606 unibus
186 3557 323 3607 testatum
347 3565 426 3622 esse,
456 3543 607 3607 Christum
636 3542 724 3603 nobis
746 3542 846 3623 potius
876 3541 1067 3606 resurrexisse
1092 3559 1180 3618 quam

49 3623 89 3700 bi,
110 3643 202 3703 quum
221 3622 324 3684 mortis
342 3622 448 3698 victor,
468 3632 499 3682 et
517 3619 603 3682 beata
623 3619 802 3699 coelestique
821 3618 1043 3680 immortalitate
1062 3614 1180 3697 praedi-

49 3723 78 3774 s,
98 3719 221 3760 suorum
240 3703 347 3760 tamen'
369 3719 454 3760 causa
479 3697 572 3758 crucis
596 3695 735 3776 reliquias
758 3694 796 3756 ad
820 3706 935 3775 tempus
958 3703 1073 3776 gestare
1093 3691 1182 3752 susti-

49 3776 131 3837 nerit.
171 3775 254 3836 Haec
272 3787 355 3837 certe
373 3775 446 3834 mira
466 3772 524 3834 luit
541 3772 726 3856 indulgentia
747 3792 819 3855 erga
838 3770 1006 3850 discipulos,
1026 3769 1107 3847 quod
1126 3767 1180 3828 ali-

50 3853 93 3912 rid
114 3851 173 3912 sibi
193 3851 293 3913 deesse
312 3850 415 3912 maluit
433 3851 470 3912 ad
488 3849 652 3929 perfectam
670 3847 896 3912 resurrectionis
919 3845 1063 3928 gloriam,
1094 3865 1181 3924 quam

54 3930 74 3988 li
95 3929 230 3990 subsidio
250 3929 337 3989 fidem
358 3925 475 3988 illorum
495 3925 635 3986 fraudari.
665 3925 823 3987 Caeterum
842 3922 963 3984 stultum
976 3933 1007 3982 et
1018 3921 1096 3982 anile
1108 3921 1182 3982 deli-

50 3995 176 4080 umlnlt,
187 4005 235 4085 pla
260 4004 283 4065 's
293 4001 563 4064 adhucconsossum
572 4001 629 4062 ima
652 4002 737 4080 inari,
748 4019 837 4082 quum
844 3998 1182 4060 advenietmundiiudex.

101 4082 195 4144 Marc.
215 4088 262 4147 1.
290 4077 469 4160 ‚summos
490 4079 551 4140 tttts
572 4099 594 4139 ιι
668 4083 676 4098 “
704 4124 712 4139 .
769 4075 961 4156 Participium
992 4087 1193 4159 ἀνακειμένοις·

49 4179 87 4218 on
110 4179 168 4238 pro
189 4155 438 4218 discumbentibus
458 4158 508 4233 (ut
525 4153 575 4214 alii
593 4156 772 4234 verterunt),
790 4152 842 4212 sad
861 4153 1106 4230 procedentibus
1125 4177 1184 4236 po-

49 4247 113 4294 tum
134 4233 283 4294 existimo:
308 4253 406 4312 neque
432 4230 463 4292 id
486 4231 549 4292 sino
573 4232 666 4307 ratio,
690 4233 715 4292 si
733 4241 831 4289 tamen
852 4228 909 4292 hoc
929 4232 1102 4307 conveniat,
1121 4233 1183 4312 pri-

49 4333 102 4370 am
129 4311 275 4371 visionem
299 4311 348 4370 bic
372 4306 512 4370 describi:
540 4327 607 4367 nam
632 4305 805 4388 tempestiva
827 4325 890 4366 non
920 4305 1022 4368 fuisset
1045 4307 1186 4370 coenatio

50 4388 147 4450 :citer
166 4387 292 4450 mediam
312 4398 440 4450 noctem.
470 4383 587 4445 lteiude
606 4385 631 4445 si
644 4404 744 4450 mensa
755 4381 856 4450 luisset
874 4383 1021 4467 apposita,
1039 4403 1100 4446 non
1112 4405 1185 4464 quas

883 4583 920 4648 ff,
