2756 4838
74 125 82 140 l
141 183 199 262 {tto
294 174 410 238 SECT.
430 174 529 272 itvtl..
565 131 827 236 euamsanonutt
846 177 1137 229 mestnsmonns.

133 339 274 409 ,tumet
295 329 503 416 quaerebant,
523 327 688 418 quomodo
709 325 800 402 illum
820 333 929 392 essent
950 319 1123 408 perdituri:
1147 317 1310 388 timebant

145 435 231 506 enim
256 418 346 512 'cuum
376 434 466 522 quod
487 445 555 503 tota
577 431 671 500 turba
692 426 910 514 admirabatur*
929 425 1108 492 doctrinam
1131 427 1216 490 eius.
1260 425 1311 490 to.

145 533 193 604 Et,
214 557 311 622 quum
340 549 425 604 esset
443 555 592 624 vespera,
623 554 769 621 egressus
792 541 840 596 est
862 540 907 595 ex'
924 527 1021 596 urbe:
1061 529 1114 594 20.
1143 527 1190 594 Et
1215 550 1311 598 mane

144 649 391 724 praetereuntes
417 639 568 706 viderunt
592 640 688 706 ficum
719 637 879 702 exaruisse
906 633 1068 699 radicitus
1116 632 1170 698 21.
1197 629 1243 700 Et
1261 650 1312 700 ce·

59 750 63 760 '
146 741 297 826 cordaque
318 743 432 812 Penus
452 743 531 809 dicit
550 743 613 821 illi,
637 739 760 816 Rabbi,
788 759 879 816 ecce,
904 737 987 802 ficus
1008 734 1079 814 illa,
1101 739 1157 804 cui
1177 737 1313 804 maledi-

146 847 236 922 xistis
265 847 394 910 exaruit.
451 847 507 920 22.
549 845 591 912 Et
616 843 819 929 respondeus
848 839 938 906 lesus
966 839 1044 912 dicit
1070 837 1150 917 illis,
1181 838 1310 908 Habete

108 935 114 944 ’
147 946 246 1040 iidem
268 947 341 1014 Dei.
392 949 443 1016 tt
481 929 584 1016 aman
611 948 686 1016 dico
709 945 818 1024 vobis,
850 946 1036 1032 quicunque
1063 941 1180 1009 dixerit
1209 948 1311 1010 monti

148 1049 238 1127 huic,
259 1046 419 1126 .'l¹ollere,
450 1071 489 1116 ac
518 1054 651 1118 mittaris
677 1054 711 1116 in
738 1069 840 1124 mare,
872 1057 904 1112 et
923 1049 1003 1112 ‘non
1037 1045 1246 1114 haesitaverit
1278 1053 1312 1114 in

149 1139 345 1250 cordetuo,
372 1154 432 1220 sed
453 1155 525 1221 lore
546 1152 721 1236 crediderit
743 1173 827 1242 quae
849 1149 977 1227 dixerit,
1002 1152 1063 1216 erit
1085 1147 1133 1215 illi
1151 1153 1310 1238 quicquid

83 1305 87 1315 ,
149 1257 272 1329 dixerit.
310 1257 558 1344 htPropterea
581 1255 654 1325 dico
676 1255 785 1334 vohis,
808 1273 1020 1342 quaecunque
1043 1263 1172 1319 orantes
1192 1257 1311 1341 petitis,

100 1389 107 1404 s
149 1358 379 1448 traditeqnud
401 1362 574 1448 accipietis,
595 1370 628 1426 et
648 1370 743 1429 arsut
763 1357 865 1434 vobis.

161 1535 166 1544 ’
204 1543 341 1618 ¹,LUC.,
365 1519 447 1612 XlX'.
492 1521 555 1611 ι39.
599 1543 640 1612 Et
667 1529 797 1630 quidam
823 1522 1069 1608 Pharisaeorum
1097 1560 1117 1603 e
1144 1539 1241 1606 turha
1266 1543 1311 1609 di·

149 1637 263 1712 xeruut
284 1645 325 1716 arl
346 1647 450 1726 illum,
472 1649 635 1736 Magister,
655 1647 787 1732 increpa
810 1642 986 1730 discipulos
1007 1653 1089 1709 tuos.
1137 1645 1192 1712 40.
1233 1646 1310 1732 Qui·
1366 1651 1367 1670 ³

151 1735 213 1814 hus
240 1752 311 1834 ipse
334 1753 390 1826 ait,
416 1749 503 1829 Dico
524 1749 634 1827 vohis,
661 1747 769 1838 quod,
793 1749 820 1813 si
843 1747 876 1812 hi
896 1747 1069 1822 tacuerint,
1096 1742 1226 1832 lapides
1252 1749 1311 1816 ela·

150 1849 292 1918 mabunt.
333 1851 457 1930 (Paulo
476 1839 576 1940 posti)
616 1853 667 1918 45.
693 1851 736 1918 Et
763 1851 923 1938 ingressus
950 1852 983 1916 iu
1010 1846 1180 1936 templum,
1207 1853 1311 1938 coepit
1366 1885 1367 1900 ,

152 1957 272 2019 eiicere
297 1951 478 2020 vendentes
506 1955 540 2022 in
567 1954 627 2024 illo
650 1965 682 2019 et
704 1965 856 2033 ementes,
897 1953 950 2018 46.
981 1952 1103 2018 Dicens
1125 1950 1208 2032 illis,
1234 1951 1309 2019 Scri·

152 2065 241 2140 ptqm
263 2066 327 2134 cst,
352 2057 477 2122 Domus
498 2079 582 2135 mea,
604 2055 718 2124 domus
739 2059 934 2142 precationis
963 2068 1024 2132 est,
1048 2077 1109 2122 ros
1134 2067 1242 2122 autem
1266 2055 1308 2121 ie·

153 2156 349 2228 cistis.illam
370 2155 557 2245 speluncam
578 2157 749 2250 latronum,
790 2161 854 2242 47„
868 2159 910 2226 Et
937 2157 1078 2226 docebat
1106 2160 1256 2246 quotidie
1279 2163 1309 2228 iu

152 2249 284 2352 templo.
328 2241 494 2353 Principes
510 2246 626 2342 'autem
652 2262 863 2356 Sacerdotum
891 2273 924 2328 et
951 2260 1085 2328 Scrihae
1113 2261 1311 2350 quaerebant

65 2441 75 2472 ἱ
152 2351 242 2432 illum
264 2363 414 2454 perdere,
434 2377 466 2432 et
486 2357 643 2452 primores
663 2364 787 2454 populi.
827 2366 878 2432 48.
899 2365 970 2460 Nec
991 2364 1218 2444 inveniebant,
1238 2365 1310 2454 quid
1367 2434 1368 2464 ,

83 2466 88 2486 ¹
153 2469 314 2537 lacereuts
342 2465 429 2537 totus
462 2473 545 2535 enirn
579 2471 721 2559 populus
745 2467 912 2555 pendebat
937 2466 979 2542 eb
1010 2489 1068 2535 ore
1096 2472 1186 2547 eius,
1220 2491 1310 2558 quum
1367 2493 1368 2526 ³

154 2573 282 2640 audiret
302 2571 402 2638 illum.
502 2663 506 2672 Ι
1367 2559 1368 2580 ’

108 2835 110 2842 ’
231 2823 385 2891 Dissimilis
406 2833 449 2884 est
467 2824 608 2886 Matthaei
628 2835 658 2886 et
676 2825 769 2886 Marci
790 2823 918 2886 namatio
939 2823 976 2885 de
996 2823 1053 2884 ficu
1073 2823 1222 2886 arelacta:
1242 2825 1312 2884 hiat·

156 2901 259 2962 tbaeus
280 2901 358 2961 enim
379 2903 436 2960 hoc
456 2899 564 2962 facum
584 2921 646 2962 esse
667 2901 738 2961 dicit
781 2893 912 2978 ostr'idie,
931 2921 1017 2982 quam
1037 2921 1068 2961 se
1088 2899 1228 2962 Christus
1248 2923 1313 2982 pro-

156 2979 247 3038 fessus
260 2987 323 3038 erat
333 2975 461 3059 Regem:
482 2977 597 3038 Marcus
616 2997 688 3038 vero
709 2976 740 3036 in
757 2921 838 3037 diem
857 2988 1028 3058 sequentem
1046 2977 1172 3038 reiicere
1193 2979 1313 3040 videtur.

51 3106 55 3115 .
157 3053 274 3114 Salutio
294 3065 391 3114 tamen
411 3053 602 3144 inpromptu
622 3065 679 3114 est:
704 3074 771 3118 nam
791 3054 823 3114 in
843 3054 900 3114 hoc
921 3053 1128 3130 consentiunt,
1155 3053 1314 3129 Christum,

157 3151 246 3209 quum
265 3129 297 3190 iu
318 3129 422 3190 urbem
440 3129 581 3210 postridie
599 3129 741 3192 sollennis
761 3130 805 3191 sui
825 3131 972 3214 ingressus
989 3129 1114 3204 reniret,
1135 3131 1314 3192 maledixisse

156 3205 266 3266 arbori.
284 3205 414 3276 ,Tantum
427 3205 560 3284 exprimit
570 3205 685 3268 Marcus
696 3207 791 3287 (quod
823 3207 992 3268 caeteritum
1003 3227 1018 3265 a
1029 3205 1184 3267 Matthaeo
1198 3207 1315 3286 fuerat),

155 3299 218 3344 rem
239 3281 324 3344 luisse
343 3281 572 3342 animadversam
593 3303 608 3343 a
626 3283 777 3363 'discipulis
798 3227 847 3344 die
864 3283 1007 3365 sequenti.
1048 3281 1231 3364 Quanquam
1246 3305 1314 3367 ergo

156 3359 317 3422 distinctius
337 3358 478 3436 temporis
498 3359 632 3421 ordinem
652 3361 767 3422 hlareus
795 3361 923 3436 notavit,
946 3359 1020 3420 nihil
1045 3371 1155 3420 tamen¹
1172 3361 1315 3422 diversum

145 3432 323 3514 'continetm
337 3434 461 3495 Videtur
481 3437 609 3516 apertius
627 3449 686 3498 tam
707 3459 723 3497 a
743 3438 894 3498 hlatthaeo
915 3457 1001 3516 quam
1016 3437 1125 3497 aLuca
1142 3437 1267 3498 differre
1286 3438 1313 3496 ic

155 3511 276 3573 historia
298 3521 448 3573 correctae
468 3513 698 3575 nundinationis.
735 3513 811 3586 Nam
831 3535 920 3594 quum
932 3524 1057 3592 uterque
1070 3513 1179 3573 horum
1193 3515 1314 3574 affirmet

158 3589 318 3662 Christum,
337 3587 455 3648 simulac
474 3587 579 3649 urbe'm
595 3603 625 3650 et
640 3589 780 3670 templum
798 3591 945 3673 ingressus
957 3600 1011 3664 est,
1031 3588 1177 3670 expulisse
1188 3590 1312 3652 renden-

155 3676 201 3728 tes
219 3678 251 3733 et
271 3675 417 3738 ementes,
433 3665 550 3734 hierem
570 3666 741 3748 simpliciter
750 3665 846 3741 dicit,
865 3666 1100 3746 circumspexiss'e
1120 3667 1234 3728 omnies
1253 3665 1314 3725 eie-

158 3743 288 3804 ctionem
307 3741 478 3804 veroillam
497 3741 530 3801 in
550 3743 629 3804 diem
647 3742 771 3804 alterum
789 3743 901 3804 reiecit.
931 3743 999 3826 Ego
1017 3753 1113 3802 autem
1126 3743 1168 3804 ita
1182 3743 1316 3817 concilio,
1346 3739 1350 3748 '

157 3819 253 3899 quod,
277 3839 366 3900 quum
386 3820 422 3879 de
442 3818 544 3899 templi
586 3820 741 3902 urgatione
760 3819 899 3910 loquutus
918 3840 981 3878 non
1002 3828 1094 3892 esset,
1120 3841 1187 3880 earn
1212 3819 1315 3880 deinde

155 3895 265 3968 inserat
283 3915 345 3956 non
365 3915 423 3955 suo
438 3893 517 3956 loeo.
556 3840 656 3958 tlt-imo
673 3897 722 3956 die
738 3915 852 3958 ventsse
867 3895 897 3956 in
915 3895 1056 3985 templum
1069 3907 1182 3972 narrat,
1201 3896 1315 3976 illicque

156 3973 257 4051 omnia
275 3973 521 4052 circumspexisse.
561 3973 711 4048 Quorsum
729 3984 825 4044 autem
844 3971 964 4033 intuitus
973 3971 1093 4035 atteiam
1106 3973 1248 4058 diligens,
1265 3971 1315 4032 nisi

159 4058 193 4106 ut
207 4047 315 4130 aliquid
326 4048 464 4110 vitiosum
477 4047 659 4144 corrigeret?
679 4052 754 4113 Nam
768 4071 858 4130 quum
870 4061 939 4112 aute
958 4048 1059 4108 solitus
1080 4060 1157 4110 esset
1178 4063 1239 4109 tem
1262 4049 1315 4106 lum

158 4123 331 4201 frequenter
355 4126 466 4200 visere,
495 4123 816 4206 nosrtatespectaculi
841 4135 1004 4187 commotus
1030 4145 1093 4186 non
1117 4125 1185 4186 luit.
1252 4143 1315 4184 οπο

159 4215 247 4278 quum
268 4201 390 4262 deberet
406 4203 523 4264 Marcus
542 4197 687 4264 inbiicere
707 4203 851 4264 continuo
874 4215 951 4282 post,
972 4202 1082 4264 eiectos
1102 4223 1120 4262 e
1138 4203 1254 4282 templo
1275 4201 1315 4259 lu-

158 4277 225 4351 isse,
245 4276 295 4357 qui
314 4278 375 4338 illie
394 4279 565 4344 vendebant
584 4293 615 4342 et
634 4279 782 4356 emebant,
803 4279 951 4343 Christum
964 4299 997 4341 ex
1010 4279 1084 4341 urbe
1096 4299 1248 4362 egressum
1259 4296 1316 4338 esse
