2756 4838
79 249 80 255 ’
146 251 204 316 158
416 241 533 306 SECT.
550 219 635 302 XVI.
673 251 752 300 rrrn
771 253 807 300 ru
827 243 1029 298 mansarum

149 397 312 480 expositum
333 395 388 458 luit
407 413 424 456 a
441 393 539 456 multis
558 389 778 486 interpretibus.
827 389 1017 451 Generaliter
1036 389 1116 450 enim
1136 399 1168 450 et
1188 389 1317 450 confuse

149 487 301 558 putarunt,
320 471 498 550 coelibatum
515 471 648 563 praecipi
668 469 784 560 quoties
804 467 962 528 divortium
981 467 1091 527 sactum
1104 465 1208 528 suerit:
1230 466 1273 526 ita
1293 468 1317 528 si

148 553 269 614 maritus
289 551 449 611 adulteram
469 547 614 620 reiiceret,
634 558 751 624 utraque
773 543 880 606 iniecta
902 555 946 605 est
965 543 1129 604 coelibatus
1145 543 1315 606 necessitas

152 629 246 704 Quasi
269 641 342 688 vero
368 627 406 686 sit
430 625 502 686 haec
525 622 642 704 repudii
666 621 801 695 libertas,
839 623 954 680 tantum
979 619 1016 680 ab
1044 639 1136 680 uxore
1155 619 1315 680 secubare:

150 705 232 786 quasi
254 705 341 764 etiam
362 701 495 762 Christus
522 721 583 761 non
611 699 688 760 clare
709 697 738 758 in
759 698 814 758 hac
835 718 919 758 causa
939 697 1003 756 lieri
1022 697 1194 776 permittat,
1256 697 1315 756 uod

74 807 79 836 t
151 782 318 862 promiscue
344 777 402 838 sibi
421 777 522 838 Iudaei
547 796 604 856 pro
629 796 683 835 suo
704 773 827 834 arbitrio
847 793 987 853 usurpare
1010 773 1091 832 soliti
1111 783 1207 834 erant
1275 775 1317 832 uit

153 877 227 949 ergo
247 857 299 916 ille
318 855 403 914 nimis
423 875 532 914 crassus
551 873 650 932 error:
677 873 744 918 nam
765 872 853 930 quum
873 849 1010 910 adulterii
1029 850 1150 920 damnat
1170 847 1316 924 Christus,

175 956 205 992 ιιι
224 932 405 1012 repudiatam
425 951 544 990 uxorem
566 928 694 1004 duxerit,
733 926 871 1007 restringi
896 925 953 985 hoc
979 928 1015 986 ad
1036 925 1140 986 illicita
1160 937 1191 985 et
1210 925 1317 985 frivola

152 955 278 1072 iivortia
298 1019 409 1068 certum
425 1017 481 1068 est.
520 1005 594 1066 Ideo
615 1005 722 1065 Paulus
741 1025 861 1064 manere
880 1002 1018 1082 innuptas
1042 1001 1142 1074 iubet,
1172 1023 1249 1081 quae
1274 1003 1317 1062 sic

153 1085 288 1148 dimissae
307 1083 428 1157 fuerint,
448 1093 498 1142 aut
515 1081 584 1142 viris
604 1081 662 1141 suis
681 1080 878 1154 reconciliari,
898 1079 966 1159 quia
984 1080 1099 1140 scilicet
1117 1079 1184 1138 rixis
1204 1089 1235 1138 et
1256 1078 1317 1138 dis-

153 1163 233 1222 sidiis
253 1182 314 1221 non
339 1159 478 1242 aboletur
501 1158 671 1239 coniugium
697 1157 737 1238 (I.
759 1157 830 1218 Cor·
850 1159 978 1231 ‘1‚11.).
1017 1156 1051 1216 Id
1075 1175 1112 1215 uc
1139 1155 1252 1214 elicitur
1279 1175 1317 1214 ex

153 1241 268 1310 Marco,
287 1236 340 1298 ubi
358 1236 532 1296 nominatim
553 1256 585 1295 er
609 1234 725 1294 rimitur
736 1254 810 1294 uxor
826 1251 899 1324 quae
912 1253 926 1290 a
938 1233 1045 1292 marito
1055 1177 1228 1306 discesserit,
1248 1251 1315 1289 non

154 1315 236 1398 quod
255 1313 381 1375 liberum
401 1311 491 1374 luerit
508 1255 646 1371 uxorilsus
667 1310 857 1371 daremaritrs
869 1309 986 1388 repudii
998 1308 1143 1382 libellum,
1163 1307 1215 1368 nisi
1277 1327 1314 1364 a·

152 1403 238 1452 tenus
258 1391 289 1451 in
310 1401 424 1449 exteros
443 1409 540 1448 mores
560 1387 690 1468 prolapsi
710 1385 917 1448 erautludaei:
938 1386 989 1445 sed
1010 1398 1113 1445 notare
1125 1329 1316 1444 voluitlllr-

152 1490 214 1542 cus,
234 1466 442 1546 corruptelam,
462 1485 538 1544 quae
556 1475 627 1526 tunc
646 1464 751 1544 passim
770 1461 839 1522 trita
855 1471 928 1536 erat,
947 1461 1126 1542 reprehendi
1140 1483 1156 1520 a
1170 1460 1318 1534 Domino,

175 1545 235 1605 uod
255 1555 324 1635 post
340 1541 505 1603 voluntaria
527 1539 653 1601 divortia
672 1541 811 1619 utrinque
831 1537 868 1598 ad
886 1559 997 1600 norum
1017 1537 1191 1622 coniugium
1210 1535 1319 1598 manu-

154 1567 240 1683 lant:
260 1621 330 1681 adeo
349 1617 486 1680 adulterii
504 1616 586 1678 nulla
606 1615 639 1678 fis
657 1618 736 1700 apud
756 1636 821 1678 eum
840 1615 964 1678 mentio.

241 1967 346 2048 (157.)
386 1965 556 2037 MATTH.
587 1967 670 2034 XIX.
712 1967 975 2038 tentemini
1002 1963 1170 2052 discipuli,
1213 1963 1250 2030 si
1275 1965 1320 2028 ita

150 2068 255 2138 habet
282 2091 377 2136 causa
404 2072 542 2137 hominis
568 2093 639 2137 cum
668 2093 783 2150 uxore,
817 2093 885 2138 nou
920 2071 1049 2160 expedit
1079 2069 1320 2142 matrimonium

155 2175 357 2242 contrahere.
399 2173 449 2240 11.
479 2173 547 2258 Qui
569 2167 647 2240 dixit
667 2173 748 2252 illis,
774 2173 852 2240 Nou
874 2197 985 2240 omnes
1007 2193 1143 2261 capaces
1165 2182 1242 2235 sunt
1264 2171 1320 2234 hu-

154 2283 207 2346 ius
228 2277 318 2356 dicti,
343 2275 403 2344 sed
424 2273 542 2364 quibus
564 2275 671 2346 datum
695 2287 752 2344 est.
795 2279 845 2342 12
873 2279 954 2344 Sunt
976 2279 1061 2343 euim
1083 2272 1245 2350 cunuchi,
1264 2274 1320 2358 qui

157 2382 200 2448 de
221 2381 329 2446 matris
350 2391 444 2446 utero
467 2381 513 2444 sic
533 2383 599 2444 nati
620 2389 708 2445 sunt:
739 2391 772 2446 et
792 2394 865 2448 sunt
887 2378 1040 2455 eunuchi,
1067 2380 1122 2465 qni
1145 2378 1227 2442 iacti
1248 2379 1319 2442 sont

158 2483 298 2550 eunuchi
320 2481 361 2548 ab
384 2479 583 2550 homiuibus:
605 2489 636 2548 et
655 2493 729 2550 suut
749 2484 897 2564 eunuchi,
917 2485 972 2571 qui
994 2503 1029 2548 se
1050 2484 1140 2568 ipsos
1161 2491 1321 2546 castrare-

157 2598 232 2656 runt
252 2597 387 2680 propter
406 2607 540 2672 reguum
561 2585 740 2654 coelorum.
782 2585 850 2672 Qui
871 2595 978 2672 potest
999 2607 1132 2672 capere,
1153 2583 1272 2671 capiat.

233 2834 363 2896 Perinde
383 2833 441 2894 acsi
460 2833 560 2914 iniqua
584 2833 715 2894 virorum
741 2834 873 2898 conditio
900 2833 998 2898 sutura
1017 2834 1071 2910 sit,
1098 2834 1123 2894 si
1142 2833 1186 2894 ita
1208 2831 1320 2916 alligati

159 2913 218 2974 sint
236 2911 392 2986 uxoribus,
411 2922 460 2985 ut,
505 2930 570 2973 uam
591 2910 641 2970 diu
662 2911 785 2990 pudicae
804 2911 930 2986 suerint,
949 2923 1094 2996 cogantur
1113 2911 1232 2991 reliqua
1252 2931 1321 2991 per·

157 2990 238 3050 ferre
257 2987 355 3066 potius
376 3005 496 3064 quamn
539 2985 596 3046 illis
616 2987 782 3048 discedant:
802 2988 859 3048 hoc
877 2989 987 3050 Christi
1008 3009 1152 3068 responso
1176 2987 1320 3047 commoti

159 3062 295 3142 discipuli
314 3062 477 3142 excipiunt,
496 3061 598 3124 melius
620 3083 680 3123 esse
701 3084 802 3126 carere
819 3063 958 3126 uxoribus
977 3086 1064 3145 quam
1084 3065 1210 3124 induere
1231 3064 1320 3124 talem

157 3141 304 3219 laqueum.
344 3137 405 3198 Sed
424 3159 476 3197 cur
495 3158 557 3198 non
577 3139 702 3200 vicissim
722 3142 906 3220 expendunt,
958 3163 1024 3200 uam
1044 3140 1174 3202 durarit
1194 3161 1319 3200 uxorum

157 3215 292 3292 servitus,
310 3215 366 3274 nisi
382 3215 449 3306 quia
468 3209 524 3275 sihi
545 3227 576 3276 et
594 3217 722 3298 propriis
742 3218 904 3278 commodis
924 3163 1055 3278 aldinus
1075 3217 1205 3297 impellit
1225 3218 1320 3278 carnis

156 3313 274 3366 sensus,
302 3302 336 3350 ut
361 3291 423 3352 alais
442 3291 585 3374 neglectis
602 3305 716 3355 tantum
735 3293 793 3355 sibi
812 3293 890 3354 bene
910 3295 1075 3355 consultum
1095 3312 1158 3354 esse
1179 3294 1319 3374 cupiant?

155 3369 281 3430 Interim
301 3387 332 3428 se
373 3367 452 3428 rodit
471 3369 511 3428 im
534 3369 561 3429 ia
579 3368 771 3452 ingratitudo,
811 3371 871 3430 uod
880 3371 1060 3432 incommodi
1070 3371 1159 3430 unius
1178 3371 1320 3430 metuvel

156 3446 258 3508 taedio
269 3389 487 3582 sinpulareDei
517 3466 606 3506 onum
626 3459 778 3528 respuunt
791 3391 894 3508 latius
915 3459 960 3509 est
978 3449 1137 3508 secundum
1159 3466 1226 3520 eos,
1245 3467 1320 3507 con-

156 3522 270 3616 iugium
290 3543 306 3582 e
334 3541 424 3602 ogere
444 3543 531 3602 quam
550 3542 582 3584 se
601 3525 764 3616 astringere
776 3534 936 3604 perpetuae
948 3524 1096 3584 societatis
1109 3523 1242 3584 vinculo.
1260 3527 1316 3581 At-

158 3622 208 3681 qru
227 3599 252 3660 si
272 3597 442 3680 coniugium
462 3599 587 3660 instituit
605 3601 686 3660 Deus
706 3623 737 3661 ιιι
758 3621 943 3662 commturem
962 3599 1081 3661 humani
1122 3600 1220 3661 coeris
1237 3599 1317 3658 salu-

156 3689 234 3753 tem,
272 3676 343 3748 licet
363 3676 503 3754 quaedam
523 3675 618 3737 minus
640 3687 722 3759 grata
742 3697 842 3736 secum
861 3679 972 3751 trahat,
1007 3699 1068 3738 non
1088 3619 1158 3738 lieo
1202 3675 1316 3736 rotinus

155 3753 355 3838 spernendum
375 3763 427 3812 est.
447 3753 603 3814 ·I)iscamus
617 3772 701 3834 ergo,
720 3753 744 3813 si
764 3754 834 3834 quid
852 3755 882 3812 in
895 3754 954 3816 Dei
972 3752 1123 3814 beneficiis
1143 3776 1187 3815 no
1211 3755 1234 3814 is
1252 3771 1318 3812 uon

156 3831 283 3905 arridet,
305 3850 367 3890 non
386 3840 446 3888 tam
465 3829 536 3888 lauti
556 3850 618 3890 esse
638 3850 672 3889 ac
690 3829 812 3905 morosi,
832 3831 903 3910 quin
922 3837 1093 3890 reverenter
1112 3827 1171 3890 illis
1192 3843 1317 3890 ummur.

156 3905 333 3968 Praesertim
353 3905 443 3982 nobis
459 3905 489 3964 in
510 3918 611 3966 sancto
632 3905 772 3989 coniugio
792 3908 921 3967 cavenda
941 3918 985 3967 est
1004 3907 1075 3967 haec
1084 3907 1231 3985 pravitas:
1250 3927 1317 3966 nam

159 3983 226 4062 quia
245 3983 342 4044 multis
361 3980 502 4043 molestiis
522 3982 695 4062 implicitum
716 3994 770 4056 est,
789 4005 905 4063 semper
924 3994 1046 4043 conatus
1066 3994 1111 4042 est
1129 3983 1226 4044 Satan
1247 3983 1318 4044 odio

157 4069 189 4118 et
206 4059 326 4120 infamia
345 4079 478 4141 gravare,
496 4069 532 4117 ut
555 4059 688 4120 homines
714 4058 750 4119 ab
772 4080 810 4120 eo
829 4059 1016 4120 subduceret.
1053 4060 1094 4120 Et
1117 4061 1318 4141 Hieronymus

156 4131 243 4194 nimis
262 4136 442 4196 luculentum
461 4134 582 4215 maligui
599 4136 792 4226 perversique
811 4137 954 4220 ingeniis
978 4136 1091 4198 ecimen
1110 4136 1142 4197 in
1164 4157 1204 4197 eo
1217 4137 1318 4208 edidit,

156 4207 237 4288 quod
256 4229 318 4270 non
337 4223 450 4272 tautum
470 4211 621 4272 calumniis
646 4211 772 4296 exagitat
794 4233 907 4274 sacrum
933 4158 1014 4272 illim
1034 4224 1065 4272 et
1084 4212 1220 4276 divinum
1240 4213 1318 4272 ritae

100 4333 105 4343 ,
156 4284 302 4359 ordinem,
321 4287 372 4347 sed
384 4307 571 4368 quascunque
592 4299 692 4368 potest
710 4309 745 4349 ex
763 4289 896 4369 profanis
916 4287 1086 4350 auctoribus
1104 4299 1249 4371 λοιδορίας
1266 4309 1317 4348 ec·

155 4360 293 4438 cumulat,
313 4383 388 4442 quae
401 4365 463 4424 eius
483 4365 667 4427 honmtatem
687 4364 863 4428 deforment.
902 4365 997 4430 Nobis
1016 4377 1114 4428 sutem
1133 4368 1166 4428 in
1186 4377 1317 4428 mentm
