2790 4838
156 225 230 296 '236
604 217 757 284 SECTIO
768 217 863 278 ‘VIIL

172 378 310 441 omnibus
321 375 414 437 Verbi
433 371 569 434 ministris
588 371 760 452 praescribi,
780 371 849 430 dum
859 367 1056 451 praeconibus
1067 385 1136 428 suae
1149 363 1309 425 doctrinae

172 458 293 518 mandat
311 451 470 523 Dominus,
519 447 569 507 uid
595 469 645 508 eos
671 449 708 508 ad
735 447 824 508 breve
844 457 958 528 tempus
979 443 1076 505 lacere
1095 441 1175 502 velit
1215 438 1310 514 Quae

173 533 287 594 inscitia
306 530 412 589 multos
432 469 605 598 lelelbt,sut
622 525 686 585 sine
708 523 874 585 discrimine
894 525 931 585 ad
951 523 1026 584 banc
1047 540 1180 580 normam
1201 538 1309 578 omues

174 609 268 672 Verbi
287 604 433 664 ministros
454 600 613 682 exigerent.
821 621 823 628 ’
1158 611 1162 624 ·

248 680 351 743 lllattb.
375 687 403 742 1.
441 677 599 738 Arcessitis
622 675 779 738 duodecim.
827 677 973 737 Numerus
1000 671 1197 736 duodenarius
1225 671 1307 730 sutu-

171 783 234 822 ram
264 753 413 817 Ecclesiae
444 753 686 815 instaurationem
716 753 847 823 notabat.
906 753 990 820 Sicut
1014 751 1092 814 enim
1117 749 1253 840 populns·
1273 768 1308 805 ex

173 832 326 898 duodecim
351 829 528 894 Patriarcbis
554 843 635 917 orpus
661 843 739 906 erat,
772 831 811 890 ita
839 851 918 892 nrmc
938 828 993 890 reli
1017 829 1084 888 uias.
1097 826 1248 911 dissipatas
1269 824 1309 882 ad

172 908 294 990 originis
318 926 387 966 suae
413 907 587 967 memoriam
611 920 731 969 revocat
756 907 905 984 Christus,
936 917 969 965 ut
989 851 1024 966 de
1046 925 1096 964 sua
1115 898 1307 983 re'sftitutiono

172 997 280 1046 certam
305 1005 318 1044 s
343 1003 388 1042 em
416 984 594 1063 concipiant.
645 985 710 1044 Etsi
736 995 832 1043 autern
856 984 888 1044 in
913 981 1021 1042 Iudaea
1047 1001 1108 1040 nou
1135 978 1175 1037 im
1202 977 1312 1036 floruit

169 1081 294 1142 regnum
313 1003 384 1150 liei,
403 1071 436 1120 ut
454 1061 515 1120 inte
539 1082 570 1120 er
589 1061 680 1122 luerit
698 1061 803 1142 populi
822 1072 922 1136 status,
942 1059 1011 1140 quin
1029 1057 1130 1142 potius
1151 1076 1225 1138 geos
1244 1053 1309 1127 illa,

171 1157 246 1218 quae
265 1136 322 1196 iam
342 1157 447 1196 mrsere
468 1081 597 1218 coliapsa
617 1149 689 1214 erat,
710 1135 838 1208 oblatam
858 1138 981 1220 gratiam
1001 1133 1168 1215 spernendo
1190 1153 1241 1192 sua
1258 1129 1308 1188 iu-

169 1211 348 1296 gratitudine
368 1212 414 1274 bis
432 1213 529 1293 perire
549 1214 670 1274 meruit:
691 1215 748 1274 boc
767 1223 867 1276 tamen
881 1234 948 1278 ¹non
966 1209 1094 1276 obstitit:
1115 1209 1186 1288 quin
1199 1209 1306 1280 iteruru

169 1301 341 1350 nasceretur
358 1309 453 1351 novus
471 1289 608 1370 populus.
638 1291 745 1354 Postea
765 1291 874 1351 factum
894 1288 1039 1348 uteSion
1052 1307 1099 1346 sce
1122 1284 1306 1344 trumvirtu-

171 1367 210 1426 tis
229 1367 305 1428 Filii,
317 1366 361 1426 sui
381 1366 498 1450 longius
519 1367 676 1443 emitteret,
696 1379 729 1428 ut
746 1380 900 1429 manarent
920 1387 954 1428 ex
970 1365 1056 1425 fonte
1070 1307 1128 1438 ,itii
1141 1361 1234 1435 fluvii,
1255 1359 1306 1439 qui
1384 1401 1385 1436 ι

86 1464 89 1477 ’
169 1443 253 1526 large
272 1441 432 1524 irrigarent
451 1443 576 1533 q‘uatuor
595 1445 696 1505 mundi
716 1445 824 1534 plagas.
856 1445 944 1504 Tunc
964 1441 1093 1520 undique
1104 1439 1185 1508 Deus
1207 1439 1305 1496 lsrae-
1384 1437 1385 1446 ’

168 1521 229 1580 lem
249 1542 332 1580 suurn
353 1519 491 1602 collegrt,
522 1531 553 1579 ut
573 1519 774 1582 coalescerent
792 1522 824 1579 in
843 1541 934 1580 unum
955 1539 1078 1598 corpus,
1108 1537 1171 1576 nou
1191 1525 1306 1582 tanturn

170 1598 300 1679 dispersa
321 1609 352 1656 et
372 1597 473 1655 lacera'
485 1595 633 1670 membra,
663 1599 715 1656 sed
735 1597 886 1670 homines,
937 1595 966 1654 ui
987 1607 1054 1654 ante
1075 1589 1307 1674 prorsus'alieni

169 1675 289 1736 fuerant
314 1693 330 1733 a
354 1671 473 1754 populo'
494 1673 563 1732 Dei.
601 1677 672 1734 Non
692 1693 765 1755 ergo
785 1674 892 1734 frustra
911 1615 1058 1732 dominus
1078 1669 1307 1748 duodecimus-

169 1751 224 1812 luu'
255 1749 439 1810 Patriarcbas
469 1749 651 1810 constituens
682 1751 831 1810 Ecclesiae
858 1746 1092 1810 renovationem
1107 1757 1228 1809 testatus
1253 1755 1306 1804 est.

169 1827 256 1891 Adde
298 1825 357 1886 uod
377 1824 434 1886 boc
455 1845 578 1886 numero
598 1827 751 1886 admonuit
770 1825 912 1902 Iudaeos,
937 1826 969 1884 in
990 1845 1076 1904 quem
1096 1821 1185 1896 finem
1206 1821 1305 1882 venis-

152 1915 246 1967 set·
317 1902 362 1960 uia
392 1919 462 1960 vcro
486 1901 547 1961 Dei
572 1903 683 1994 gratiae
709 1903 893 1964 locum'non
920 1901 1079 1974 dederunt,
1112 1920 1222 1959 norum
1250 1897 1306 1956 sibi

169 1978 310 2040 Israelem
334 1976 447 2059 genuit.
492 1977 525 2039 si
545 1979 705 2059 primordia
724 1993 853 2061 spectes,
884 1979 978 2039 videri
997 1989 1097 2060 posset
1115 1978 1174 2036 bot
1193 1975 1305 2035 ridicu-

168 2057 247 2132 lum,
285 2055 365 2134 quod
390 2052 522 2116 obscuris
553 2069 585 2116 et
605 2055 715 2117 nullius
735 2057 822 2138 pretii
848 2055 1016 2118 bominibus
1040 2067 1097 2114 tam
1125 2051 1307 2114 honorificas

192 2150 311 2193 ersonas
337 2129 469 2191 Christus
497 2131 651 2213 imposuit:
683 2141 829 2195 successus
851 2145 949 2193 tamen'
970 2131 1165 2202 incredibilis,
1196 2141 1306 2188 ettam

202 2209 296 2270 cunda
321 2205 472 2268 Ecclesiae
521 2209 679 2293 ropagatio
705 2211 848 2287 ostendit,
878 2209 1038 2290 llpostolos
1063 2207 1186 2267 bonoris
1213 2207 1306 2288 gradu

168 2298 200 2348 et
219 2286 398 2346 fecunditate
417 2231 530 2347 sobods
550 2307 612 2348 nou
631 2289 722 2349 ruodo
735 2287 910 2351 Patriarebis
931 2307 994 2358 non
1014 2285 1130 2362 cedere,
1148 2282 1310 2344 sedetiam

167 2364 260 2446 longe
280 2360 470 2441 praecellere.

249 2439 341 2498 Dedit
359 2441 400 2498 eis
412 2453 588 2515 potestatem.
620 2441 698 2516 Quia
718 2441 950 2510 interbornines
969 2439 1051 2500 nullo
1065 2439 1128 2499 fere
1139 2437 1209 2497 loco
1224 2447 1309 2496 erant

168 2517 323 2600 Apostoli,
341 2516 452 2598 legatio
474 2530 587 2594 autem,
607 2539 693 2598 quam
714 2520 770 2579 illis
790 2521 871 2580 iniun
896 2521 918 2579 it
938 2519 1087 2590 Christus,
1107 2514 1205 2580 divina
1228 2525 1306 2574 erat:

168 2593 276 2655 deinde
296 2614 394 2674 neque
414 2593 549 2676 ingenio,
568 2617 665 2675 neque
686 2597 821 2658 facundia
841 2541 1010 2676 pollebant,
1029 2593 1073 2652 rei
1091 2603 1187 2652 autern
1202 2591 1306 2652 ‚excel-

168 2671 259 2732 lentia
285 2682 315 2730 et
340 2669 455 2730 novitas
480 2671 671 2751 requirebant
696 2675 761 2754 plns
787 2695 874 2754 quarn
894 2673 1033 2732 humanas
1054 2670 1152 2729 dotes:
1185 2687 1306 2727 necesse

167 2749 226 2810 tuit
244 2747 361 2808 aliunde
381 2746 438 2806 illis
458 2749 663 2810 auctoritatem
682 2752 832 2810 accedere.
865 2748 999 2810 Christus
1019 2767 1093 2828 ergo
1114 2745 1236 2806 edendis
1250 2743 1305 2802 mi-

165 2825 273 2886 raculis
293 2845 345 2884 eos
364 2822 538 2902 praeficiens
558 2825 695 2886 coelestis
716 2827 869 2907 potentiae
889 2825 1054 2908 insignibus
1074 2821 1208 2896 instruit,
1229 2841 1305 2899 quae

168 2903 257 2960 fidem
277 2921 311 2958 ae
330 2899 527 2978 reverentiam
547 2902 709 2962 concilient
728 2904 805 2982 apud
826 2900 978 2984 populum.
1017 2901 1116 2980 Atque
1137 2898 1206 2957 binc
1228 2897 1304 2980 legi-

143 2974 145 2987 '
166 2978 254 3038 timus
273 2975 479 3034 miraculorum
500 2999 567 3036 usus
587 2978 747 3058 colligitur,
767 3001 835 3040 narn
856 3001 944 3058 quum
964 2975 1118 3059 Evangelii
1139 2995 1305 3066 praecones

127 3127 130 3134 Ι
168 3066 199 3114 et
223 3053 374 3132 signorcun
399 3052 548 3112 ministros
574 3052 707 3116 Christus
732 3057 816 3116 simul
838 3069 868 3116 et
887 3054 1068 3115 coniunctim
1088 3053 1243 3126 instituat,
1274 3063 1306 3110 ut

166 3128 305 3190 miracula
324 3127 399 3187 nibil
421 3127 498 3189 aliud
518 3129 592 3205 sint,
616 3152 702 3211 quam
723 3133 875 3195 doctrinae
895 3154 964 3194 snae
985 3128 1096 3212 sigilla,
1121 3127 1304 3187 individuum

167 3207 246 3266 hunc
266 3202 567 3295 nexumabrumpere
587 3207 630 3268 l'as
650 3229 712 3268 non
733 3221 785 3271 est
818 3209 920 3284 Quare
941 3207 1047 3267 falsarii
1068 3217 1136 3266 sunt
1155 3205 1306 3286 Papistae,

166 3295 198 3345 et
217 3301 309 3362 opera
328 3281 386 3340 Der
404 3281 546 3346 scelerate
567 3283 602 3346 de
625 3297 727 3348 rasant
745 3287 868 3351 verbam
887 3306 904 3345 a
922 3283 1069 3346 miraculis
1087 3284 1266 3362 separando.

242 3367 273 3423 ²⁶
308 3357 428 3419 Primus
446 3359 558 3422 suun.
602 3305 715 3424 lbsulse
735 3365 935 3426 Romanenses
955 3361 1109 3442 primatum
1129 3380 1212 3418 suum
1234 3360 1305 3420 binc

166 3436 297 3499 eliciunt.
329 3425 459 3496 P‘rimum
478 3436 557 3498 inter
576 3438 738 3520 Apostolos
760 3443 847 3500 fuisse
867 3437 1019 3500 Simonem
1030 3437 1151 3497 Petrum
1172 3434 1306 3496 libenter

165 3514 307 3575 fatemur:
340 3513 392 3572 sed
412 3513 493 3594 quod
512 3515 591 3576 inter
609 3536 719 3596 paucos
741 3518 873 3578 homines
892 3515 999 3590 valuit,
1024 3516 1061 3573 ad
1074 3525 1176 3573 ¹totum
1196 3511 1304 3572 orbem

165 3591 334 3665 extendere,
354 3589 432 3650 nulla
452 3591 528 3652 ratio
548 3593 666 3674 patitur.
708 3596 790 3657 ntae
810 3596 901 3674 quod,
921 3593 969 3684 qui
990 3592 1101 3671 primus
1121 3601 1305 3663 numeratur,

163 3691 228 3731 non
252 3669 320 3730 ideo
347 3667 482 3745 protinus
507 3669 586 3731 inter
608 3693 676 3730 snos
703 3673 779 3733 colle
803 3691 832 3730 as
856 3670 1021 3730 dominium
1047 3667 1145 3727 babet.
1185 3666 1249 3724 Iam
1271 3679 1305 3724 ut

165 3748 264 3811 omnia
282 3740 338 3803 illis
358 3764 432 3823 quae
452 3748 602 3823 postulant
621 3747 657 3806 de
668 3747 759 3810 Petro
781 3693 896 3822 demus,
917 3749 1012 3808 donec
1032 3745 1138 3824 impios
1160 3753 1190 3801 et
1209 3743 1303 3802 sacri-

48 3880 51 3889 ,
83 3821 97 3830 “
163 3825 248 3906 legos
268 3831 414 3903 apostatas
433 3821 515 3882 Petri
534 3843 717 3887 successores
737 3847 799 3890 esse
819 3826 966 3905 probent,
996 3823 1058 3883 eius
1079 3819 1206 3903 dignitas
1227 3819 1306 3879 nibil

163 3905 202 3964 ad
220 3901 382 3959 Romanam
402 3897 511 3958 sedern.

240 3983 268 4040 5.
306 3975 347 4034 Ire
363 3979 441 4034 oium
455 3983 592 4051 gentium.
622 3977 700 4039 Hinc
721 3977 825 4038 clarius
846 3987 969 4058 apparet
984 3955 1069 4112 'spuod
1089 3994 1185 4054 nuper
1206 3973 1304 4064 attigi²

163 4075 227 4116 non
247 4051 305 4110 alio
326 4062 471 4132 spectasse
491 4076 606 4126 tuunus,
626 4057 706 4135 quod
726 4067 796 4115 tunc
815 4053 983 4136 impositum
1010 4049 1225 4131 uitlipostolis,
1245 4071 1303 4110 nrsa

163 4145 198 4194 ut
217 4129 341 4188 Iudaeos
361 4128 391 4186 in
411 4148 493 4209 spem
535 4131 698 4212 ropinquae
718 4131 816 4192 salutis
837 4131 989 4191 excitando
1011 4139 1139 4188 attentos
1160 4127 1195 4185 ad
1211 4127 1302 4187 Cbri-

164 4220 239 4270 stum
259 4204 433 4264 audiendum
453 4154 625 4268 redderent:
653 4210 722 4269 ideo
741 4230 819 4267 nnnc
840 4227 942 4268 eorum
961 4227 1064 4268 vocem
1085 4203 1212 4263 Iudaeae
1233 4203 1302 4260 lini-

165 4286 219 4344 bus
239 4281 371 4355 includit,
391 4304 476 4361 quam
497 4295 599 4364 postea
619 4285 730 4365 ubique
750 4287 786 4346 ad
806 4284 923 4344 ultimos
945 4283 1025 4343 orbis
1047 4281 1117 4343 fines
1139 4297 1301 4358 personare

165 4359 256 4421 iubet
287 4357 375 4420 ilatio
396 4373 450 4438 est,
470 4360 538 4442 quia
556 4361 658 4428 missus
677 4384 695 4426 a
713 4363 802 4468 Patre
822 4372 886 4426 erat
906 4355 1147 4422 Circumcisionis
1166 4355 1303 4418 minister

222 4485 235 4536 ,
283 4497 287 4507 .
