2790 4838
199 116 268 236 ,φ’
503 157 508 168 ·
588 207 590 214 ,
631 151 784 214 sacrm
806 153 875 214 vu.

177 306 338 380 grassem?
376 305 508 366 Sciamus
520 325 604 390 ergo,
624 307 788 368 immundos
799 306 918 387 spiritus
939 307 987 384 (ut
1004 313 1073 365 runt
1093 306 1192 366 devoti
1213 306 1323 387 exitio)

179 385 305 459 generis
331 384 448 444 humaui
472 383 570 444 hostes
595 403 670 458 esse,
704 395 954 464 utquosouuque
980 395 1103 462 possunt
1128 383 1159 442 in
1192 386 1322 446 eundem

180 475 284 522 secum
304 461 453 521 interitum
496 460 678 539 raecipitent

262 540 352 600 Mare.
372 544 419 604 15.
500 541 597 597 mium
620 535 663 596 od
683 535 791 598 Iesum.
826 535 894 595 tlte
920 536 1040 616 insigne
1066 536 1206 598 hahemus
1228 538 1324 597 docu-

183 629 332 689 mentum,
353 635 414 673 non
435 633 546 689 omues,
567 613 616 692 qui
636 613 695 674 Dei
715 633 832 673 manum
852 625 1027 694 agnoscunt,
1048 615 1194 694 proficere
1214 626 1249 672 ut
1269 616 1326 675 de·
1390 621 1391 624 ’

185 693 289 766 cohat,
316 711 375 770 quo
395 709 426 750 se
446 711 515 750 vera
536 691 647 770 pietate
665 691 709 750 illi
728 690 895 752 subiiciunt.
935 689 1097 770 Perspecto
1117 691 1261 752 miraculo
1284 693 1326 750 ti-

183 779 322 830 muerunt
342 767 508 841 Gadareni,
534 771 644 846 neinpe
668 767 736 848 quia
761 767 791 825 iu
814 765 944 826 Christo*
959 767 1128 860 relulgehat
1147 767 1207 826 Dei
1228 769 1324 828 maie-

185 859 250 906 stas.
290 844 383 902 Recte
404 844 557 903 hactenus:
579 844 631 902 sed
652 845 731 924 quod
745 843 834 914 «illum
855 865 870 902 a
891 841 1067 904 hnibussurs
1080 843 1230 924 ablegant,
1251 845 1325 923 quid

186 943 222 982 eo
244 920 370 981 deterius
390 919 455 979 lieri
476 920 591 1000 potuit?
630 923 726 981 Erant
743 921 800 1000 ipsi
820 941 939 1000 quoque
952 919 1096 1000 dissipati:
1116 921 1200 980 adest
1219 935 1326 1000 pastor

186 997 236 1078 qui
256 995 383 1078 colligit:
412 997 473 1056 irno
498 998 581 1058 Deus
606 1019 660 1077 per
686 998 775 1058 filiurn
796 1019 878 1058 suum
895 996 1017 1070 ¹brachia
1039 997 1195 1088 porrigit,
1213 1009 1247 1055 ut
1266 1019 1325 1056 sno

184 1073 338 1152 complexu
369 1073 400 1132 iu
425 1073 539 1138 coelum
566 1076 686 1150 evehat,
725 1074 774 1154 qui
800 1075 902 1133 mortis
932 1073 1064 1134 tenebris
1095 1073 1196 1133 ohruti
1227 1086 1325 1133 erant.

184 1149 294 1212 Oblata
314 1148 406 1209 salute
425 1150 539 1210 malunt
557 1151 681 1231 privari,
714 1173 800 1231 quam
820 1151 926 1211 diutius
948 1151 1026 1210 ferre
1048 1149 1157 1210 Christi
1177 1171 1324 1230 praesen-

183 1228 263 1287 tiam.
301 1227 450 1287 Videntur
470 1228 589 1307 quidem
608 1227 719 1288 iactura
739 1249 898 1308 percorum
913 1226 1033 1302 ollensi,
1052 1228 1210 1288 sedL‘ucas
1230 1226 1322 1286 altio-

183 1325 247 1364 rern
268 1325 381 1364 eausam
403 1315 503 1379 notat,
533 1307 613 1384 quod
632 1325 740 1387 magno
762 1305 869 1366 timore
890 1305 1021 1384 correpti
1042 1303 1157 1376 loreut,
1188 1315 1218 1370 et
1238 1316 1323 1364 certe

183 1393 307 1462 accepto
329 1381 436 1440 damno
458 1382 618 1462 exasperati
639 1403 700 1441 non
720 1393 889 1464 rogassent,
908 1380 960 1441 sed
980 1381 1158 1462 expulissent
1176 1402 1245 1442 eum
1265 1382 1323 1440 du-

182 1458 251 1518 rius.
291 1455 450 1518 Caeterum
483 1479 571 1535 quum
598 1471 774 1518 reverentur
796 1471 829 1518 ut
854 1457 912 1517 hlei
939 1458 1120 1531 ministrum,
1160 1455 1324 1517 loruridine

182 1545 281 1594 tamen
303 1534 430 1616 perculsi
450 1534 582 1613 cupiunt,
602 1535 708 1615 procul
728 1534 846 1596 ahesse:
866 1535 1008 1608 ridemus,
1029 1555 1080 1594 eos
1101 1532 1185 1592 nullo
1205 1535 1324 1616 gratiae

183 1611 299 1672 divinae
318 1632 405 1672 sensu
425 1610 513 1670 suisse
533 1621 636 1671 tactos.
676 1613 717 1671 Et
737 1621 816 1672 certe
838 1612 967 1692 quamvis
991 1630 1094 1670 ornnes
1119 1609 1201 1690 impii
1221 1609 1323 1670 Deum

183 1689 326 1762 adorent,
356 1698 386 1746 et
405 1687 437 1746 in
458 1707 495 1746 eo
516 1687 661 1766 placando
681 1687 804 1748 multum
825 1699 998 1748 consumant
1019 1686 1144 1761 laboris,
1174 1687 1200 1746 si
1221 1699 1323 1746 tanren

183 1764 302 1823 daretur
322 1764 423 1842 optio,
444 1783 530 1842 quam
551 1762 721 1854 longissime
741 1785 772 1824 se
793 1763 829 1824 ab
851 1786 887 1824 eo
908 1764 1122 1837 subducerent,
1143 1764 1211 1843 quia
1232 1765 1323 1824 terri-

182 1838 250 1900 hilis
270 1839 331 1899 eius
351 1839 456 1912 facies,
483 1859 569 1917 quarn
590 1842 639 1900 dm
659 1841 784 1902 iudicem
805 1840 1008 1932 potiusquam
1051 1851 1143 1901 atrem
1163 1840 1246 1900 illum
1267 1861 1322 1900 eo-

181 1917 286 1998 gitant.
308 1915 404 1974 lllinc
428 1915 463 1973 fit
486 1927 519 1974 ut
542 1917 698 1998 Evangelii
724 1920 873 1989 doctrina,
913 1939 969 1996 qua
995 1862 1068 1977 nillil
1098 1919 1214 1976 suavius
1247 1917 1322 1998 fingi

182 2003 299 2072 potest,
325 1991 430 2071 passim
451 1992 540 2074 tristis
561 2005 592 2052 et
610 1993 716 2054 acerba
735 1994 787 2068 sit,
813 2005 845 2054 ut
865 1994 943 2054 hona
965 2015 1031 2073 pars
1052 1993 1153 2053 mundi
1174 1993 1321 2073 sepultam

183 2089 244 2128 esse
265 2079 359 2149 optet.
397 2069 515 2128 Interea
535 2080 634 2130 tameu
652 2091 755 2133 verum
769 2083 822 2144 est,
843 2083 955 2150 partem
973 2071 1086 2130 timoris
1107 2091 1140 2129 ex
1161 2071 1321 2150 dispendio

181 2145 329 2205 accidisse.
382 2145 427 2204 Ita
454 2145 542 2206 hodie
568 2146 636 2206 dum
686 2147 783 2218 ublice
810 2160 840 2208 et
860 2147 994 2228 privatim
1015 2158 1154 2226 reputant
1174 2145 1322 2220 homines,

182 2219 293 2281 Christi
311 2242 436 2302 regnum
455 2222 514 2281 suis
534 2169 682 2284 commodi

183 2299 318 2377 occupati
343 2299 465 2382 gratiam
491 2299 552 2359 eius
578 2320 640 2360 nou
667 2312 793 2381 gustant.
842 2302 946 2380 Itaque
979 2323 1040 2360 erus
1066 2301 1194 2359 adventu
1219 2301 1321 2360 Deum

137 2403 140 2416 ι
180 2375 274 2457 magis
296 2375 402 2434 iratum
428 2395 514 2454 quaxn
539 2377 703 2512 prppitiurn
729 2398 790 2439 esse
817 2387 969 2458 putantes,
1008 2388 1149 2455 quantum
1169 2376 1201 2436 iu
1221 2398 1254 2438 se
1275 2388 1321 2436 est

683 2226 869 2285 sadrersum
890 2245 967 2298 esse,
997 2245 1089 2313 pravo
1117 2223 1213 2282 carnis
1240 2237 1323 2284 metu
1390 2255 1391 2260 ι

181 2450 240 2512 alio
260 2452 354 2532 ipsum
375 2452 540 2512 amandarat.
611 2475 647 2514 oc
667 2466 764 2514 autem
783 2455 865 2514 loedi
885 2455 1013 2534 stuporis
1032 2453 1147 2534 signum
1162 2466 1216 2527 est,
1238 2454 1322 2533 quod
1390 2483 1391 2500 ι

181 2547 233 2590 eos
252 2529 344 2611 magis
356 2540 458 2589 terret
476 2549 637 2608 porcorum
656 2530 777 2606 iretura,
798 2553 884 2612 quam
905 2532 1019 2596 animae
1039 2529 1115 2589 salus
1136 2531 1288 2590 exhilaret.
1390 2571 1391 2578 ι

257 2606 328 2665 Luc.
353 2613 401 2672 38.
443 2604 573 2681 Rogavit
596 2621 691 2666 nutem
714 2613 769 2671 vir.
813 2606 965 2668 Gadareni
996 2597 1145 2667 Christum
1179 2607 1259 2688 apud
1289 2628 1322 2666 se
1390 2603 1391 2630 ³

180 2680 261 2742 serre
281 2693 447 2773 nequeunt:
469 2683 520 2761 qui
540 2695 636 2742 autem
657 2704 673 2744 a
693 2685 851 2744 daemonio
873 2683 1013 2744 liberatus
1027 2682 1080 2756 eit,
1099 2683 1204 2742 relicta
1226 2685 1323 2764 patria
1390 2695 1391 2716 ¹

182 2779 248 2818 eum
269 2771 349 2838 enprt
368 2757 460 2837 sequi.
500 2759 577 2820 Hine
598 2772 735 2839 apparet,
767 2775 907 2840 quantum
938 2760 1016 2820 inter
1040 2756 1154 2820 divinae
1178 2760 1321 2820 bonitatis

182 2846 213 2894 et
253 2834 384 2894 olentiae
403 2833 540 2893 notitiam
560 2834 690 2910 intersit,
711 2837 786 2915 ·qnia
808 2836 1149 2918 potentia.lornridinem
1171 2837 1320 2897 incutiens

181 2931 198 2970 a
249 2910 284 2968 ei'
302 2921 423 2989 aspectu
447 2909 581 2969 homines
608 2911 692 2990 lugat
715 2913 744 2972 lo
808 2934 865 2992 que
897 2913 1038 2993 dispellit:
1078 2913 1195 2973 bouitas
1222 2927 1321 2974 autem

180 2985 308 3046 suaviter
327 2985 433 3060 allicit,
473 2998 506 3046 ut
524 2986 580 3046 sihi
602 2988 674 3048 nihil
696 3001 765 3068 opta
790 2990 854 3051 ilius
877 3011 939 3052 esse
958 3001 1102 3062 statuant,
1142 3011 1231 3068 quam
1251 2991 1321 3051 Deo

180 3083 243 3122 esse
263 3062 371 3121 unitos.
422 3062 484 3122 Cur
508 3075 606 3123 autem
627 3065 759 3126 Christus
786 3068 863 3127 hunc
888 3081 1004 3128 recuset
1029 3066 1137 3126 habere
1169 3069 1320 3144 comitem,

180 3138 325 3198 incertum
346 3149 404 3212 est,
436 3138 492 3216 nisi
513 3142 593 3219 quod
613 3141 788 3203 uberiorem·
804 3144 932 3204 frustum
951 3145 1019 3204 inde
1040 3155 1195 3202 venturum
1217 3165 1320 3224 spera-

180 3213 242 3288 bat,
261 3215 285 3275 si
305 3215 383 3294 apud
402 3215 526 3297 gentiles
547 3238 614 3277 suos
634 3229 693 3277 tam
713 3221 856 3298 praeclari
868 3241 900 3280 ae
914 3219 1069 3302 singularis
1087 3219 1227 3281 beneficii
1239 3222 1321 3280 testis

181 3303 274 3366 esset,
307 3292 387 3427 <pund
407 3292 493 3351 etiam
514 3291 629 3354 Marcus
649 3308 680 3355 et
698 3297 791 3357 Lucas
812 3293 956 3356 testantur
981 3298 1090 3357 lactum
1110 3317 1183 3357 esse.
1224 3297 1320 3371 Quod

180 3366 265 3427 iubet
285 3367 310 3428 C
332 3368 418 3428 ristus
438 3371 557 3429 narrare
578 3391 651 3452 opus
672 3373 741 3446 Dei,
761 3393 822 3432 non
843 3395 937 3448 suum,
958 3374 1015 3433 hoc
1037 3372 1161 3434 consilio
1183 3375 1266 3446 lacit,
1286 3387 1321 3434 ut

180 3465 236 3524 pro
263 3465 334 3505 vero
354 3444 414 3504 Dei
438 3443 572 3506 ministro
601 3461 631 3507 et
655 3449 807 3529 Propheta
827 3449 942 3509 habitus
963 3449 1096 3511 docendi
1109 3451 1318 3511 auctoritatem

180 3520 325 3582 obtineat.
357 3521 407 3582 Sic
428 3524 507 3582 enim
526 3523 666 3603 paulatim
688 3527 797 3586 erudiri
820 3528 954 3606 oportuit
973 3529 1075 3587 rudem
1094 3527 1251 3606 populum,
1272 3527 1320 3588 cui

178 3598 311 3658 nondum
342 3599 461 3678 cognita
490 3612 553 3659 erat
578 3601 639 3662 eius
660 3603 803 3663 divinitas.
854 3605 1039 3682 Quanquam‘
1063 3615 1159 3662 autem
1182 3603 1319 3664 Christus

178 3675 255 3736 scala
274 3686 334 3750 est,
365 3697 530 3754 perquam
556 3679 593 3738 ad
612 3678 710 3738 Deum
730 3679 848 3738 Patrem
874 3681 1096 3763 conseepditur,
1127 3681 1196 3758 quia
1216 3693 1319 3740 tamen

177 3753 311 3812 nondum
333 3751 495 3832 patefactus
521 3765 601 3827 erat,
639 3755 755 3814 initium
780 3778 794 3816 a
816 3758 903 3816 Patre
925 3757 1010 3832 lecit,
1050 3757 1146 3816 donec
1173 3757 1320 3818 maturior

179 3841 255 3888 esset
276 3829 491 3910 opportunitas.
529 3831 616 3890 Nunc
637 3833 770 3892 addenda
792 3845 835 3892 est
851 3854 996 3916 anagoge.
1037 3832 1270 3893 Christusenirn.
1286 3834 1318 3893 in

178 3904 263 3964 unius
284 3904 410 3964 hominis
438 3927 564 3985 persona
591 3908 652 3967 eius
672 3909 784 3990 gratiae
804 3911 955 4001 specimen
976 3911 1082 3984 edidit,
1114 3931 1189 3989 quae.
1211 3910 1248 3970 ad
1268 3923 1318 3970 to-

177 3993 239 4038 tum
260 4001 351 4062 genus
372 3981 528 4042 hunraoum
551 3985 723 4044 extenditur.
762 3988 826 4045 Etsi
847 3988 925 4046 enirn
946 4009 1007 4047 non
1020 3999 1195 4067 torquemur
1216 4009 1231 4046 a
1254 3989 1317 4046 dia-

179 4055 269 4128 holo,
295 4078 349 4116 nos
369 4069 467 4117 tamen
487 4059 543 4118 sihi
563 4061 745 4140 mancipatos
766 4063 870 4137 hahet,
901 4066 997 4122 donee
1017 4065 1054 4124 ab
1076 4065 1137 4123 eius
1157 4064 1318 4143 tyrannide

143 4185 154 4200 .
178 4151 234 4190 nos
254 4122 384 4192 vindicet
403 4134 494 4194 Filius
514 4135 582 4194 Dei.
621 4139 710 4211 Nudi,
731 4139 821 4198 laceri
841 4153 871 4198 et
890 4141 1038 4201 deformes
1058 4141 1239 4214 aberramus,
1260 4143 1317 4200 do-

178 4225 236 4264 nec
255 4228 342 4266 sanae
369 4221 399 4268 et
423 4211 603 4290 compositae
629 4215 721 4273 menti
747 4237 801 4276 nos
821 4217 964 4276 restituat.
1011 4219 1169 4296 Superest,
1201 4230 1235 4278 ut
1255 4217 1317 4277 eius
1390 4295 1391 4306 χ

179 4281 301 4362 gratiam
322 4283 500 4348 celebrando
520 4289 728 4369 gratitudinem
748 4305 879 4354 nostram
899 4303 1049 4354 testemur.
