2814 4846
59 217 69 344 ,Ι
132 256 174 320 tt)
343 245 460 310 SECT.
479 244 565 308 xllt.
604 219 777 308 sinuosas
797 255 841 304 ar
860 257 1073 306 samsones.

177 500 244 541 cere
264 476 385 562 singulis
403 488 561 538 momentis
580 476 668 538 vitam
682 474 850 537 hominibus
863 496 904 536 err
928 474 948 548 i,
967 493 1054 554 quam
1075 493 1167 552 opum
1187 494 1307 534 suarum

157 556 284 618 raesidio
303 554 399 635 probe
419 554 561 614 munitam
582 563 695 632 putant.
733 554 833 631 Atque
853 552 891 610 pn.
905 496 963 612 lloe
982 549 1123 611 stultitiae
1133 551 1309 632 coarguitur

158 633 217 698 'ves
236 632 301 706 iste,
321 631 402 726 guod
421 630 510 692 vitam
530 649 610 690 suam
631 628 748 690 aliunde
769 629 900 710 pendere
920 648 983 687 non
1004 637 1190 718 agnosceret.

172 705 175 714 ’
210 715 259 774 21.
296 707 349 768 Sao
364 710 419 786 qui
440 705 569 768 mandit
592 704 655 767 sibi.
694 705 797 779 Quum
825 705 873 766 hie
904 703 1063 764 antithesin
1089 723 1152 764 esse
1179 713 1306 776 constet,

135 785 254 848 alterius
274 783 399 844 membri
420 782 563 862 expositio
585 803 618 844 ea
638 782 732 843 altero
752 782 890 863 petenda.
928 779 1111 840 Deficiamus
1128 799 1215 871 ergo,
1236 781 1306 858 quid

65 891 69 896 ·
134 863 194 922 lroc
213 861 271 921 sibi
290 859 379 934 velit,
398 857 511 918 divitem
529 862 638 923 esseio
657 859 738 934 Deo,
758 858 806 920 vel
827 877 896 938 erga
916 858 1032 931 Deum,
1054 856 1102 916 vel
1121 855 1183 916 Der
1203 877 1249 916 res
1274 878 1305 916 e-

135 949 194 1000 ctu.
235 935 298 1012 Qui
315 936 506 996 mediocriter
525 935 677 998 exercitati
697 948 765 996 suut
785 934 995 1014 inscriptura,
1015 933 1112 992 sciunt
1132 879 1305 1011 particuliam

135 1018 174 1077 ets
197 1034 261 1073 non
280 1033 349 1072 raro
370 1011 464 1091 accipi
481 1031 538 1091 pro
558 1018 598 1071 tr.
640 1013 799 1074 Caeterum
821 1010 933 1071 utrovis
952 1010 1050 1072 modo
1070 1020 1216 1079 sumatur,
1243 1013 1306 1070 non

134 1090 260 1149 multum
279 1088 411 1162 interest,
432 1087 498 1167 quia
518 1087 575 1148 buc
595 1087 673 1148 redit
691 1108 812 1162 summa,
831 1085 930 1147 diuites
949 1107 1012 1147 esse
1025 1087 1184 1146 secundum
1195 1084 1307 1160 Deum,

137 1165 188 1244 qui
208 1165 298 1225 rebus
316 1164 442 1226 terrenis
463 1185 525 1224 non
545 1164 649 1226 confisi
668 1164 705 1226 ab
725 1165 812 1224 unica
832 1164 908 1224 illius
924 1161 1308 1243 providentia'dependent.

135 1243 201 1304 Nec
221 1241 327 1317 refert,
347 1239 538 1302 abundeutne
559 1262 596 1301 an
618 1244 760 1302 esuriant:
780 1241 871 1302 modo
891 1240 1008 1319 utrique
1029 1259 1135 1318 panem
1155 1237 1305 1317 quotidia-

134 1339 207 1380 num
228 1318 342 1380 sincere
385 1329 467 1378 etant
485 1337 501 1377 a
521 1316 663 1378 Domino.
702 1317 778 1378 Nam
799 1317 859 1377 eius
885 1316 1054 1408 oppositum
1078 1313 1231 1375 recondes-e
1249 1313 1307 1374 siti

134 1395 309 1456 tantundem
328 1338 409 1454 valet
427 1415 476 1468 ac,
502 1393 672 1476 posthabita
691 1394 750 1454 Dei
771 1393 998 1467 benedictione,
1024 1392 1107 1451 anxie
1129 1412 1307 1452 coacervare

135 1469 257 1532 multam
280 1471 406 1552 copiam,
431 1482 464 1530 ut
484 1469 589 1532 fiducia
609 1471 641 1530 in
660 1469 775 1532 horreis
794 1469 906 1546 inclusa
926 1469 972 1530 sit.
1010 1468 1090 1529 Hine
1110 1467 1199 1529 linem
1219 1489 1308 1547 para·

136 1546 226 1610 belae
246 1547 388 1630 colligere
408 1559 579 1628 promptum
600 1559 653 1620 est,
672 1547 754 1607 irrita
767 1547 955 1607 soreeorum
976 1545 1098 1607 consilia
1118 1557 1148 1605 et
1165 1543 1308 1604 ridiculos

135 1636 274 1699 conatus,
305 1624 356 1703 qni
380 1643 472 1702 opum
494 1643 610 1684 suarum
637 1623 815 1690 abundantia
839 1622 931 1682 innixi
956 1622 988 1682 in
1008 1623 1105 1685 Deum
1124 1620 1222 1680 solum
1242 1640 1303 1680 uon

134 1700 343 1774 recubuerint,
371 1720 428 1760 uec
448 1700 583 1760 contenti
603 1700 714 1759 suerint
733 1719 784 1760 sua
802 1719 955 1773 mensura,
980 1698 1074 1778 parati
1094 1698 1132 1760 ad
1150 1711 1306 1778 utramque

135 1775 296 1852 iortumm,
315 1797 355 1836 ao
368 1776 488 1836 tandem
507 1795 576 1836 suae
596 1775 732 1838 vanitatis
751 1795 880 1857 poenam
899 1777 1043 1838 daturos·

131 352 253 545 πὶάιω
272 399 326 462 aba
343 419 377 462 re
395 398 651 490 philosopbantur.
677 398 808 480 Simplex
828 409 925 459 autem
937 395 1048 458 Christi
1068 391 1226 458 consilium
1239 395 1306 474 luit,

217 2006 323 2088 (115.)
343 2005 446 2077 Luc.
458 2008 543 2076 Xlll.
565 2007 593 2074 1.
606 2007 752 2075 Aderant
765 2018 870 2075 autem
885 2007 1015 2096 quidam
1029 2003 1145 2074 eodem
1155 2016 1305 2094 tempore

87 2163 90 2174 .
134 2112 320 2182 nuntiantes
346 2109 396 2177 illi
423 2109 465 2178 de
493 2109 664 2190 Galilaeis,
704 2134 840 2200 quorum
873 2114 1061 2198 sanguinem
1092 2111 1214 2177 Pilatus
1247 2112 1313 2205 mi,
1389 2123 1392 2130 ⁴

53 2247 75 2304 g
136 2223 265 2282 seuerat
292 2236 364 2280 cum
389 2213 559 2281 sacrifieiis
587 2236 708 2283 eorum.
756 2217 786 2306 2.
812 2216 855 2281 Et
879 2215 1084 2301 respondens
1109 2214 1199 2278 lesus
1229 2210 1308 2278 dixit

134 2317 217 2396 illis,
243 2317 365 2383 Putatis
387 2316 476 2404 quod
499 2317 533 2382 bi
555 2316 699 2384 Galilaei
721 2335 801 2403 prae
829 2321 953 2382 cunctis
976 2315 1133 2382 Galilaeis
1154 2323 1306 2400 peceato-

114 2442 189 2489 ·res
209 2418 343 2502 luerint,
365 2422 454 2509 ‘quia
474 2420 552 2487 talia
571 2424 658 2508 passi
679 2425 772 2488 sunt?
812 2421 842 2486 3.
868 2421 962 2503 Non,
993 2422 1067 2487 dico
1088 2413 1199 2486 vobis':
1230 2419 1306 2494 imo,

134 2527 199 2594 nisi
217 2526 435 2612 resipueritis,
469 2546 582 2591 omnes
609 2523 756 2592 similiter
781 2521 936 2610 peribitis.
977 2524 1007 2592 d
1035 2523 1101 2590 Aut
1120 2522 1170 2589 illi
1192 2519 1306 2588 decem

137 2639 171 2697 et
190 2639 281 2708 octo,
321 2649 417 2715 supra
438 2649 523 2714 quos
544 2629 662 2694 cecidit
683 2629 778 2694 turris
807 2628 841 2695 in
863 2626 992 2707 Siloah,
1035 2639 1068 2694 et
1094 2625 1217 2693 occidit
1238 2646 1306 2700 eos,

134 2735 256 2828 putatis
283 2728 373 2818 quod
400 2729 566 2799 debitores
593 2732 715 2798 luerint
741 2731 835 2802 ultra
857 2742 990 2798 cunctos
1022 2731 1184 2809 homines,
1218 2727 1308 2794 babi-
1399 2757 1400 2764 ¹

136 2847 242 2903 lantes
268 2830 528 2918 Hierosolymis?
569 2833 598 2898 ὃ.
625 2833 715 2912 Non,
746 2833 821 2901 dico
848 2833 958 2900 vobis:
989 2836 1054 2902 imo
1076 2836 1137 2900 nisi
1158 2835 1306 2919 resipue-

135 2940 221 3020 ritis,
254 2955 367 3004 omnes
388 2934 534 3000 similiter
554 2935 710 3022 peribitis.
759 2941 790 3001 6.
823 2936 965 3002 Dicebat
992 2933 1027 3002 et'
1049 2937 1134 3002 bano
1159 2937 1305 3002 similitu·

137 3041 262 3108 dinem:
296 3036 455 3105 Arborem
478 3038 532 3103 lici
554 3037 697 3104 habebat
718 3039 847 3127 quidam
874 3039 1045 3127 plantatam
1067 3043 1102 3107 in
1122 3043 1218 3106 vinea
1239 3061 1306 3118 sua,

137 3155 172 3212 et
197 3145 288 3209 venit
309 3161 473 3229 ,quaerens
500 3133 642 3208 tructum'
665 3145 699 3208 in
727 3141 800 3224 illa,
834 3153 867 3211 et
893 3145 1120 3210 noninvents.
1163 3145 1191 3210 ’1.
1220 3145 1307 3216 Dixit

83 3312 89 3320 ,
138 3255 246 3313 autem
267 3245 310 3312 ad
332 3241 489 3309 cultorem
508 3247 639 3325 vineae,
659 3245 746 3312 Eece
769 3250 846 3314 anui
866 3261 931 3314 tres
951 3229 1036 3326 sunt,
1058 3267 1096 3312 ex
1117 3269 1183 3334 quo
1205 3250 1305 3312 venio

137 3369 299 3446 quaerens
320 3347 457 3426 fructum
479 3349 513 3413 in
535 3347 601 3415 ficu
621 3349 698 3429 bac,
730 3359 763 3414 et
783 3370 850 3416 nou
872 3352 1022 3416 invenio:
1054 3349 1190 3416 succide.
1206 3349 1305 3426 illam,

46 3441 50 3449 ’
138 3450 183 3518 ad
203 3450 282 3540 quid
302 3449 358 3516 vel
377 3461 493 3517 terram
516 3455 671 3538 occupat?
712 3453 742 3518 8.
772 3454 816 3519 At
837 3450 894 3519 ille
915 3452 1119 3541 respondens
1146 3453 1228 3518 dixit
1247 3453 1306 3532 illi,

136 3555 295 3636 Domine,
328 3557 399 3621 sine
425 3553 515 3620 illam
543 3567 575 3621 et
596 3557 660 3622 hoo
681 3576 782 3636 anno,
817 3554 923 3624 donee
942 3555 1060 3624 lodero
1083 3561 1201 3622 circum
1225 3577 1304 3632 eam,

30 3679 33 3689 ’
139 3670 174 3727 et
193 3662 338 3726 iniecere
360 3671 496 3726 stercus:
537 3661 567 3724 9.
593 3658 636 3724 Et
656 3662 683 3724 si
712 3659 843 3748 quidem
864 3661 979 3728 lecerit
999 3660 1150 3728 fructum:
1176 3661 1228 3726 sin
1248 3661 1306 3724 mi·
1399 3743 1400 3750 ἵ

137 3783 213 3846 nus,
233 3767 268 3830 in
288 3771 452 3848 posterum
475 3761 623 3829 succides
644 3783 724 3829 eam.
759 3845 762 3852 .

155 3985 157 3990 ,
212 3928 242 3987 2.
265 3919 398 3988 ,Pastoris
420 3917 501 4000 prod
520 3915 551 3996 lsi
564 3918 687 4000 fuer-int
708 3933 761 3980 etc.
799 3920 858 3980 Hic
887 3917 970 3984 locus
994 3921 1041 3984 vel
1071 3920 1127 3983 bac
1156 3921 1194 3984 de
1219 3941 1306 3983 cansa

138 4017 154 4060 a
176 3998 272 4079 prime
291 3997 371 4058 utilis
392 4008 451 4072 est,
472 3997 552 4076 quod
574 3996 621 4056 liic
640 3995 760 4056 morbus
780 3997 867 4059 nobis
887 3999 950 4060 iere
970 3998 1119 4080 ingenitus
1140 4012 1184 4060 est
1220 4011 1254 4059 ut
1273 3999 1305 4059 in

168 4075 212 4134 ios
231 4072 316 4134 nimis
336 4073 425 4154 rigidi
451 4093 485 4133 ac
511 4072 606 4133 severi
633 4072 743 4133 iudices
771 4074 858 4134 nobis
877 4074 1061 4136 blandiamur
1085 4075 1118 4134 iu
1143 4075 1226 4136 mais
1247 4096 1305 4136 uo·

137 4151 213 4214 stris.
238 4149 334 4209 Itafit
352 4161 467 4210 utnon
488 4148 583 4210 solum
603 4149 708 4225 acrius,
729 4169 815 4230 quarn
834 4173 889 4243 par
908 4163 961 4226 est,
981 4151 1159 4234 exagitemus
1179 4151 1304 4212 fratrum

136 4235 270 4309 peecata,
287 4245 400 4300 rerum,
420 4225 539 4287 simulac
559 4225 686 4307 contigit
705 4226 745 4286 eis
765 4227 874 4308 aliquid
894 4227 1022 4302 adversi,
1043 4227 1125 4307 quasi
1144 4227 1305 4288 sceleratos

7 4367 14 4382 ,
136 4314 170 4364 et
194 4301 341 4382 reprobos
366 4303 544 4364 damnemus.
589 4301 712 4363 Interim
739 4303 869 4442 olrpisquis
895 4325 957 4364 non
978 4315 1101 4366 uretur
1126 4325 1216 4366 manu
1233 4304 1306 4377 Dei,

138 4399 241 4442 secure
260 4378 389 4460 peccatis
408 4379 467 4442 suis
485 4379 643 4459 indormit,
671 4379 730 4444 acsi
781 4400 847 4444 eum
867 4379 990 4448 haberet
1008 4324 1158 4448 irruentem
1177 4403 1211 4443 ac
1230 4401 1305 4462 pro-

800 4505 817 4528 ἱ

710 4533 717 4544 κ
