2814 4846
340 267 528 356 (no—119.
567 276 615 360 ne,
633 276 738 339 susus
757 281 991 364 supersessa.)
1200 293 1253 354 ss

83 427 286 508 coelestisque
306 448 336 488 sa
359 423 468 490 ientiae
489 429 668 492 domicilium
693 432 804 494 clectus
823 447 902 510 erat,
925 456 987 496 uon
1010 454 1069 496 uua
1094 437 1142 496 vel
1161 437 1252 500 altera

86 505 193 578 caede,
214 505 322 565 seder
344 507 435 566 maria
456 518 553 587 strage
566 507 782 588 Prophetarum
795 511 1034 590 pollutusluerit
1075 512 1166 574 Certe
1185 515 1253 574 hinc
1365 543 1369 556 ·

85 593 225 664 apparet,
247 601 333 660 quam
347 595 504 644 contumax
516 585 554 643 sit
567 586 669 645 muudi
687 586 869 667 ingratitudo
886 589 924 648 ad
939 589 1138 672 repellendam
1152 609 1252 651 sanam

85 659 267 720 doctrinam.
308 657 485 752 Quanquam
506 661 688 738 exclamatio,
729 683 783 722 uae
803 664 951 725 contiuuo
967 677 1035 746 post
1053 666 1132 746 apud
1142 665 1252 728 Lucam

84 735 233 816 sequitur,
259 734 377 795 videtur
396 757 437 796 stc
458 738 585 814 contexi,
612 739 696 817 qrrasi
708 683 849 800 (hhristus
868 753 983 821 sumpta
1003 743 1161 804 occasione
1179 755 1253 805 tuuc

84 824 192 872 contra
213 811 354 871 Hierosol
369 833 452 873 'mam
472 813 603 875 invectus
622 815 677 888 sit,
701 835 759 899 ego
777 819 988 899 tamenmagis
1014 819 1170 894 arbitrer,¹
1183 819 1252 898 quia

83 889 179 949 Lucas
192 887 332 979 dixerat,
349 965 357 979 ‚
388 888 593 971 ierosolymam
615 891 728 971 pridem
747 893 890 986 sanguiue
909 893 1093 976 Prophetico
1112 895 1253 958 imbutam

84 987 165 1036 esse,
190 984 253 1024 rmo
276 965 416 1025 comantia
436 967 594 1027 multarum
614 979 742 1028 aetatum
762 989 839 1030 serre
860 971 1008 1032 crudelem
1030 984 1061 1032 et
1079 973 1251 1056 sacrilegam

85 1041 287 1104 carnificinam
307 1042 470 1103 exercuisse
487 1043 649 1104 mactandis
662 1044 830 1125 Prophetas,
849 1048 945 1120 statim
955 1069 1010 1108 suo
1023 1067 1107 1109 more
1120 1049 1252 1112 inserere

88 1118 278 1192 seutentiam,
298 1139 373 1197 quae
393 1139 459 1178 cum
479 1139 617 1180 sermone
636 1120 689 1181 illo
707 1122 900 1204 congruebat.
923 1123 1123 1204 'Supraenim
1135 1125 1253 1206 aliquo-

85 1195 142 1255 ties
151 1194 289 1268 vidimus,
308 1193 428 1256 minime
449 1195 493 1256 illi
514 1217 577 1258 esse
595 1197 779 1277 infrequens,
798 1197 1252 1284 dictaChristivariistempori-

83 1271 138 1333 hus
157 1271 284 1352 prolata·
295 1269 382 1332 simul
402 1271 555 1356 colligere.
891 1309 894 1316 ·

73 1500 80 1518 ·
146 1511 253 1592 (us.)
270 1509 371 1578 nuc.
386 1513 438 1578 xl.
464 1477 572 1594 laet
590 1533 687 1601 quum
705 1511 908 1600 loqueretur,
928 1517 1053 1602 rogam
1070 1515 1161 1584 snum
1181 1514 1251 1606 qut.

85 1615 158 1681 dam
180 1615 387 1695 Pharisaeus,
415 1626 451 1681 ut
477 1613 655 1715 pranderet
683 1615 772 1704 apud
788 1615 848 1715 se:
876 1619 966 1702 lesus
986 1629 1099 1691 ,auten
1127 1623 1250 1709 ingres-

85 1739 139 1783 sus
163 1717 328 1785 acouhuit.
369 1720 420 1786 38.
446 1718 639 1785 Pharisaeus
664 1730 787 1806 autem,
812 1741 909 1807 quum
938 1721 1088 1802 vidisset,
1114 1722 1250 1788 admiru-

85 1829 135 1886 tus
164 1832 227 1902 est,
255 1821 345 1910 quod
371 1843 439 1889 uon
467 1825 556 1909 prius
583 1821 714 1888 lavisset
738 1835 812 1890 aute
841 1821 1020 1912 prandium.
1061 1825 1113 1892 39.
1143 1825 1186 1892 Et
1207 1827 1251 1894 eit

85 1927 247 1993 Dominus
274 1927 318 1992 ad
338 1924 444 2006 illum,
470 1919 566 1990 Nune
594 1945 652 1992 vos
677 1926 841 1994 Pharisaei
870 1913 1029 1995 exteriora
1055 1917 1169 2016 poculi
1197 1949 1249 1995 oa·

85 2033 211 2116 tiuique
232 2028 409 2096 mundatis:
437 2041 470 2095 et
491 2027 580 2116 quod
602 2031 688 2094 intus
711 2032 887 2107 selvestri,
913 2027 1044 2115 plenum
1065 2041 1115 2095 est
1134 2035 1250 2118 rapina

86 2145 118 2199 et
137 2131 270 2199 malitia.
311 2132 363 2198 40.
384 2131 493 2210 Stulti,
520 2145 632 2208 noune
651 2129 707 2219 qui
727 2125 822 2212 iecit,
835 2131 939 2222 ”quod
961 2131 1040 2200 ioris
1062 2143 1126 2222 est,
1152 2138 1249 2202 etiam

30 2321 36 2336 .
82 2235 119 2303 id
144 2235 238 2325 quod
264 2237 351 2302 intus
377 2247 426 2302 est
451 2233 542 2324 lecit?
573 2233 648 2300 ¹41.
681 2225 919 2302 Caeterumex
948 2255 1004 2331 eo,
1031 2221 1124 2320 quod
1148 2235 1250 2320 adest,

83 2339 158 2406 date
177 2338 436 2424 eleemosynam:
457 2347 491 2402 et
511 2355 589 2402 ecoe
611 2340 720 2405 omnia
741 2337 862 2404 munda
883 2347 960 2402 sunt
979 2334 1083 2403 vohis.

160 2487 313 2550 Convenit
331 2486 525 2567 aliquatenus,
548 2501 609 2545 uon
629 2495 728 2545 umen
747 2483 907 2559 intutum,
931 2485 1004 2545 haec
1028 2488 1159 2548 namatio
1179 2499 1246 2550 cuni

86 2585 121 2626 ea
140 2563 289 2640 doctrina,
308 2585 395 2644 quam
406 2563 548 2632 Matthaei
567 2562 682 2622 decimo
696 2561 801 2641 quinto
814 2559 911 2641 capite
928 2560 1091 2637 habuimus,
1110 2573 1247 2626 externos

85 2641 197 2708 scilicet
214 2642 290 2702 ritus
309 2640 476 2700 humanitus
491 2639 651 2714 deventus,
678 2637 784 2774 opibus
809 2638 957 2701 servandis
981 2637 1047 2718 plus
1070 2639 1139 2700 satie
1163 2641 1247 2702 auxie

85 2717 192 2780 intenti
212 2729 300 2794 eraut
311 2717 424 2791 Iudaei,
444 2717 511 2776 datu
523 2735 615 2796 opera
636 2735 697 2796 ueg
708 2727 790 2776 ectos
803 2713 920 2776 luisses
938 2713 1070 2788 Christo,
1089 2727 1124 2776 ut
1141 2731 1247 2798 super-

85 2795 236 2858 stitionem
283 2793 366 2873 opuli
390 2811 424 2854 ac
447 2792 621 2872 praesertim
645 2787 807 2854 scrihhrum
831 2790 1005 2884 corrigeret.
1044 2791 1125 2852 Deus
1150 2805 1246 2856 certas
1289 2813 1294 2827 ·

86 2873 224 2951 qrnsdam
244 2813 410 2932 ahlutiones
429 2868 461 2930 in
480 2869 523 2930 Le
547 2889 633 2930 esua
652 2879 855 2950 praeceperat,
880 2867 985 2960 quihus
1004 2889 1072 2930 suos
1090 2869 1128 2934 ad
1147 2889 1246 2932 teram
1269 2893 1274 2906 ·

86 2947 244 3028 puritatem
262 2946 460 3006 meditandam
479 2891 592 3006 utiliter
610 2957 771 3012 exerceret,
793 2945 896 3006 Iudaea
906 2945 959 3006 hac
970 2945 1172 3008 mediocritate
1182 2965 1246 3008 non

85 3025 221 3084 contenti
240 3021 345 3084 multas
365 3021 434 3083 alias
453 3021 581 3083 lotiones
601 3021 788 3097 addiderant,
835 3022 985 3082 raesertim
1004 3043 1045 3085 ue
1063 3021 1127 3104 quis
1146 3022 1246 3084 cibum

84 3111 205 3181 saperet
224 3097 281 3160 nisi
301 3098 412 3158 lustrali
432 3117 510 3178 aqua
526 3097 672 3180 periurus,
697 3098 782 3159 sicuti
834 3117 917 3159 arcus
935 3119 966 3160 re
988 3099 1060 3159 timo
1081 3119 1114 3161 ca
1136 3099 1178 3161 ite
1197 3099 1246 3160 iu-

83 3177 141 3238 sius
158 3187 279 3252 namat,
302 3185 334 3235 et
359 3185 442 3266 patet
461 3195 495 3236 ex
513 3175 652 3238 secundo
666 3196 699 3242 oa
721 3175 764 3236 ite
780 3175 911 3238 loannis.
976 3195 1047 3237 orro
1067 3121 1183 3238 adhoc
1199 3177 1245 3238 ri·
1359 3239 1363 3246 ,

83 3253 156 3314 tium
175 3273 267 3334 prava
287 3251 392 3312 fiducia
411 3262 582 3327 accesserat,
603 3249 670 3330 quia
709 3273 726 3314 e
743 3251 886 3332 spirituali
896 3251 956 3312 Dei
972 3251 1053 3312 cultu
1062 3273 1126 3314 uon
1140 3255 1244 3328 admo-

85 3329 154 3390 dum
173 3327 393 3396 sollieitihelle
412 3349 444 3388 se
464 3329 636 3410 perfunctus
655 3327 809 3410 putabant,
828 3327 918 3388 modo
929 3327 1022 3422 figura
1034 3315 1139 3391 inDei
1144 3329 1244 3392 locum

82 3407 265 3466 succederet.
305 3401 449 3479 Christus,
468 3425 558 3484 quum
577 3400 848 3470 offendiculoiore
868 3424 930 3464 uon
950 3411 1070 3488 r'guoret
1088 3406 1172 3468 huius
1193 3427 1245 3468 ce·
1366 3465 1368 3472 .

79 3481 236 3544 maroniae
256 3488 476 3562 contemptum,
500 3503 564 3547 eam
588 3493 690 3542 tamen
714 3480 838 3557 omittit,
862 3491 897 3542 ut
915 3481 1052 3568 ostendat
1070 3481 1168 3542 Deum
1187 3482 1247 3542 nti-
1289 3516 1293 3526 x

81 3559 334 3715 ffiergrpplpppprp
344 3558 516 3623 munditiem
527 3558 624 3632 ,cauis
634 3557 755 3634 morari,
773 3559 826 3622 sed
844 3556 1025 3646 spiritualem
1044 3559 1142 3620 cordis
1161 3557 1245 3619 iusti-

156 3711 231 3773 Luc.
243 3716 292 3778 39.
317 3711 467 3771 Netttouos
477 3708 641 3772 Pharisaei·
660 3713 731 3774 Non
743 3707 934 3792 reprehendit
950 3703 1094 3770 hocloco
1107 3706 1243 3771 Christus
1355 3749 1356 3756 κ

81 3787 270 3864 Pharisaeos,
287 3785 373 3848 sicuti
397 3781 475 3866 apud
487 3789 667 3856 Matthaeum
679 3789 860 3864 ethiarcurm
880 3788 960 3867 quod
978 3797 1167 3866 praepostere
1185 3786 1242 3846 hu·

80 3863 175 3925 mauis
195 3863 371 3926 commentis
389 3863 488 3926 Deum
507 3863 623 3942 colant,
650 3889 684 3928 ao
710 3877 835 3946 propter
854 3885 918 3938 suas
937 3861 1110 3944 traditiones
1129 3861 1244 3926 violent

81 3939 196 4023 Legem
207 3939 356 4002 Dei2‘sed
376 3947 498 4002 c'rassam
519 3937 689 4032 hypocrisin
708 3949 821 4002 tantum
841 3940 971 4022 attingit,
1012 3937 1071 3999 uod
1084 3937 1242 4019 puritatem

81 4039 145 4078 nou
165 4018 224 4078 nisi
243 4017 276 4078 in
295 4017 447 4078 homiuum
468 4015 561 4078 oculu
583 4031 734 4110 appetant,
754 4017 835 4098 quasi
848 4016 904 4077 illis
922 3961 1067 4079 cum‘lleo
1083 4015 1156 4076 nihil
1166 4026 1243 4080 esset

79 4094 207 4187 negotii.
232 4093 968 4176 Haecautemreprehensioinomneshypocritas
981 4114 1047 4156 com
1071 4093 1133 4169 etit,
1154 4095 1242 4168 etiarn

80 4191 132 4251 qur
152 4171 184 4231 in
208 4168 385 4264 ceremoniis
403 4159 541 4234 diviuitds'
559 4171 701 4264 mandatis
720 4162 857 4244 iustitiam
870 4181 1008 4262 statuunt.
1071 4170 1243 4262 epqneplps

76 4245 953 4418 istil‘sstlff'qhlssttsalttddlfltldffltt
967 4245 1244 4404 ,ttlthltilt

76 4403 199 4464 colatur
217 4395 318 4480 Deus,
342 4421 403 4463 uon
427 4412 524 4462 autem
547 4401 738 4485 spiritualiter
763 4401 822 4461 fide
847 4409 879 4460 et
903 4419 979 4480 puro
1005 4399 1102 4460 cordis
1121 4399 1240 4460 allectat.

985 4475 1040 4541 3*
