2756 4838
318 240 400 318 (175.
439 236 614 322 Responsio
635 235 675 298 de
692 255 783 298 censu
802 237 926 317 tants.)
1033 265 1038 276 ·
1144 230 1215 310 Μ’

49 395 105 454 luin
124 411 189 452 curu
212 391 329 472 impuro
354 411 409 464 suo
429 389 510 452 cultu
529 390 736 452 damnabantil
747 390 810 470 ipse
829 401 931 452 autern·
947 411 1016 453 ines
1035 391 1201 467 adulatores

50 468 182 543 babebat,
202 468 252 559 qui
271 468 404 528 colorem
424 468 600 530 inducerent
623 487 782 547 perversae
807 467 869 529 eius
890 467 1050 538 doctrinae.
1096 467 1201 548 ltaque

49 557 160 626 praeter
180 545 251 604 alias
271 555 363 615 sectas
383 541 437 605 illo
456 553 594 624 tempore
614 555 682 604 nata
702 556 767 605 erat
785 544 879 606 aulica
898 543 1014 625 religio.
1109 592 1116 602 ,

117 629 164 688 16.
202 622 317 690 Sdmus
429 643 524 682 masc
540 624 589 682 sis.
633 621 716 686 llaec
742 632 788 682 est
810 613 920 682 iustitia
947 642 1033 710 quain
1053 621 1201 696 simulant,

47 699 109 758 dnm
127 720 159 760 se
179 698 288 758 blande
308 721 341 758 su
363 697 469 758 iiciunt
489 697 627 770 Christo,
646 699 727 777 qnasi
747 697 878 760 discendi
898 699 1011 776 cupidi:
1032 719 1087 758 nec
1107 697 1202 758 solnm

46 775 144 836 imbuti
164 775 286 855 pietate,
305 775 465 836 sedetiam
485 776 522 835 de
541 773 618 835 illios
638 774 773 835 doctrina
797 787 880 834 reete
904 776 1044 854 persuasi.
1082 777 1157 848 Nam
1177 774 1202 834 si
1272 817 1296 850 n.

46 853 191 913 exanimo
212 850 328 930 loquuti
348 863 454 926 essent,
473 851 546 912 baec
565 871 635 912 vera
654 863 718 911 erat
735 852 893 916 rectitudo.
956 873 1025 912 nare
1042 846 1079 912 ex
1099 870 1202 913 eorum

45 927 134 990 verbis
154 928 244 1008 probi
264 927 373 1008 fidique
393 927 533 1002 doctoris,
552 927 668 1007 qualem
686 948 718 988 se
739 926 889 988 Christum
908 931 945 991 ha
970 949 1018 990 ere
1039 928 1204 1011 fingebant,

46 1005 172 1066 definitio
193 1005 294 1066 collii
337 1015 422 1066 otest
461 1006 606 1068 Veracem
631 1025 693 1064 esse
714 1005 831 1080 dicunt,
858 1005 909 1097 qiii
927 1005 987 1070 Dei
1007 1006 1083 1066 viam
1103 1005 1202 1080 docet,

46 1081 96 1144 boc
115 1094 170 1154 est,
189 1083 240 1162 qni
260 1025 353 1143 duciis
373 1094 418 1142 cst
428 1081 488 1143 Dei
499 1081 660 1171 interpres:
680 1093 712 1140 et
731 1081 850 1160 quidem
868 1083 1050 1160 inveritate,
1068 1082 1127 1144 boc
1147 1093 1202 1156 est,

45 1158 101 1218 sine
124 1158 184 1219 ulla
210 1158 387 1239 corruptela.
445 1159 502 1218 Via
524 1159 585 1218 Dei
615 1157 788 1220 commentis
819 1160 972 1222 bominum
1002 1171 1033 1220 ct
1058 1157 1201 1218 extraneis

46 1234 175 1296 omnibns
197 1233 340 1296 doctrinis
360 1236 539 1316 opponitur:
559 1232 773 1299 veritasautem
787 1235 953 1312 ambitioni,
973 1234 1202 1368 avafitiae,pra-

44 1311 140 1390 visque
160 1309 224 1371 aliis
244 1310 417 1386 affectibus,
442 1313 492 1392 qui
518 1331 620 1391 puram
642 1311 769 1378 docendi
788 1313 936 1375 rationein
954 1313 1075 1372 inlicere
1094 1331 1130 1370 so
1142 1321 1202 1380 ent,
1261 1325 1263 1330 ·

44 1387 120 1469 Ergo
140 1387 164 1448 ’is
184 1389 303 1452 deinum
322 1388 410 1448 nobis
429 1388 582 1449 habendus
598 1386 800 1477 estlegitimus
816 1390 943 1462 doctor,·
954 1389 1005 1469 qni
1017 1407 1080 1449 non
1091 1386 1203 1524 inqerit

44 1462 227 1526 bominumfi
281 1477 361 1541 enta,
380 1486 436 1526 nec
455 1463 580 1526 discedit
597 1485 615 1526 a
633 1483 765 1547 genuino
787 1464 879 1526 verbo
898 1465 974 1540 Dei,
994 1463 1046 1526 s'ed
1066 1483 1127 1543 quo
1167 1484 1203 1523 ei
1257 1498 1264 1513 .

44 1559 92 1600 ore
112 1542 173 1603 eius
195 1543 224 1602 di
247 1543 315 1616 icit,
344 1543 427 1633 quasi
452 1562 508 1622 per
531 1561 634 1600 manus
655 1539 817 1630 dispensat:
839 1542 945 1603 deinde
965 1543 1088 1630 sincero.
1101 1539 1203 1601 aedifi·

43 1619 123 1678 candi
141 1619 240 1680 studio
262 1619 428 1680 doctrinam
440 1618 654 1692 accommodat,
673 1638 705 1675 ιιι
716 1639 798 1679 imum
811 1619 972 1680 etsalntem
984 1617 1100 1699 populi,
1119 1615 1203 1677 nullo

42 1704 134 1753 autern
153 1717 220 1756 eain
240 1696 314 1756 fuco
330 1695 482 1756 adulterat
528 1693 620 1768 Quod
644 1694 775 1774 pertinet
799 1695 836 1756 ad
860 1695 918 1756 boc
945 1695 1090 1775 posterius
1110 1713 1202 1754 mem·

43 1765 132 1906 brunsii
151 1771 262 1850 Paulus
278 1772 337 1910 dn.
351 1772 462 1846 Con2,
481 1773 555 1854 η),
575 1769 645 1830 dum
663 1792 694 1830 se
715 1783 806 1851 negat
824 1771 984 1852 cauponari
996 1769 1118 1832 verbum
1132 1768 1204 1845 Dei,

42 1865 63 1902 tt
134 1859 181 1908 cat
223 1869 275 1909 uos

42 1865 146 1984 seddim
166 1870 342 2000 dddtrinam,
361 1925 409 1984 vel
429 1927 526 2006 impos
547 1923 733 2005 dogmatibus
751 1936 820 1984 sunt
830 1925 965 2000 infames,
985 1924 1086 1986 fucare
1103 1935 1203 2004 minen

42 2017 74 2056 ac
93 2019 284 2082 corrumpere
296 2001 450 2063 doctrinae
461 2001 630 2093 puritatem,
649 2001 717 2081 quia
733 2001 781 2062 vel
793 2001 942 2063 ambitiosi
957 2013 1035 2074 sunt,
1054 2001 1101 2062 vel
1113 2001 1203 2077 arari,

43 2073 85 2132 vel
104 2098 160 2156 pro
189 2079 283 2138 carnis
308 2098 378 2138 suae
404 2079 564 2158 cupiditate
589 2077 648 2137 liuc
675 2088 707 2137 et
730 2077 800 2139 illuc
824 2077 976 2139 flexibiles.
1021 2079 1125 2156 ltaque
1151 2097 1203 2140 eos

43 2153 234 2290 libid-”⁵
255 2165 417 2290 “itte‘’
436 2174 473 2288 ‘i'
494 2153 1202 2294 ‘¹th‘Jtttt'tlttl³·¹l⁰l¹¹³tt.l§t‘ttl·

42 2315 113 2364 ibini
132 2250 356 2378 redid'doceid,
377 2251 451 2384 quie:
463 2251 520 2364 illiq
528 2273 617 2392 curae
635 2323 697 2364 non
718 2315 763 2364 cst
782 2254 909 2384 peribna
927 2249 1091 2393 bbmiuumd
1122 2265 1204 2364 Nihil

42 2381 117 2439 enini
138 2393 193 2454 est,
212 2381 294 2460 qnod
313 2381 452 2440 doctores
472 2401 488 2438 a
508 2377 589 2441 fideli
608 2389 784 2460 integraque
804 2380 1026 2460 dispensatione
1037 2379 1129 2462 magis
1149 2379 1202 2440 ab·

42 2455 137 2530 ducat,
157 2477 245 2535 quani
265 2456 333 2516 dum
352 2465 516 2536 sequnntur
539 2455 691 2516 bominum
710 2467 886 2547 respectum.
925 2457 1004 2516 Nam'
1022 2456 1204 2534 impossibile

41 2543 92 2607 est,
112 2543 146 2590 ut
165 2553 236 2593 vere
256 2553 286 2592 se
305 2533 374 2592 Deo
395 2531 511 2592 addicat
530 2531 660 2622 quisquis
689 2532 856 2593 hominibus
880 2532 998 2670 placere
1018 2533 1100 2668 cupit
1118 2533 1203 2622 (Gal.

41 2615 68 2680 1,
86 2610 160 2686 to).
199 2609 346 2669 Habenda
365 2608 483 2688 quidem
504 2617 549 2668 est
568 2608 720 2668 bominum
740 2630 825 2682 cura,
849 2629 879 2670 se
920 2629 983 2668 non
1002 2620 1035 2669 ut
1076 2607 1203 2670 landitiis

42 2696 175 2765 captetur
194 2706 296 2746 eorum
317 2685 411 2749 favor.
456 2682 596 2762 Denique
621 2695 657 2746 ut
676 2686 786 2767 integri
804 2686 908 2760 simus,
937 2680 1062 2746 facessat
1085 2704 1204 2748 necesse

296 1869 343 1908 am
361 1848 466 1908 eorum
487 1847 537 1940 qui
553 1847 725 1908 dexteritate
741 1847 866 1928 pollent,
886 1869 941 1909 nec
958 1847 1054 1930 palam
1067 1858 1204 1908 evertunt

44 2774 86 2820 cst
104 2781 299 2852 personarum
319 2761 465 2853 acceptio,
484 2779 559 2842 quae
575 2760 670 2822 lucem
681 2761 862 2823 obtenebrat
879 2763 1045 2852 iustumque
1065 2761 1205 2852 iudicium
1274 2775 1277 2784 '

45 2849 195 2916 pervertit,
214 2839 300 2899 sicuti
318 2859 433 2922 saepius
451 2860 482 2898 ιιι
504 2837 585 2918 Lege
604 2839 686 2898 Deus
706 2838 844 2912 inculcat,
865 2851 896 2898 et
914 2850 1095 2918 experientia
1114 2849 1204 2898 etiam
1264 2879 1269 2898 .

1220 6 1230 42 t

46 2915 171 2976 ostendit
191 2915 303 2996 (Dent.
328 2923 363 2990 1,
388 2922 434 2981 10.
460 2926 491 2974 et
513 2922 570 2988 to,
594 2920 670 2994 te).
712 2916 787 2976 Ideo
813 2915 964 2990 Christus,
981 2917 1088 2976 loann.
1108 2921 1137 2989 7,
1156 2921 1204 2980 Ἣ.
1237 2988 1242 2994 ,
1303 2919 1307 2924 ’

47 3003 285 3078 προᾳωιιολιιψίαν
311 3004 342 3055 et
364 3003 478 3054 rectum
490 2992 643 3053 ‘iudicium
662 2995 741 3054 inter
760 3013 791 3054 se
812 2992 979 3068 committit,
998 3003 1137 3072 tanquam
1156 3013 1203 3055 res
1264 3062 1266 3076 Ι

47 3077 157 3138 penitus
179 3069 350 3130 contrarias.

123 3148 164 3207 18.
207 3143 330 3222 Goguuo
356 3168 457 3230 consp
485 3146 607 3207 maffia
663 3145 715 3240 pic
739 3145 864 3227 praefati
891 3158 990 3222 erant,
1019 3145 1147 3206 ut'nibil
1166 3145 1203 3207 ab

47 3217 159 3294 optiinis
178 3222 329 3303 discipulis
349 3224 518 3284 differrent:
545 3225 623 3284 unde
648 3222 738 3314 igitur
766 3223 839 3284 baec.
860 3223 980 3285 Christo
1001 3223 1122 3299 notitia,
1135 3224 1206 3284 'nisi
1238 3295 1240 3302 y

48 3293 109 3377 fluia
131 3296 258 3378 Spiritus
278 3300 339 3360 eius
359 3300 491 3361 cordium
511 3312 576 3361 erat
593 3299 752 3382 cognitor?
771 3299 1109 3379 nequeenimhumana
1130 3321 1204 3360 con-

47 3381 153 3432 tectura
174 3375 279 3436 olfecit
297 3394 398 3437 eorum
416 3377 591 3450 versutiam,
618 3375 671 3443 sed
691 3376 758 3454 qnia
776 3378 859 3437 Dens
879 3387 956 3450 crat,
987 3378 1154 3456 penetravit
1172 3377 1205 3438 in

49 3447 134 3508 corda
151 3451 293 3532 ipsorum,
313 3465 346 3512 ut
363 3475 396 3514 ie
412 3453 561 3514 blanditiis
578 3465 609 3513 et
627 3452 754 3514 iustitiae
772 3453 872 3544 specie
891 3455 996 3514 frustra
1017 3453 1204 3534 obtegerent.
1281 3507 1295 3529 Ι

48 3515 124 3602 Ergo
145 3529 314 3609 priusquam
333 3551 380 3590 res

49 3670 184 3754 improbis
201 3682 337 3762 qnotidie
359 3683 518 3744 tendantur
535 3681 669 3757 insidiae,
688 3682 813 3744 interior
830 3703 902 3744 vero
914 3681 1023 3742 malitia
1034 3700 1090 3740 nos
1105 3681 1205 3754 lateat,

49 3758 193 3833 rogandus
214 3769 259 3819 est
277 3754 411 3821 Christ'ns
430 3771 464 3820 nt
482 3781 538 3822 nos
557 3759 682 3820 instruat
701 3759 815 3896 Spiritu
839 3758 1039 3833 discretionis,
1069 3767 1099 3815 et
1124 3757 1205 3836 quod

51 3845 108 3956 ¹pse
127 3845 231 3896 natura
250 3835 434 3917 proprioque
453 3838 518 3898 iure
544 3836 661 3911 habuit,
686 3857 727 3896 no
751 3837 773 3898 is
797 3835 926 3918 gratuito
952 3834 1033 3895 dono
1059 3833 1203 3894 conniis

77 3923 144 3968 orro
164 3933 252 3991 quain
271 3911 434 3974 neccssaria
453 3915 491 3974 sit
509 3913 596 3974 nobis
609 3914 682 3974 baec
701 3913 868 3993 prudentia,
887 3911 956 3971 inde
976 3920 1061 3991 patet·
1099 3910 1204 3983 uod,si

52 3979 134 4045 nobis
154 4009 216 4048 non
236 4009 369 4050 cavemus
389 3988 426 4049 ab
447 3989 604 4127 implorum
623 3989 751 4069 laqueis,
781 3989 905 4049 subinde
930 4007 1033 4046 eorum
1054 3929 1205 4046 cadnmniis

53 4054 204 4124 obnoxiam
223 4066 379 4127 reddemus
397 4067 457 4127 Dei
497 4067 647 4128 octrinan.
675 4066 772 4127 Porro
785 4066 865 4145 quod
879 4061 1106 4124 iubethristus
1120 4084 1205 4124 num-

53 4149 126 4196 mum
145 4141 291 4220 proferre,
311 4165 476 4224 quanquam
496 4165 559 4206 non
583 4144 681 4228 magni
701 4143 843 4204 momenti
862 4140 958 4221 primo
983 4151 1104 4220 aspectu
1122 4141 1205 4202 vide·
1313 4203 1320 4228 Ι

56 4214 109 4298 ,⁸⁰32
127 4227 225 4278 tamen
244 4220 281 4278 ad
300 4220 455 4282 solvendas
475 4219 637 4281 tendiculas
656 4218 772 4282 suflicit
793 4220 881 4282 .Nam
897 4217 951 4278 liac
972 4228 1056 4297 parte
1075 4237 1207 4298 expressa

29 4297 37 4311 “
55 4282 107 4345 illis
125 4291 180 4352 fuit
199 4296 389 4359 subiectionis
402 4297 561 4372 confessio,
579 4309 613 4357 ut
630 4296 762 4368 Christus
773 4315 893 4356 necesse
908 4315 970 4355 non
986 4293 1110 4356 baberet
1125 4295 1206 4376 quic-

56 4379 138 4437 quain
158 4369 214 4433 illii
234 4393 346 4436 novum
363 4375 546 4457 praecipere.
572 4374 729 4436 Percussus
749 4384 812 4435 erat
830 4393 964 4435 numnius
985 4371 1079 4436 fornia
1100 4373 1206 4436 Cama·

381 3549 506 3665 ponsum
526 3531 623 3604 daret,
652 3549 720 3590 suae
751 3529 909 3590 divinitatis
932 3527 1083 3620 specimen
1104 3527 1205 3618 edidit,
1327 3577 1332 3586 .

50 3601 188 3664 occultam
203 3605 314 3666 ‘eorum
333 3607 472 3668 maitiain
492 3606 682 3688 patefaciens.
719 3603 808 3667 Nunc
827 3627 916 3687 quum
931 3605 1040 3666 similes
1059 3603 1146 3664 nobis
1166 3603 1203 3666 ab
1275 3658 1278 3676 ,
