2756 4838
244 174 248 184 ¹
356 217 544 290 (tte—17⁰.
583 215 775 278 introitusin
797 213 963 291 urbem.)‘·
1015 213 1031 228 '¹
1158 225 1214 288 197
1239 167 1258 216 l
1282 188 1296 286 d

52 379 160 450 antem
180 357 470 462 abscondita'sunt
493 367 533 434 ab
556 371 749 438 oculisstuis.
791 373 840 437 tu.
866 359 954 456 Quid
982 363 1115 436 venient
1141 371 1210 438 dies

48 475 84 538 in
114 475 163 550 te',
192 483 225 536 et
251 457 494 558 circumdabunt
520 484 551 538 te
575 461 694 542 inimici
720 461 767 566 'tui
793 473 894 553 vallo,
921 463 1103 561 et'cidgen't
1125 483 1156 552 te
1178 487 1210 542 et

49 572 311 661 coangustabunt
331 587 363 640 te
384 575 537 662 undique.
578 577 629 642 tt.
648 579 694 645 Et
710 576 783 644 solo
805 576 990 664 aequabunt
1011 588 1052 654 te,
1074 588 1105 642 et
1122 575 1209 644 filins

47 689 136 755 tuos,
164 681 281 764 quiin
308 689 339 742 te
367 691 454 743 sunt:
482 690 514 745 et
541 701 606 744 non
634 681 818 766 relinquent
837 682 871 746 in
895 691 927 744 te
949 679 1089 766 lapidem
1110 701 1209 767 snper

45 777 201 866 lapidem,
223 801 263 846 eo
286 781 375 869 qnod
394 803 461 848 non
483 787 816 868 cognoveristempus
836 784 1028 853 visitationis
1050 773 1134 848 tuae.
1186 773 1191 786 '
1222 782 1226 792 '
1259 764 1282 778 ⁴

45 1123 53 1136 ·
123 1053 172 1110 tt.
211 1049 305 1108 Flevit
321 1071 409 1126 super
426 1049 486 1110 ille.
520 1052 621 1124 Quum
632 1049 706 1110 nihil
719 1047 811 1132 magis
823 1064 945 1132 cuperet
956 1025 1099 1123 Chlistus,
1118 1071 1204 1142 quarn

44 1123 211 1183 iniunctum
230 1126 286 1185 sibi
307 1148 322 1184 a
344 1139 427 1206 patre
447 1126 576 1187 officium
597 1127 727 1213 exsequi,
751 1127 841 1186 linmn
860 1147 931 1190 vero
951 1145 1021 1189 suae
1035 1128 1203 1188 vocationis

44 1198 126 1258 laune
154 1221 217 1262 esse
240 1202 342 1274 sciret,
371 1205 499 1283 perditas
524 1225 593 1263 oves
619 1203 722 1263 domus
748 1202 837 1262 Israel
862 1204 1028 1286 colligere,
1044 1203 1204 1264 salvificum

44 1277 186 1338 omuibus
205 1300 287 1338 suurn
307 1281 463 1340 adventum
483 1300 545 1340 esse
566 1278 686 1358 optaiit.
725 1279 882 1340 Haecine
899 1301 1001 1354 rausa,
1020 1292 1073 1341 cur
1090 1277 1205 1368 priseri-

43 1353 147 1414 cordia
168 1365 262 1416 taetus
280 1356 404 1417 dederet
422 1357 618 1447 propinquam
637 1355 717 1415 urbis
729 1355 952 1436 Hierosolymae
972 1357 1099 1416 eriu'nm.
1129 1355 1203 1414 Nam
1227 1407 1231 1410 .

43 1451 136 1508 quum
158 1433 347 1512 esponderet,
366 1433 443 1492 illam
464 1433 601 1492 divinitus
622 1430 743 1492 electam
765 1452 827 1490 esse
846 1449 957 1492 sacram
975 1433 1084 1505 sedem,
1103 1432 1134 1491 in
1166 1451 1221 1488 nan

40 1506 190 1568 resideret
213 1507 313 1569 salutis
338 1522 474 1569 aeternae
500 1509 620 1581 foedus,
647 1507 843 1569 sanctuarinm
868 1509 945 1568 unde
970 1508 1104 1588 prodiret
1128 1451 1214 1566 sallus·

39 1583 99 1641 toti
120 1585 248 1660 rutundo,
277 1585 340 1644 lieri
367 1607 428 1644 non
455 1585 553 1666 potuit
579 1585 648 1664 quin
675 1585 735 1644 eius
754 1583 904 1644 interitum
925 1582 1202 1668 gneitmdoteret:
1289 1597 1293 1607 ’

39 1681 134 1738 quum
161 1661 247 1722 etiam
262 1663 434 1797 dpopulum,
461 1662 511 1751 qui
530 1662 566 1722 in
591 1682 673 1741 spepr
698 1661 775 1720 vitae
795 1662 1010 1720 aeternaeado
1032 1672 1107 1720 tatus
1128 1671 1201 1730 erat,

37 1757 92 1796 sua
119 1737 260 1818 ingratitu
282 1751 386 1798 meet
410 1737 519 1797 malitia
543 1738 648 1799 nrisere
672 1737 770 1817 perire
795 1737 923 1812 videret,
951 1682 1031 1798 nihil
1052 1731 1158 1797 mirum
1176 1735 1201 1794 si

38 1811 177 1872 lacrimas
201 1835 264 1873 non
287 1815 391 1875 tenuit.
436 1815 528 1889 Quod
553 1827 650 1875 autern
676 1814 834 1874 absurdum
857 1833 920 1874 esse
964 1811 1061 1873 uidam
1087 1823 1202 1894 putant,

40 1887 196 1948 Chi-istum
211 1891 302 1964 malo,
320 1891 367 1952 cui
385 1891 497 1952 mederi
517 1903 645 1971 poterat,
665 1889 885 1964 condolescere,
905 1835 991 1950 icelle
1010 1890 1134 1963 solvitur
1153 1890 1201 1948 lrie

37 1966 149 2026 nodus.
188 1967 262 2026 Nam
282 1968 365 2028 sicuti
385 1990 402 2028 e
423 1969 509 2029 coelo
530 1968 692 2042 descendit,
711 1979 744 2026 ut
762 1987 850 2027 carne
869 1967 995 2028 humana
1007 1967 1221 2027 circumdatus·

38 2043 161 2104 divinae
181 2043 279 2104 salutis
299 2045 380 2105 testis
399 2057 474 2106 esset
494 2067 528 2104 ac
546 2045 693 2117 mirsrstcr,
710 2043 749 2102 ita
767 2063 838 2104 vere
859 2043 1003 2102 humanos
1017 2042 1113 2104 induit
1124 2041 1199 2102 alie-

38 2131 116 2194 εἰπε,
138 2132 451 2254 pantenussusceptae
472 2121 631 2180 functionis
652 2122 801 2181 intererat.
839 2120 883 2179 Ac
903 2119 1065 2208 prudenter
1083 2136 1201 2197 semper
1255 2107 1261 2126 ’

36 2207 135 2254 notan
159 2218 206 2255 um
228 2209 280 2271 est,
301 2217 386 2276 quam
428 2217 562 2259 emonam
582 2197 731 2268 sustineat,
746 2194 974 2272 'dumloqurturi
989 2194 1036 2254 vel
1048 2194 1199 2254 hominum

35 2271 126 2332 saluti
149 2293 269 2351 operam
289 2273 389 2352 impen
413 2286 447 2330 rt:
472 2272 557 2330 sicuti
579 2273 638 2331 boc
664 2273 748 2344 loco,
772 2281 806 2330 ut
825 2269 952 2330 fideliter
970 2268 1087 2349 expleat
1105 2269 1199 2329 Patris

35 2350 221 2419 mandatum,
241 2369 358 2408 neeesse
379 2347 469 2408 babet
488 2357 634 2436 appetere,
653 2359 687 2405 ut
706 2347 815 2405 fructus
830 2345 1042 2424 redemptionis
1054 2346 1091 2404 ad
1103 2356 1197 2404 totum
1279 2397 1286 2404 .
1336 2387 1339 2394 ι

35 2425 129 2486 electi
150 2423 255 2512 populi
274 2443 380 2502 corpus
397 2435 559 2503 pervemat.
604 2423 758 2496 Quatenus
778 2440 850 2502 ergo
872 2421 953 2479 datus
973 2433 1037 2480 erat
1056 2421 1122 2481 huic
1136 2441 1198 2500 po-

34 2501 112 2581 pulo
134 2499 267 2558 minister
286 2501 317 2558 in
334 2499 467 2574 salutern,
486 2519 542 2580 pro
563 2499 654 2558 officii
668 2497 718 2558 sni
737 2496 853 2574 ratione
873 2494 949 2554 illius
963 2496 1080 2556 exitium
1093 2497 1221 2576 deplnm·

33 2591 92 2638 rat.
134 2575 217 2634 Deus
237 2588 314 2648 erat,
338 2575 447 2635 sateor:
472 2575 523 2636 sed
544 2575 658 2654 quoties
677 2573 811 2652 oportuit
830 2571 961 2632 doctoris
981 2572 1082 2632 officio
1102 2571 1199 2652 iungi,

34 2653 163 2734 quievit,
183 2663 213 2711 et
231 2673 262 2712 se
283 2651 501 2732 qrrodammodo
520 2651 674 2712 abscondit
690 2650 752 2710 eius
763 2648 876 2721 Deitas,
896 2667 933 2707 ne
945 2648 1014 2726 quid
1025 2648 1198 2708 Mediatoris

33 2729 174 2811 partibus
194 2728 338 2788 obstaret„
375 2727 532 2789 Caeterum
553 2728 611 2788 hnc
630 2729 701 2787 lietu
719 2735 840 2786 testatus
861 2735 919 2798 est,
945 2745 1007 2784 nou
1026 2723 1117 2784 modu
1133 2723 1197 2783 l'ra-
1304 2793 1306 2798 ‚

34 2821 127 2867 terne
146 2827 177 2865 se
198 2805 331 2890 diligere,
351 2806 382 2864 in
403 2827 528 2886 quorum
547 2805 669 2887 gratiam
690 2803 786 2862 luerat
804 2800 895 2860 homo
916 2799 1017 2875 sactus,
1034 2801 1197 2880 sedpater-

33 2904 94 3020 pac
118 2900 237 2962 qunque
257 2880 422 2964 dilectionis
441 2882 584 2962 Spiritum
605 2903 620 2942 a
639 2881 708 2942 lien
727 2880 759 2938 in
778 2877 933 2938 humanam
951 2887 1085 2993 naturam
1099 2889 1196 2938 uane-

48 2979 279 3100 usurpassem
303 3003 480 3110 cognouissei
498 3047 525 3093 at
542 3049 582 3094 tu.
621 3035 773 3094 Pathetica
793 3050 837 3098 est
857 3005 969 3111 oratio,
989 3035 1116 3112 ideoque
1141 3030 1194 3092 ab·

35 3125 135 3193 rupta.
174 3112 288 3172 Scimus
300 3113 388 3188 enirm
408 3113 437 3172 in
459 3111 563 3192 quihus
583 3113 688 3172 ardent
706 3112 893 3173 vehementes
913 3113 1046 3184 allectus,
1065 3130 1126 3168 non
1139 3107 1195 3168 nisi

34 3188 160 3252 dimidia
180 3211 213 3249 ex
232 3201 315 3270 parte
335 3210 434 3250 sensus
452 3209 520 3250 suos
536 3187 634 3254 ellari.
673 3189 757 3248 ndde
778 3191 857 3269 quod
877 3190 936 3250 dun
956 3189 1079 3250 allectus
1094 3185 1141 3246 hic
1154 3185 1194 3246 si.
1298 3211 1302 3230 ι

34 3266 98 3348 μιιιΙ
118 3267 253 3346 permixti
271 3277 352 3326 sunt:
373 3287 468 3346 neque
489 3265 566 3324 enim
587 3275 698 3324 tanturn
717 3265 870 3326 miseratur
882 3266 1016 3327 Christus
1034 3263 1115 3323 urbis
1134 3261 1194 3322 cla·
1223 3267 1225 3279 ⁴

36 3346 117 3417 dein,
135 3343 187 3402 sed
206 3342 291 3402 simul
312 3343 429 3434 ingrato
471 3343 563 3422 epulo
584 3353 742 3400 extremum
762 3341 855 3403 scelus
865 3343 1033 3436 exprobrat,
1052 3340 1132 3420 quod
1144 3360 1192 3399 re-

59 3419 162 3478 udians
186 3407 314 3479 oblatam
338 3418 393 3478 sibi
416 3363 538 3478 sallrtem
558 3417 636 3478 ultro
657 3416 800 3478 horribile
820 3419 879 3480 Dei
899 3419 1038 3479 iudicium
1058 3426 1193 3476 arcessat.

33 3443 211 3575 llmpltatica
232 3507 327 3556 autem
348 3505 393 3554 est
411 3495 528 3574 copula,
549 3516 622 3586 quae
642 3495 840 3555 interseritur:
860 3497 948 3557 tacite
969 3495 1047 3554 enirn
1059 3490 1192 3568 Christus

35 3571 275 3651 Hierosolymam
300 3570 362 3630 aliis
388 3572 530 3645 Iudaeae,
559 3593 618 3632 mro
647 3569 735 3630 totius
759 3573 860 3632 mundi
875 3571 1006 3634 *urbibus
1030 3576 1193 3648 comparat,

35 3653 95 3712 hoc
114 3671 211 3724 sensu,
230 3649 253 3708 si
273 3646 320 3708 vel
340 3659 382 3722 tu,
402 3668 476 3727 quae
495 3647 635 3732 singulari
656 3647 810 3730 privilegio
822 3649 852 3707 in
864 3659 929 3708 toto
942 3648 1015 3707 orbe
1028 3641 1191 3727 praecellis,

34 3730 60 3790 si
80 3737 114 3784 tu
132 3725 284 3805 (inquam)
303 3724 421 3795 saltem,
440 3742 514 3803 quae
535 3724 663 3785 coeleste
684 3744 713 3782 es
733 3724 869 3784 interris
887 3723 1055 3794 sacrarium,
1076 3738 1191 3801 cogno-

33 3823 142 3874 sceres.
171 3801 311 3882 Sequitur
330 3800 472 3862 continno
492 3813 560 3881 post
578 3801 668 3862 altera
686 3800 873 3880 amplificatio
886 3811 998 3878 sumpta
1011 3818 1027 3856 a
1039 3808 1189 3876 ternpore:

36 3879 168 3962 quamvis
196 3880 335 3958 hactenns
363 3876 485 3938 sceleste
511 3891 541 3937 et
565 3877 653 3958 impie
678 3889 779 3937 contra
798 3877 896 3938 Deum
916 3873 1005 3936 fueris
1025 3883 1191 3946 contumax,

33 3977 114 4018 nunc
134 3955 236 4016 saltem
255 3951 444 4034 resipiscendi
465 3966 540 4013 esset
558 3967 682 4034 tempus,
721 3955 752 4012 Si
776 3953 875 4012 nilicat
891 3951 1036 4012 enimiam
1048 3949 1125 4008 diem
1138 3949 1190 4008 ad-

34 4034 181 4112 esse‚·qui
201 4043 321 4092 aeterno
333 4029 392 4090 Det
412 4029 535 4090 consilio
557 4031 587 4090 in
605 4029 726 4090 salutem
770 4029 962 4109 ierosolymae
981 4026 1131 4087 ordinatus
1143 4023 1190 4084 lu

34 4123 108 4185 erat,
128 4122 160 4170 et
179 4109 366 4178 denuntiatus
385 4129 402 4167 a
419 4107 585 4188 Prophetis.
602 4158 607 4179 ,
623 4109 687 4170 lloe
708 4119 752 4168 est
769 4117 884 4184 tempus
902 4115 1055 4183 acceptum
1079 4102 1192 4182 (inquit

35 4187 181 4264 lenias),
206 4185 253 4244 hie
274 4183 334 4244 dies
353 4183 460 4244 salutis.
501 4182 645 4257 Quaerite
665 4183 827 4243 Dominum
846 4181 913 4241 dum
933 4179 1059 4240 inveniri
1100 4191 1189 4240 otest:

34 4266 173 4326 invocate
195 4283 260 4322 enm
281 4261 348 4322 dum
368 4281 422 4343 pro
447 4281 462 4320 e
483 4272 526 4320 est
545 4259 615 4352 (tes.
635 4257 730 4334 '49‚'8.
750 4255 795 4318 11:
808 4257 879 4318 Cor.
899 4263 928 4330 6,
946 4265 975 4322 2.
996 4258 1050 4317 ies.
1109 4261 1189 4332 ‚i6.).

33 4342 123 4403 Pacis
149 4340 272 4401 nomine
297 4357 398 4400 omnes
424 4283 570 4401 latuimus
590 4348 691 4434 partes¹
706 4333 866 4398 secundum
886 4333 1055 4396 hebraicam
1070 4332 1191 4418 phrasin
1286 4421 1290 4430 .
