2768 4856
179 287 277 333 xxxrv
581 271 636 334 10.
659 271 829 333 CALVlNl
848 271 949 332 VITA
1009 331 1014 348 ,
1070 346 1075 357 .
1180 305 1183 318 ·

186 428 267 500 dere,
286 425 441 506 probibpit
460 421 622 504 paucorum
641 418 780 496 videlieet
793 424 959 485 vicinorum
980 435 1130 506 pastorum
1150 425 1253 495 factio,
1277 425 1335 506 qui

185 515 292 585 sponte
314 503 373 562 alio
416 501 425 560 i
445 513 608 574 currentes,
627 501 754 568 Bolseco
772 513 927 594 praeterea
946 501 1116 584 instigante,
1130 513 1169 562 *nt
1189 501 1247 562 sibi
1269 523 1334 562 no-

184 601 252 640 inen
274 523 446 659 aliquoduer
458 578 533 636 tanti
545 578 846 657 viri'repreliensione
857 591 1044 658 quaererent,
1065 577 1198 640 homines
1211 579 1335 658 alioqui

185 655 281 716 multis
302 656 358 714 iani
378 654 456 714 notis
477 654 586 734 aspersi
607 675 669 713 non
690 654 775 716 aliter
795 655 825 714 in
848 676 914 714 eum
937 655 1210 729 debacchabantur,
1238 676 1335 735 quam

185 733 208 792 sl
227 734 324 794 Deum
344 731 456 790 iccirco
476 730 588 790 faceret
606 731 750 790 malorum
772 737 938 808 auctorem,
966 734 1046 823 qtiod
1067 731 1103 792 ab
1124 745 1244 792 aeterna
1267 733 1334 792 Dei

208 807 372 870 rovidentia
393 819 424 867 ct
444 807 633 868 ordinatione
648 807 718 868 nihil
732 803 909 870 excluderet
948 810 1001 870 llis
1015 808 1178 883 calumniis,
1199 811 1236 870 de
1259 809 1333 888 qui-

186 831 240 946 bus
260 890 346 944 a'ntea
366 905 420 944 nos
441 904 560 974 qunque
585 883 695 962 aliquid
722 885 859 960 diximus,
898 886 951 946 etsi
977 885 1050 945 nihil
1069 883 1119 944 illc
1139 885 1333 962 innuebatur,

185 964 304 1022 tandem
329 973 429 1020 tamen
453 959 571 1020 illorum
595 957 801 1034 maledicentia
826 973 943 1023 coactns
970 962 1137 1041 impetravit
1162 984 1178 1022 a
1200 961 1333 1039 Senatu,

186 1049 221 1098 ut
240 1057 298 1097 nna
318 1057 383 1096 cum
403 1037 507 1120 legatis
523 1037 651 1098 Bernam
671 1038 822 1117 profectus
842 1039 971 1100 veritatis
992 1035 1106 1099 causam
1127 1059 1227 1099 coram
1246 1039 1332 1098 Ber-

95 1153 105 1176 .
185 1113 325 1174 nensibus
345 1115 353 1173 i
377 1108 545 1196 sis'agerct
583 1116 658 1173 Acta
683 1115 774 1197 igitur
799 1113 860 1176 illic
885 1127 1051 1190 causaest,
1083 1126 1113 1175 et
1133 1112 1332 1178 Sebastianus

185 1191 303 1270 quidum
322 1135 442 1252 inbmia
462 1202 493 1250 et
512 1190 613 1251 exsilio
632 1189 797 1266 mulctatus,
815 1191 957 1254 Bolsecus
974 1193 1114 1254 excedere
1134 1192 1241 1252 linibus
1261 1204 1330 1251 tum
1368 1217 1369 1222 ¹

188 1267 308 1358 (pridem
326 1267 431 1327 iussus:
452 1287 549 1346 neque
560 1279 658 1327 tamen
671 1279 733 1326 tum
754 1268 910 1348 quicquain
929 1268 986 1330 illis
1006 1269 1042 1328 de
1062 1289 1096 1328 re
1116 1269 1125 1327 i
1148 1290 1180 1328 sa
1199 1267 1331 1329 definire

186 1364 281 1404 visum
307 1354 364 1418 est,
395 1344 435 1403 ita
459 1342 592 1403 Domino
624 1343 765 1404 ecclesiae
795 1365 863 1406 suae
895 1344 1078 1405 consulente.
1155 1345 1216 1410 isus
1243 1345 1329 1404 enim

133 1423 136 1431 ’
186 1419 288 1480 fuisset
299 1418 439 1481 Calvinus
459 1419 701 1482 auctoritatdvel
721 1421 815 1502 gratia
830 1420 1001 1497 obtinuisse,
1022 1421 1102 1513 quod
1121 1420 1201 1482 ultro
1218 1432 1328 1500 postca

186 1495 320 1578 contigit
371 1495 446 1556 Nam
473 1509 505 1556 et
529 1495 597 1556 illae
624 1518 726 1556 omnes
751 1496 914 1558 calumniae
940 1519 1002 1558 non
1032 1510 1072 1558 sta
1092 1497 1184 1558 multo
1206 1508 1276 1577 pnst
1297 1497 1331 1556 in

188 1573 285 1632 fumos
305 1572 456 1645 abierunt,
477 1585 508 1633 et
525 1573 658 1633 Andreds
679 1575 866 1650 Zebedaeus,
887 1588 1040 1635 accusator
1059 1573 1228 1647 acerrimus,
1253 1571 1329 1633 Cal-

185 1649 255 1710 vino
268 1649 323 1708 iani
334 1661 463 1724 mortuo,
484 1671 573 1740 quum
585 1650 687 1730 etipse
700 1651 757 1709 iam
768 1652 1012 1712 essetmoriturus
1024 1651 1173 1712 Neviduni
1192 1649 1328 1741 [Nyon],

186 1725 299 1805 oppido
319 1738 447 1804 quatuor
465 1725 637 1787 milliaribus
650 1727 775 1788 Genera
792 1728 929 1800 distante,
948 1728 1048 1790 accitis
1068 1727 1232 1810 praecipuis
1253 1727 1329 1786 civi-

188 1802 258 1875 bus,
287 1799 366 1862 ultro
387 1803 485 1884 agnita
506 1823 592 1881 quam
613 1815 802 1884 oppugnaret
820 1805 944 1865 veritate
965 1816 996 1864 et
1014 1818 1077 1866 acta
1098 1803 1147 1864 illa
1168 1824 1220 1864 susi
1240 1803 1328 1863 dete-

185 1889 279 1953 stans,
312 1878 433 1938 schedas
453 1897 556 1940 omnes
575 1901 639 1938 suas
658 1892 810 1959 spectante
830 1901 861 1941 se
882 1884 1065 1942 concremari
1088 1881 1188 1954 iussit,
1212 1879 1327 1940 iudicio

186 1966 266 2014 certe
291 1955 430 2032 meliore,
469 1976 556 2036 quam
582 1956 606 2016 si
632 1956 704 2017 baec
725 1955 848 2018 fiilssent
873 1957 953 2023 mille
973 1956 1243 2020 senatusconsultis
1269 1957 1328 2016 im-

185 2041 297 2109 perata.

571 2135 577 2172 i

263 2187 362 2263 (1556.
383 2189 484 2262 1557.)
503 2187 594 2247 Anno
606 2187 745 2268 deinceps
758 2187 852 2250 altero
865 2187 1022 2250 Calvinum
1033 2149 1251 2270 imprudelitem
1262 2197 1327 2247 ter-

185 2259 265 2320 tiana
285 2261 316 2322 in
337 2262 484 2324 concione
504 2264 626 2338 invasit,
658 2286 691 2325 ac
716 2265 835 2325 tandem
859 2266 983 2327 invitum
1009 2287 1042 2326 ex
1061 2276 1203 2350 suggestu
1223 2265 1328 2346 co'egit

188 2337 376 2414 descendere,
396 2338 493 2400 multis
505 2339 573 2401 inde
594 2341 671 2400 falsis
690 2343 822 2420 sequutis
832 2343 1000 2404 rumoribus
1020 2341 1114 2421 iisque
1134 2343 1324 2422 usqueadeo

177 2413 349 2500 J’ontificiis
370 2415 475 2498 gratia,
508 2417 597 2478 utine
619 2416 734 2478 Caluini
759 2430 855 2479 morte
875 2419 1002 2480 sollenni
1022 2419 1238 2499 supplicatione
1258 2419 1326 2478 No-

178 2490 325 2576 vpogpni,
347 2491 464 2553 Caluini
485 2494 594 2574 patria,
616 2494 762 2556 Canonici
782 2496 840 2556 suis
860 2495 948 2557 idolis
968 2495 1075 2578 gratias
1097 2495 1221 2577 egerint
1260 2495 1325 2556 Sed

179 2591 315 2653 ,ficerunt
336 2567 490 2648 ‘bonorum
516 2591 635 2651 precesr
674 2582 848 2651 tantumque
879 2572 973 2632 abfuit
997 2584 1030 2632 ut
1054 2572 1195 2633 Calvinus
1221 2591 1255 2632 ex
1272 2591 1325 2632 ‘eo

179 2665 288 2728 morbo
308 2645 459 2724 interficet,
479 2657 511 2706 ut
531 2659 634 2708 contra
655 2647 746 2708 veluti
766 2649 850 2710 novis
870 2661 971 2710 auctus
991 2647 1101 2708 viribus
1122 2649 1245 2730 longum
1265 2648 1326 2708 iter

202 2755 300 2804 mter
321 2758 435 2801 morem
460 2723 690 2792 Francofurtum
716 2743 809 2803 usque
834 2723 972 2786 videlicet
1000 2725 1030 2784 in
1069 2725 1222 2799 ederetur,
1282 2745 1324 2784 uo

180 2767 280 2886 luerat
300 2813 439 2897 pacandis
451 2801 594 2871 ecclesiae
608 2800 752 2874 Gallicae,
773 2821 847 2880 qnae
861 2803 919 2861 iam
940 2814 1003 2860 tuin
1022 2803 1032 2862 i
1058 2803 1177 2894 'esci-at¹
1196 2745 1323 2862 dissidiis

184 2907 332 2960 evocatus.
371 2892 450 2952 lline
470 2885 589 2950 demum
609 2877 659 2936 ille
678 2876 811 2951 rediens,
831 2877 903 2938 licet
921 2877 1030 2940 afflicta
1051 2879 1189 2941 nonnihil
1208 2876 1323 2940 valetn-

185 2973 266 3046 dine‚
285 2968 359 3030 nibil
379 2979 477 3028 tamen
499 2969 535 3028 de
556 2954 737 3046 quotidianis
751 2954 903 3014 laboribus
914 2955 1034 3030 remisit,
1055 2955 1140 3016 editis
1154 2975 1232 3016 anno
1246 2975 1322 3014 con-

184 3057 326 3129 sequente
347 3045 377 3102 in
400 3065 502 3104 omnes
522 3042 655 3104 Psalmos
676 3031 904 3102 Commentariis
923 3031 1015 3115 longe
1035 3032 1225 3125 doctissimis,
1255 3033 1322 3112 qui-

187 3125 241 3188 bus
261 3121 479 3204 praefationem
498 3141 568 3182 vere
581 3119 747 3213 pretiosam
760 3115 897 3178 adiunxit
936 3110 1144 3203 Anno'autem
1164 3120 1232 3185 isto,
1252 3129 1322 3188 par-

186 3201 238 3262 tim
259 3200 298 3260 ob
319 3197 459 3257 tumultus
479 3217 495 3257 a
515 3197 655 3258 Ministris
676 3194 732 3255 illis
753 3192 882 3254 factiosis
902 3187 1053 3252 nonnullis
1075 3198 1216 3248 excitatos
1234 3184 1322 3276 valde

185 3274 359 3338 turbulento
387 3285 417 3334 et
440 3273 530 3333 tritici
557 3273 678 3334 caritate
698 3269 815 3344 infami,
852 3279 963 3329 tutatus
983 3277 1027 3326 cst
1045 3265 1183 3327 adversus
1202 3262 1322 3324 loacbr-

184 3375 264 3414 muni
284 3349 493 3431 Westphalum
512 3351 682 3425 veritatem,
708 3360 738 3410 et
758 3367 846 3428 quum
867 3343 961 3406 Wcst
981 3342 1049 3402 halo
1070 3354 1252 3422 postremum
1269 3360 1322 3400 re-

185 3430 366 3512 spondisset,
397 3447 453 3488 nec
480 3416 539 3490 illev
553 3437 652 3487 tamen
670 3423 821 3516 garriendi
841 3421 929 3482 finem
948 3365 1077 3508 diceret²
1102 3419 1152 3480 lias
1171 3427 1268 3498 partes
1288 3417 1320 3508 in

186 3527 233 3566 me
253 3505 364 3585 recepi,
384 3525 420 3564 eo
442 3523 497 3584 per
515 3503 575 3564 Dei
601 3509 725 3584 gratiam
746 3499 827 3561 cuius
847 3497 968 3558 minime
987 3506 1142 3579 poenitere
1161 3515 1209 3558 me
1228 3507 1322 3577 possit

187 3595 302 3644 eventu.
342 3581 429 3640 Tunc
450 3599 570 3660 quoque
589 3592 650 3638 tum
670 3575 783 3651 abillo,
803 3587 865 3634 tum
884 3576 972 3634 etiain
992 3595 1068 3635 ame
1087 3574 1232 3634 refutatae
1250 3583 1322 3635 sunt

189 3657 377 3720 Castellionis
401 3657 536 3716 adversus
562 3663 712 3717 aeternam
735 3653 794 3712 Dei
814 3651 1118 3788 praedestinationem
1141 3647 1319 3727 ‘ciclumnian

209 3758 258 3796 uas
284 3735 332 3794 ille
358 3753 514 3826 suppresso
540 3733 661 3792 nomine
685 3749 863 3822 spargeres
891 3740 1014 3789 curarat
1053 3727 1192 3818 Graviter
1222 3739 1318 3790 autem

134 3859 141 3872 .
187 3759 270 3872 illmn
290 3810 430 3891 imprimas
451 3807 625 3870 excruciavit
644 3807 806 3868 saevissima
827 3805 1000 3886 praesertim
1009 3805 1144 3864 Lutetiae
1165 3815 1230 3866 orta
1249 3805 1316 3885 pio-

188 3909 253 3948 rum
295 3884 479 3968 ersequutio,
505 3886 671 4020 interceppo
692 3883 809 3974 piorum
829 3895 917 3943 coetu
937 3879 968 3940 in
988 3880 1053 3942 vico
1073 3879 1237 3956 Iacobaeo,
1256 3904 1316 3963 quo

188 3966 225 4025 ad
245 3909 452 4024 celebrandam
473 3961 606 4022 Coenam
650 3959 740 4022 omini
760 3969 968 4021 convenerant
1007 3959 1050 4018 Ex
1071 3977 1172 4017 cortun
1192 3978 1315 4020 numero

188 4041 326 4102 caeteris.
344 4061 400 4120 per
423 4039 519 4100 noctis
544 4037 681 4098 tenebras
707 4027 810 4116 el'apsis
832 4035 912 4116 capti
930 4045 998 4094 sunt
1018 4033 1136 4094 circiter
1155 4035 1317 4118 octoginta,

187 4116 345 4198 multisque
358 4137 423 4176 cum
445 4137 463 4175 o
486 4113 612 4194 probriis
633 4135 666 4174 ac
687 4113 825 4175 conviciis
867 4113 938 4172 rima
960 4110 1024 4171 luce
1045 4111 1076 4170 in
1097 4131 1228 4170 carceres
1247 4133 1314 4191 pei·-

188 4195 284 4268 tracti,
305 4192 433 4273 quamvis
447 4137 484 4250 al
508 4193 657 4250 notetiam
677 4190 787 4282 primae
809 4133 970 4260 nobilitatis
990 4185 1125 4247 mulieres
1145 4187 1176 4246 in
1197 4187 1232 4247 iis
1251 4207 1314 4248 cer-

187 4283 338 4332 nerentur.
373 4213 591 4328 -llccenlfebant
610 4267 698 4349 Regis
723 4267 796 4326 iram
821 4287 883 4325 non
908 4266 998 4326 modo
1020 4263 1069 4344 qtii
1089 4264 1170 4324 illuni
1191 4263 1313 4323 circum-

186 4346 312 4420 stabant,
332 4365 431 4406 verimi
452 4346 539 4403 ctiam
560 4345 623 4424 ipsa
643 4358 808 4425 temporum
821 4343 946 4404 occasio.
987 4343 1067 4402 llaec
1089 4339 1167 4400 enim
1189 4351 1248 4398 tum
1267 4341 1313 4400 in-

187 4424 331 4496 ciderunt,
351 4441 438 4500 quum
461 4421 582 4502 insignis
602 4421 651 4481 illa
671 4423 769 4482 clades
788 4420 823 4480 ad
839 4418 1067 4498 Sanquintinum
1088 4429 1163 4480 esset
1181 4429 1313 4498 accepta:
