2814 4846
148 190 189 256 ts
319 141 485 261 ,hm
503 175 589 306 xmp
619 127 801 246 ¹saturaturus
822 191 865 244 er
885 191 1099 242 rmmouan.

150 335 309 422 praeditus,
329 338 366 400 ad
376 340 476 400 Deum
494 337 652 413 accedens,
666 337 744 399 vitae
762 334 1051 398 commendationem
1070 332 1174 410 affert,
1188 333 1319 414 iureque

149 437 204 476 suo
224 415 354 491 accedit,
384 427 418 476 ut
436 415 609 478 sacrificium
633 414 725 476 laudis
751 412 877 475 offerat,
908 411 1087 472 Publicanos
1111 422 1211 471 autem
1231 413 1319 490 quasi
1391 427 1394 458 z

149 492 315 552 reiecticius
335 493 489 572 quispiam,
510 491 577 572 quia
596 511 628 552 se
648 511 764 552 accessu
782 489 936 572 indignum
957 488 1123 570 cognoscit,
1141 487 1261 568 trepide
1281 510 1316 550 se

149 568 277 657 supplici
296 568 484 630 consessione
503 568 644 628 insinuat:
665 566 800 628 Christus
819 579 918 626 autem
937 566 1050 626 reiecto
1060 564 1224 626 Pharisaeo
1283 587 1317 626 a·

149 655 194 706 tas
209 643 363 726 'publicani
382 665 486 725 preces
505 645 574 704 Deo
586 643 684 704 tinisse
704 645 815 704 asserit.
839 643 938 702 Porro
958 642 1064 702 iterum
1084 652 1229 702 notantur
1262 663 1321 702 uae

98 764 102 784 ,
149 721 220 782 illae
238 741 351 795 causae,
371 723 439 802 quia
456 721 602 802 repulsam
618 721 764 812 passus-sit
775 719 958 794 Pharisaeus,
977 719 1058 798 quod
1069 718 1183 778 seilicet
1192 720 1317 800 propria

150 797 259 858 iustitia
284 797 410 858 conlisus
440 817 471 858 se
502 819 568 860 cum
592 798 725 858 altorum*
743 795 921 858 contumelia
949 815 994 855 ma
1019 795 1171 856 nifaceret
1198 795 1317 876 'Neque

150 885 250 935 tamen
269 873 527 954 reprehenditur,'
559 875 619 934 uod
644 895 676 936 se
702 875 834 936 venditet
858 872 946 933 liberi
970 815 1232 946 arbitrantibus,
1264 873 1317 932 sed

150 950 232 1030 quod
252 971 375 1030 operum
399 951 511 1012 meritis
529 895 628 1010 licum
652 950 710 1012 sibi
728 949 874 1031 placatum
899 969 962 1010 esse
987 947 1126 1010 confidat.
1164 949 1242 1008 Nam
1261 948 1318 1008 ista
1394 981 1395 1026 3

150 1026 426 1108 gratiarumactio,
455 1047 530 1106 quae
548 1027 677 1088 refertur
695 1026 727 1086 in
747 1027 831 1088 nnius
851 1045 995 1106 persona,
1018 1026 1139 1086 minime
1158 1024 1318 1106 gloriantis
1394 1029 1395 1062 l

151 1115 197 1164 est
216 1104 252 1163 de
267 1103 392 1194 propria
411 1103 530 1179 virtute,
550 1104 632 1183 quasi
652 1104 774 1183 adeptus
793 1105 832 1164 sit
850 1123 867 1164 a
886 1123 917 1164 se
935 1102 1002 1183 ipso
1022 1101 1176 1178 iustitiam,
1191 1102 1242 1162 vel
1263 1123 1317 1163 sua

149 1179 293 1241 industria
313 1179 468 1260 quicquam
488 1180 526 1240 sit
546 1181 736 1260 promeritus:
785 1181 836 1239 uin
855 1179 954 1259 potius
973 1179 1033 1240 Dei
1053 1179 1163 1264 gratiae
1182 1177 1317 1254 ascribit,

151 1257 232 1336 quod
253 1257 343 1318 iustus
363 1269 426 1318 est·
457 1256 546 1332 Quen
569 1277 635 1317 uam
655 1268 753 1317 autern
762 1203 830 1317 beo
851 1255 959 1338 gratias
979 1277 1071 1340 agens
1091 1255 1207 1331 latetur,
1227 1255 1318 1334 quic-

151 1333 222 1414 quid
242 1332 390 1396 bonorum
410 1355 536 1416 operum
549 1278 647 1394 habet
664 1354 777 1393 merum
798 1353 860 1394 esse
880 1331 941 1392 eius
962 1332 1154 1407 beneficium,
1178 1329 1247 1412 quia
1267 1343 1316 1392 ta-

149 1431 220 1471 men
240 1429 363 1490 operum
383 1409 508 1472 fiduciae
528 1407 680 1486 innititur,
699 1431 789 1490 seque
809 1407 871 1471 aliis
891 1407 1033 1489 praefert,
1052 1431 1119 1470 curn
1138 1429 1188 1468 sua
1208 1429 1318 1488 preca-

149 1487 235 1548 tione
253 1487 400 1548 relicitur:
420 1488 500 1548 unde
512 1486 581 1547 colli
604 1487 689 1562 imus,
708 1505 771 1546 uon
781 1485 838 1549 rite
852 1505 951 1566 neque
970 1487 1002 1546 in
1021 1487 1147 1548 solidum
1167 1483 1319 1545 humiliari

149 1563 287 1624 homines
305 1563 452 1644 (quamvis
470 1585 502 1625 se
522 1505 604 1624 nihii
617 1583 702 1653 ppsse
720 1564 885 1654 reputent),
904 1563 961 1624 nisi
973 1583 1096 1644 operum
1106 1561 1219 1622 meritis
1228 1561 1317 1653 simul

151 1639 238 1700 diffisi
257 1641 381 1701 salutem
400 1661 481 1702 suam
500 1639 532 1699 in
574 1652 680 1702 raturta
699 1639 758 1700 Der
777 1639 912 1700 bonitate
933 1639 1033 1700 locare
1054 1641 1182 1714 discant,
1203 1650 1238 1698 ut
1256 1637 1316 1700 albe

149 1716 270 1776 fundata
290 1717 328 1776 sit
346 1727 410 1776 tota
430 1736 534 1776 eorum
552 1659 668 1776 bducia.
707 1708 948 1799 Insignis'loeos:
967 1737 1035 1776 nam
1047 1715 1222 1798 quibusdam
1233 1715 1317 1774 sulfi-

113 1847 120 1854 .
150 1813 220 1854 cere
239 1793 370 1865 videtur,
401 1792 425 1850 si
445 1792 559 1852 homini
579 1792 735 1854 detrahant
754 1793 903 1854 bonorum
930 1813 1053 1883 operum
1073 1791 1217 1876 gloriam,
1249 1792 1317 1871 quia

149 1870 229 1960 dopa
248 1881 317 1946 sunt
336 1867 463 1948 Spiritus
481 1869 589 1932 sancti:
610 1882 698 1947 atque
717 1869 758 1929 ita
799 1871 867 1930 ratis
887 1869 1036 1930 iustificari
1055 1889 1111 1932 nos
1129 1869 1318 1950 intelligunt,

135 1955 218 2024 'qma
237 1940 310 2004 nihil
330 1945 456 2006 iustitiae
476 1947 506 2006 in
527 1946 614 2006 nobis
633 1945 744 2025 reperit
796 1967 860 2023 eus,
881 1946 938 2008 nisi
958 1947 1039 2027 quod
1058 1945 1196 2006 contulit
1221 1947 1316 2026 Atqui

149 2021 268 2116 longius
288 2020 479 2104 progreditur
492 2008 635 2098 Christus,
655 2040 718 2082 non
738 2023 833 2083 solum
853 2033 934 2084 recte
954 2022 1062 2106 agendi
1081 2023 1223 2083 virtutem
1245 2021 1315 2114 Spi-

150 2097 224 2162 ritus
245 2097 357 2181 gratiae
383 2094 550 2180 assignans,
578 2101 631 2161 sed
655 2118 711 2161 nos
737 2101 907 2162 exinaniens
933 2101 1015 2160 omui
1032 2119 1164 2190 *operum
1194 2099 1317 2162 fiducia:

149 2197 213 2238 non
233 2175 311 2236 enim
331 2176 560 2255 reprehenditur
582 2176 625 2238 in·
643 2196 678 2253 ea
702 2189 786 2270 parte
806 2177 997 2250 Pharisaeus,
1028 2198 1096 2267 quaa
1115 2175 1174 2238 eibi
1193 2188 1318 2257 arroget

149 2253 230 2331 quod
248 2251 308 2313 Dei
349 2251 483 2333 roprium
504 2265 564 2330 est,
593 2255 645 2316 sed
671 2273 738 2332 quta
763 2255 875 2315 meritis
899 2253 958 2313 suis
982 2253 1131 2328 inuititur,
1161 2265 1195 2313 ut
1214 2254 1314 2316 Deum

147 2329 310 2410 propitium
329 2273 447 2405 habeat,
487 2342 610 2391 uatenus
629 2331 736 2416 dign'us
756 2337 807 2392 est
847 2331 980 2392 Sciamus
1000 2349 1084 2414 ergo,
1105 2329 1237 2409 quamvis
1257 2329 1315 2392 bo-

149 2425 257 2466 norum
277 2407 399 2485 opernm
419 2351 534 2470 landem
554 2409 623 2470 Deo
643 2407 707 2489 quis
726 2407 867 2484 ascribat,
886 2407 910 2469 si
930 2419 1027 2470 tamen
1049 2427 1151 2468 eorum
1172 2403 1318 2474 iustitiam

150 2481 326 2565 imaginatur
345 2484 444 2546 salutis
463 2505 532 2546 suae
552 2505 667 2553 causam
688 2503 761 2562 esse,
780 2485 827 2548 vel
846 2487 878 2546 in
899 2506 962 2546 earn
982 2483 1137 2559 recumbit,
1156 2503 1316 2565 perrersae

148 2558 335 2642 arrogantiae
355 2561 495 2622 damnari.
533 2563 579 2623 Ac
598 2575 680 2639 nota,
700 2559 747 2622 hit
766 2576 919 2623 ventosam
935 2561 1127 2638 ambitionem
1139 2582 1202 2620 non
1214 2563 1304 2621 taxari

149 2636 218 2697 duna
239 2636 316 2720 apud
336 2638 470 2698 homines
490 2637 671 2720 gloriantur,
696 2639 747 2717 qui
766 2637 822 2698 sibi
842 2638 912 2699 alias
930 2637 1006 2698 male
1027 2637 1137 2698 conscii
1157 2648 1242 2712 sunt,
1261 2605 1316 2700 sed

147 2713 294 2774 occultam
314 2714 498 2794 hypocrisin:
530 2736 628 2796 neque
648 2714 728 2775 enirn
748 2715 856 2776 dicitur
875 2734 983 2795 praeco
1004 2713 1092 2775 luisse
1111 2714 1316 2792 suarumlau-

149 2790 233 2865 dum,
245 2790 310 2850 ¹sed
328 2792 416 2850 tacite
436 2791 514 2871 apud
530 2812 565 2852 se
584 2794 729 2872 precatus.
762 2791 928 2853 ¹Caeterum
949 2791 1078 2870 quamvis
1096 2811 1166 2852 suae
1185 2790 1314 2852 iustitiae

149 2865 256 2926 lamam
277 2886 339 2924 nou
359 2879 513 2948 spargeret
532 2869 590 2928 alta
609 2887 694 2940 voce,
716 2867 842 2930 interior
860 2867 997 2950 snperbia
1016 2869 1085 2928 Deo
1105 2867 1314 2928 abominabilis

149 2941 215 3002 luit.
253 2939 371 3020 Duplex
390 2943 488 3002 autern
508 2943 646 3026 gloriatio
669 2943 731 3002 eius
751 2944 820 3004 fuit:
841 2965 908 3005 nam
929 2935 1106 3024 priusuu‘se
1127 2963 1143 3004 a
1163 2945 1314 3005 communi

150 3017 304 3080 hominum
323 3029 407 3078 reatu
426 3018 563 3096 absolvit,
583 3019 690 3081 deinde
710 3041 775 3082 suas
792 3023 916 3082 virtutes
958 3022 1060 3081 roiert.
1086 3021 1187 3104 Negat
1204 3041 1237 3082 se
1250 3023 1315 3082 esse

147 3106 288 3185 tanquam
306 3114 397 3168 unum
417 3115 434 3155 e
453 3097 589 3178 reliquis,
609 3097 678 3180 quia
697 3117 714 3157 a
731 3097 875 3180 scelerum
896 3043 980 3177 caipha
1001 3098 1039 3158 sit
1058 3098 1211 3173 immunis,
1237 3118 1315 3180 quae

148 3193 254 3252 passum
274 3190 306 3230 re
330 3183 402 3235 nant
420 3173 452 3231 iu
470 3174 592 3235 mundo.
633 3173 725 3248 Quod
746 3187 842 3236 autern
862 3175 965 3249 iactat,
984 3195 1016 3236 se
1035 3175 1080 3235 bis
1099 3174 1232 3235 ieiunare
1251 3175 1313 3235 sin-

191 3247 225 3308 lis
245 3189 398 3325 Sabbatis,
430 3261 461 3310 et
480 3250 606 3313 decimas
625 3251 774 3313 bonorum
793 3272 914 3312 suorum
934 3253 1019 3325 dare,
1044 3251 1167 3332 perinde
1190 3264 1236 3312 est
1254 3251 1313 3312 acsi

149 3268 272 3400 diceret,
292 3326 356 3405 plus
375 3346 407 3386 se
420 3339 575 3407 praestare
596 3348 682 3422 quam
692 3327 752 3388 Lex
772 3329 911 3410 requirat
937 3327 1031 3388 Sicuti
1050 3327 1189 3388 monachi
1209 3329 1241 3388 in
1253 3329 1311 3389 Pa-

75 3413 77 3418 ’
171 3413 221 3462 atu
240 3416 333 3482 opera
350 3423 384 3464 su
408 3405 623 3489 ererogationrs
642 3405 823 3486 praedicant,
843 3406 1014 3486 aesiparum
1025 3403 1082 3464 illis
1095 3415 1180 3478 esset,
1198 3405 1313 3488 Legem

148 3421 209 3540 bei
227 3479 360 3560 implere.
386 3425 564 3563 &uunquam
577 3494 676 3544 autem
689 3483 812 3573 quisque
831 3503 889 3562 pro
908 3502 1044 3542 mensura
1053 3482 1205 3556 virtutum,
1224 3503 1310 3572 quam

148 3555 231 3640 Deris
250 3557 282 3617 in
301 3557 394 3638 ipsum
415 3559 557 3634 contulit,
577 3561 613 3620 ad
633 3573 741 3640 gratias
761 3559 874 3620 auctori
893 3559 1021 3640 agendas
1039 3558 1133 3640 magis
1153 3557 1312 3619 obstructus

149 3646 209 3709 est,
229 3646 260 3694 et
300 3633 326 3694 ia
347 3645 391 3694 est
411 3634 483 3696 haec
503 3636 673 3712 meditatio,
691 3646 830 3715 reputare
851 3647 992 3714 quantum
1012 3635 1135 3715 quisque
1154 3635 1312 3714 receperit,

148 3731 188 3772 ne
207 3709 267 3771 Dei
279 3655 512 3772 beneficentiam
536 3713 748 3794 ingratitudine
774 3712 894 3786 obruat,
927 3711 986 3772 duo
1007 3722 1106 3802 tamen
1127 3711 1313 3774 observanda

147 3799 230 3848 sunta
249 3808 289 3848 ne
310 3808 366 3866 qua
386 3787 491 3848 fiducia
511 3809 566 3849 nos
585 3789 681 3865 inllet,
700 3787 759 3850 acsi
778 3789 957 3848 satisfactum
969 3789 1134 3859 essetDeo‚
1155 3786 1314 3850 deindene

147 3862 356 3924 insolescamus
376 3885 442 3923 curn
462 3865 585 3924 sratnrm
606 3878 725 3927 contem
747 3876 788 3925 tu.
808 3866 845 3925 In
855 3876 983 3945 utroque
995 3863 1119 3944 deliquit
1129 3864 1315 3942 Pharisaeus,

171 3940 217 4000 uia
237 3940 377 4001 iustitiam
394 3940 451 4000 sibi
470 3941 545 4002 salso
565 3941 715 4004 vindicans
767 3942 795 4002 ei
814 3941 1034 4003 misericordiae
1053 3939 1127 4001 nibil
1148 3940 1220 4002 iecit
1239 3944 1315 4004 resi·

149 3959 255 4092 inum,
268 4009 387 4080 ldeinde
406 4037 478 4108 prae
497 4034 529 4078 se
549 4016 623 4080 alios
643 4040 746 4080 omnes
766 4018 951 4110 contempsit
989 4017 1054 4078 Nec
1073 4037 1148 4077 vero
1168 4017 1223 4077 ista
1241 4039 1314 4100 gra-

34 4103 42 4114 '
147 4093 255 4152 tiarum
275 4093 566 4168 aotio‚n1sisuisset
586 4093 700 4156 duobus
722 4096 765 4156 his
784 4095 861 4156 vitiis
881 4095 1001 4168 inlecta,
1021 4114 1039 4154 a
1057 4093 1178 4154 Christo
1198 4094 1312 4174 impro-

147 4167 278 4246 baretur,
297 4171 348 4230 sed
359 4171 428 4249 quia
446 4171 483 4230 ad
502 4191 554 4232 sua
574 4185 695 4252 peecata
715 4172 876 4234 connivens
894 4169 1039 4260 superbus
1060 4169 1215 4251 hypocrita
1233 4172 1312 4231 inte-

147 4264 219 4384 grae
239 4245 447 4327 perfectaeque
467 4247 594 4309 iustitiae
613 4244 786 4330 figmentum
805 4247 864 4310 Dei
884 4247 996 4309 indicio
1013 4247 1166 4327 opposuit,
1191 4266 1314 4312 necesse

162 4321 206 4386 uit
224 4342 291 4386 cum
309 4320 400 4404 impia
418 4335 451 4388 et
467 4324 609 4410 umbega
629 4325 748 4390 andacia
762 4324 930 4392 concidere.
955 4322 1054 4388 Unica
1073 4322 1153 4386 enim
1164 4341 1232 4406 spes
1243 4325 1312 4405 pio-

803 4441 814 4474 Ι
