2766 4840
337 207 419 287 (197.
458 202 566 266 Sacrae
586 219 699 263 coenae
717 198 891 276 institutio.)
1130 204 1195 268 315

43 362 202 436 Christum,
221 371 255 420 ut
272 357 321 420 vel
339 355 484 418 alimentis
502 351 578 415 vires
597 351 748 424 reficeret,
770 350 819 412 vel
839 350 871 410 in
889 369 946 411 suo
963 351 1102 412 convictu
1120 353 1192 416 reti.

41 452 119 500 rrcret
137 435 307 517 discipulos,
325 436 377 504 sed
397 443 510 494 tantum
530 443 563 490 ut
582 428 708 510 probata
726 449 777 488 sua
797 426 1014 488 resurrectione
1033 430 1194 506 (euiusad.

42 518 92 576 buc
112 527 194 575 eraut
215 512 312 589 dubii)
336 532 439 572 eorum
464 519 578 568 mentes
603 527 716 566 sursum
740 505 887 566 eveheret
933 505 1000 564 Hoc
1018 505 1119 585 itaque
1138 526 1193 588 ge-

40 594 125 652 nuino
144 612 231 652 sensu
249 589 384 650 contenti
404 587 502 658 simus,
521 585 602 664 quod
618 583 764 646 Dominus
783 581 845 644 suis
861 579 1009 672 discipulis
1030 582 1196 662 promittat,

41 691 122 748 quum
149 668 289 731 hactenus
314 663 446 726 mortalis
471 661 562 722 homo
588 681 655 720 cum
681 658 737 720 illis
761 659 792 718 in
819 670 896 719 terra
920 657 1039 734 usserit,
1068 660 1195 740 posthac

41 745 137 806 beatae
158 757 190 804 et
209 741 381 812 immortalis
400 739 477 800 vitae
496 759 594 798 secum
616 735 682 803 sore
701 737 809 796 socios.
1037 793 1038 798 ,

112 823 184 882 Luc.
202 827 252 888 19.
293 817 380 901 (leod
393 838 454 906 prq
476 813 553 876 uobis
572 813 669 874 maur.
708 811 827 890 Reliqui
847 811 905 872 duo
925 809 1002 874 banc
1021 810 1196 892 particulam

40 899 182 970 ourittunt,
223 917 277 958 uae
296 908 394 956 tamen
414 893 533 954 minime
553 911 733 970 supervacua
753 902 810 951 est:
834 909 902 951 uam
922 887 990 948 ideo
1012 911 1091 954 nunc
1112 892 1196 972 panis
1242 945 1251 953 .

40 989 80 1034 est
98 974 181 1054 pubis
202 917 314 1034 &bristi
334 993 420 1042 caro,
443 967 585 1049 quoniam
611 967 642 1028 in
671 987 707 1028 ea
725 965 814 1036 nobis
834 965 924 1026 semel
945 977 1028 1045 parta
1048 980 1093 1028 est
1109 969 1195 1030 salus·

38 1053 74 1110 tsst
93 1049 338 1130 quemadmodum
362 1047 450 1108 nullis
475 1043 599 1137 prodest
624 1064 694 1104 caro
720 1043 782 1124 ipsa
807 1041 958 1116 crucifixa,
983 1042 1040 1114 nisi
1057 1045 1111 1124 qui
1129 1057 1205 1108 earn·

38 1129 91 1187 tide
116 1127 292 1200 comeduut,
323 1125 363 1186 ita
386 1123 513 1184 vicissim
537 1120 646 1202 [rigida
669 1132 747 1182 esset
771 1141 805 1180 ae
829 1117 936 1180 nullius
963 1117 1027 1180 iere
1051 1123 1197 1186 momenti

39 1197 232 1278 rrranducatio,
250 1203 307 1270 nisi
325 1201 460 1264 sacrificii
478 1197 569 1259 semel
590 1197 683 1258 oblati
702 1197 847 1277 respectu.
884 1197 969 1278 Ergo
990 1196 1121 1278 quisquis
1140 1221 1198 1260 nu.

40 1281 146 1340 triciam
165 1281 223 1342 sibi
242 1301 305 1341 esse
326 1278 407 1358 cupit
429 1275 539 1338 Christi
559 1295 688 1344 earnem,
708 1293 771 1334 eam
791 1273 821 1332 in
842 1294 929 1339 cruce
949 1269 1080 1354 oblatam
1099 1278 1199 1338 eonsi-

39 1359 126 1430 rleret,
147 1371 179 1418 ut
201 1369 319 1418 nostrae
339 1377 404 1416 cum
417 1355 486 1414 Deo
502 1349 756 1414 reconciliationis
770 1361 846 1410 esset
858 1349 998 1486 pretium.
1039 1351 1199 1416 Caeterum

39 1435 115 1512 quod
135 1433 167 1494 in
186 1430 429 1515 panissymbolo
449 1429 601 1491 subticeat
612 1428 777 1488 Matthaeus
797 1427 856 1486 ert
890 1448 965 1502 rcus,
984 1428 1017 1487 in
1037 1429 1128 1490 calice
1148 1451 1199 1490 ex..

38 1512 177 1588 primunt:
204 1531 324 1590 nempe·
337 1508 417 1588 quod
442 1505 560 1590 sanguis
584 1503 623 1566 sit
648 1503 679 1564 iu
698 1502 901 1588 remissionem
920 1515 1111 1583 peccatorum
1130 1505 1200 1568 suo-

38 1589 156 1648 deudus.
196 1589 279 1648 llaec
310 1606 381 1646 vcro
416 1596 489 1644 nota
519 1581 556 1641 ad
585 1593 742 1660 utrumque
768 1577 932 1644 membrum
958 1583 1201 1646 extendi'debet.

36 1666 75 1722 t'r
98 1686 116 1724 ο
137 1677 171 1725 ut
191 1664 248 1726 rite
268 1661 379 1726 Christi
400 1680 489 1722 caroe
509 1679 677 1738 pascamur,
703 1657 862 1737 spectanda
886 1655 974 1718 nobis
1000 1669 1043 1719 est
1063 1660 1124 1720 eius
1143 1661 1201 1720 im-

38 1685 169 1876 psolaltio,
189 1739 260 1822 quia
278 1737 371 1800 semel
391 1735 560 1820 prosalute
579 1747 682 1799 nostra
701 1734 764 1797 dari
785 1732 930 1813 oportuit,
948 1745 983 1794 ut
993 1737 1128 1816 quotidie
1142 1758 1202 1799 no-

56 1841 79 1876 ss
100 1830 199 1879 retur.

109 1895 216 1956 blattb.
235 1901 283 1960 27.
323 1889 421 1952 Bilta
444 1911 485 1950 ex
509 1885 564 1952 ltoo
588 1909 695 1962 omme,
737 1885 817 1962 Quis
839 1881 949 1948 Christi
968 1889 1126 1953 eonsilium
1145 1891 1204 1954 tuis
1235 1939 1239 1948 .

39 1969 123 2032 sidem
143 1983 276 2032 nostram
295 1967 352 2030 sibi
372 1980 465 2031 totam
485 1965 686 2048 obstringere,
709 1985 748 2036 ue
770 1961 841 2044 quid
861 1976 941 2024 extra
961 1965 1058 2046 ipsum
1077 1989 1203 2047 quaera-

37 2069 117 2122 mus,
145 2045 263 2108 duobus
286 2044 428 2126 symbolis
452 2043 540 2126 vitam
565 2055 696 2104 nostram
720 2041 750 2100 in
778 2061 810 2102 se
837 2041 978 2103 inclusam
999 2063 1061 2104 esse
1081 2057 1203 2108 testatus

39 2136 90 2182 est.
130 2125 253 2206 Indiget
272 2142 379 2202 corpus
399 2121 457 2180 boc
478 2121 514 2180 ad
533 2119 692 2180 fovendam
710 2129 740 2177 ct
758 2117 959 2178 sustinendam
977 2120 1068 2180 vitam
1088 2121 1156 2180 cibo
1173 2135 1205 2186 et

36 2213 119 2280 potu.
160 2199 306 2274 Christus,
326 2209 358 2258 ut
377 2217 408 2256 se
427 2216 519 2254 unum
539 2193 627 2255 nobis
647 2193 683 2254 ad
703 2193 891 2283 praestandas
909 2214 1013 2254 omnes
1024 2195 1123 2256 salutis
1134 2217 1204 2276 par-

38 2287 82 2338 tes
110 2275 142 2336 in
164 2275 292 2336 solidum
311 2272 447 2334 sulficere
468 2271 590 2344 doceat,
612 2269 669 2330 sibi
687 2289 765 2328 rrces
786 2279 873 2346 potus
893 2283 927 2329 at
947 2269 1009 2330 cibi
1024 2271 1144 2334 tribuit:
1172 2275 1206 2336 in

35 2374 97 2433 quo
117 2350 194 2412 mira
211 2347 272 2410 eius
290 2347 475 2428 indulgentia
494 2347 623 2419 relucet,
644 2344 728 2424 quod
745 2343 814 2404 fidei
834 2356 953 2406 nostrae
974 2347 1129 2410 consulere
1147 2373 1204 2412 vo-

34 2429 111 2501 lens,
132 2427 170 2486 ad
192 2425 286 2485 carnis
306 2434 425 2482 nostrae
445 2422 601 2484 ruditatem
622 2422 662 2482 ita
680 2441 712 2482 se
733 2419 876 2481 demittat.
916 2422 989 2497 Quo
1008 2407 1101 2507 magis
1120 2426 1206 2488 dete-

33 2501 152 2566 stabilis
174 2512 220 2562 est
238 2499 380 2590 sacrilepa
399 2497 498 2579 Papae
519 2497 650 2572 audacia,
675 2495 725 2576 qni
744 2517 857 2558 sacrum
879 2500 936 2559 hoe
955 2499 1103 2562 vinculum
1123 2525 1205 2564 ruru-

37 2601 112 2664 pere
134 2599 199 2640 non
220 2576 372 2638 dubitaret.
409 2574 552 2637 Audimus
570 2574 679 2634 Filium
698 2573 757 2633 Dei
775 2571 854 2636 ritae
874 2575 1098 2655 plenitudinem,
1118 2601 1208 2660 quam

34 2659 93 2720 suis
114 2653 247 2728 confert,
267 2651 383 2717 duobus
401 2651 543 2732 symbolis
564 2651 674 2731 pariter
694 2660 832 2732 testatum
853 2671 925 2712 esse.
966 2653 1053 2728 Quae
1066 2655 1207 2719 divinitus

36 2732 202 2797 coniuncta
223 2742 320 2806 erant,
343 2749 404 2807 quo
422 2727 489 2789 iure
510 2729 651 2790 divellere
670 2727 786 2790 bomini
805 2729 924 2791 mortali
943 2729 986 2790 las
1007 2729 1082 2792 luit?
1118 2731 1208 2796 Adde

37 2813 118 2890 quod
148 2807 287 2870 consulto
307 2805 423 2868 uidetur
442 2804 590 2866 Dominus
618 2803 787 2886 praecipere
813 2806 965 2882 omnibus,
994 2822 1027 2866 ut
1052 2831 1094 2870 ez·
1116 2809 1209 2872 cutim

35 2889 148 2960 numu,
194 2906 233 2946 uo
253 2882 438 2964 sacrilegium
457 2883 516 2944 boc
535 2880 572 2942 ab
591 2881 724 2942 Ecclesia
742 2901 793 2942 sua
813 2896 936 2944 moeret
974 2883 1023 2943 De
1042 2905 1119 2967 pane
1138 2886 1209 2948 sim·
1283 2898 1290 2909 '

36 2966 157 3046 pliciter
171 2907 282 3022 (dixisse
301 2959 440 3042 legimus,
465 2971 499 3020 ut
516 2959 699 3042 acciperent:
725 2981 777 3020 eur
801 2955 905 3020 bibere
930 2961 1104 3024 nominatim
1124 2963 1210 3026 iubet

38 3053 160 3114 ornnes,
183 3051 214 3099 et
232 3039 349 3116 Marcus
370 3035 478 3096 bibisse
500 3057 602 3096 omnes
622 3036 731 3098 diserte
751 3048 867 3110 narrat,
891 3037 948 3098 nisi
969 3049 1001 3098 ut
1019 3039 1076 3098 sibi
1095 3039 1132 3100 ab
1153 3042 1209 3102 im-

38 3121 87 3200 pia
110 3117 247 3180 novitate
267 3124 407 3174 caverent
426 3112 545 3174 fideles?
570 3113 634 3174 Nec
650 3113 752 3173 tamen
772 3134 876 3174 severo
898 3113 955 3175 hoc
974 3114 1133 3177 interdicto
1155 3119 1225 3180 deu

37 3196 162 3256 territus
183 3191 241 3252 luit
258 3191 355 3326 Papa,
380 3189 452 3270 quin
479 3191 562 3252 fixam
587 3189 755 3250 aDorniuo
781 3190 878 3271 legem
902 3203 1015 3252 mutare
1042 3215 1076 3254 ac
1091 3194 1210 3258 uiolare

38 3271 179 3334 auderet:
215 3288 297 3348 popu
310 3289 358 3328 um
383 3267 462 3326 enim
487 3269 583 3328 totum
608 3267 762 3346 prohibuit
780 3265 818 3326 ab
840 3289 892 3328 usu
913 3268 1018 3330 calicis.
1056 3272 1156 3352 Atque
1177 3285 1211 3333 ut

38 3371 69 3410 se
96 3348 246 3432 probaret
272 3365 334 3404 non
357 3344 423 3404 sine
446 3342 704 3433 rqtionelurere,
735 3343 873 3404 obtendit
896 3346 964 3406 satis
991 3367 1054 3408 esse
1078 3350 1210 3428 speciem
1241 3399 1245 3411 .

39 3447 145 3500 unam,
171 3422 242 3504 quia
266 3441 320 3501 per
344 3419 604 3482 concomitantiam
630 3421 804 3480 coniunctus
831 3420 869 3482 sit
886 3423 1005 3505 sanguis
1025 3447 1090 3486 cum
1111 3446 1210 3486 carne.

41 3503 137 3578 Quasi
156 3520 233 3562 vero
253 3519 316 3557 non
336 3497 442 3557 eodem
462 3509 615 3578 praetextu
634 3507 730 3556 toturn
743 3497 964 3558 Sacramentum
977 3499 1098 3560 abolere
1112 3500 1211 3577 liceat,

40 3581 109 3660 quia
131 3596 231 3658 aeque
251 3574 296 3634 sui
315 3573 473 3654 participes
494 3593 549 3662 ops
568 3573 668 3634 facere
689 3573 823 3636 Christus
843 3575 937 3666 possit
955 3576 1066 3656 absque
1086 3589 1225 3639 externos

40 3653 236 3717 adminiculo.
277 3650 339 3710 Sed
362 3650 423 3710 istis
465 3649 605 3710 uerrlibus
626 3649 736 3712 cavillis
756 3650 829 3710 nilril
850 3663 965 3710 irruatur
985 3651 1046 3712 eius
1066 3653 1104 3712 im
1128 3653 1213 3732 isus,

19 3734 110 3814 ,quia
132 3730 211 3792 nihil
231 3727 324 3810 magis
343 3726 415 3787 abso
452 3747 499 3786 um
520 3739 574 3799 est,
594 3747 680 3804 quarn
700 3738 734 3787 ut
752 3728 865 3789 traditis
886 3749 902 3788 a
921 3728 1055 3788 Domino
1075 3674 1212 3791 subsidib

38 3822 150 3890 sponte
171 3817 310 3878 careant,
333 3803 382 3864 vel
402 3803 510 3883 privari
533 3803 697 3864 sustineant
721 3804 838 3866 fidelos:
862 3803 992 3885 ideoque
1016 3805 1089 3866 nibil
1115 3806 1212 3870 miuus

40 3887 203 3948 serendum
225 3903 312 3964 quarn
332 3881 421 3962 impia
441 3879 513 3940 haec
533 3879 664 3960 mysterii
683 3879 833 3942 laceratio.

120 3961 217 4024 Marc.
237 3965 285 4023 tt.
324 3955 388 4018 Hie
410 3969 452 4016 est
474 3961 594 4033 sanguis
618 3977 704 4016 meus.
743 3958 805 4018 Iam
831 3957 911 4039 prius
938 3957 1095 4033 admonui,
1121 3979 1211 4037 quum

41 4041 154 4102 dicitur
183 4035 427 4108 fundendusgsan
451 4033 495 4092 uis
521 4033 615 4112 (apud
634 4033 829 4108 Matthaenrn)
848 4039 880 4093 irs
898 4037 1092 4094 rerrsissiossom
1105 4057 1213 4112 peom-

40 4133 151 4192 tomt,
171 4114 218 4179 bis
238 4111 337 4176 verbis
356 4131 412 4172 nos
453 4109 519 4202 'rigi
539 4109 575 4170 ad
594 4112 696 4172 mortis
711 4111 828 4174 Christi
847 4111 1030 4184 sacrificium,
1049 4111 1112 4173 sine
1132 4115 1214 4176 cuius

40 4193 190 4256 memoria
218 4211 368 4270 nonquam
393 4187 449 4250 rite
475 4189 579 4248 toene
605 4186 779 4248 celebratur.
818 4189 881 4246 Nec
907 4208 979 4247 vero
1005 4187 1092 4263 aliter
1114 4191 1214 4252 satiari

42 4281 173 4352 possunt
193 4265 296 4327 fideles
315 4265 440 4340 auimu,
460 4263 516 4324 nisi
536 4274 679 4342 quatenus
697 4265 794 4324 Deum
813 4263 870 4326 sibi
890 4263 1036 4344 placatum
1057 4287 1119 4328 esse
1140 4289 1214 4328 con-

42 4351 152 4416 fidunt.
195 4343 356 4408 (ὶιιιιιιιιι
375 4341 429 4406 sub
449 4341 602 4408 meltum
620 4341 742 4406 nornine
760 4359 823 4404 nou
842 4353 956 4424 partem
978 4344 1082 4404 mundi
1101 4355 1214 4408 tantum
