2768 4834
187 233 245 298 124
389 225 542 306 sueno
562 227 600 288 V.
639 227 790 290 htuunms
811 227 888 290 insu
907 236 1107 291 neruorum.
1186 255 1197 292 2

186 373 352 472 spondens
373 383 485 450 Simon
506 383 585 450 dixit
604 381 668 462 illi,
689 385 901 472 Praeceptor,
921 408 983 474 per
1002 397 1100 454 totam
1121 399 1255 456 noctem
1280 389 1337 456 la-

185 488 338 570 borantes
359 485 440 550 nihil
461 488 615 572 cepimus:
645 495 751 551 tamen
775 485 972 554 adverbum
994 497 1081 556 tuum
1102 487 1220 557 laxabo
1242 503 1335 558 rete.

184 587 214 652 6.
238 587 281 652 Et
301 609 398 674 quum
418 587 481 652 hoc
502 585 661 664 fecissent,
683 585 912 654 concluserunt
931 591 1064 675 piscium
1081 589 1332 660 multitudinem

184 691 367 776 copiosam:
402 679 612 773 rumpebatur
631 698 735 752 autem
757 699 827 754 rete
850 710 970 758 eorum.
1013 693 1042 757 7.
1070 692 1113 757 Et
1134 706 1331 761 annuerunt

181 793 292 868 sociis,
327 791 382 876 qui
410 797 501 854 eraut
527 784 560 852 in
585 785 686 852 altera
713 791 801 867 navi,
837 801 872 856 ut
897 795 1047 858 venirent
1074 804 1107 859 et
1129 794 1331 862 adiuvarent
1376 845 1377 852 .

181 894 279 977 ipsos.
320 889 362 955 Et
382 901 555 968 venerunt,
588 899 684 976 atque
705 889 920 977 impleverunt
941 891 1050 958 ambas
1070 914 1186 974 naves,
1215 899 1327 964 itaut

181 1003 412 1076 mergerentur.
454 991 485 1058 8.
507 989 610 1077 Quod
632 1012 729 1076 quum
751 992 885 1057 vidisset
906 993 1017 1059 Simon
1041 995 1168 1088 Petrus,
1199 997 1325 1064 accidit

182 1090 223 1156 ad
246 1113 351 1176 genua
373 1094 461 1171 lesir,
488 1090 614 1169 diceus,
641 1088 785 1156 Discede
808 1115 913 1172 apme,
938 1093 1095 1174 Domine,
1122 1100 1197 1182 quia
1216 1097 1321 1166 bomo

179 1205 333 1278 peccator
352 1215 430 1258 sum.
467 1193 497 1258 9.
517 1191 639 1278 Stupor
658 1195 742 1256 enim
764 1185 1021 1260 circumdederit
1043 1217 1127 1275 eum,
1149 1206 1182 1261 et
1202 1220 1322 1267 omnes

180 1294 236 1378 qui
263 1315 333 1357 cum
362 1293 420 1359 illo
450 1304 557 1372 erant,
595 1315 693 1378 super
720 1305 817 1379 captu
841 1297 991 1380 piscium,
1029 1319 1124 1383 quem
1151 1311 1317 1386 ceperant.

179 1393 229 1459 10.
248 1393 402 1460 Similiter
423 1405 527 1460 autem
549 1391 702 1460 lacobum
725 1404 757 1470 et
777 1395 931 1461 loannem
953 1395 1040 1462 lilios
1062 1397 1235 1478 Zebedaei,
1256 1405 1317 1488 qui

178 1505 271 1560 erant
295 1497 375 1560 socii
403 1495 536 1562 Simoni.
583 1496 626 1561 Et
652 1489 697 1560 ait
715 1494 757 1561 ad
778 1495 940 1562 Simonem
963 1497 1067 1575 lesus,
1100 1497 1154 1564 Ne
1173 1512 1316 1568 metuas:
1376 1545 1377 1550 κ

156 1596 313 1684 ,posthac
339 1597 423 1661 enim
451 1595 597 1661 homines
625 1598 742 1682 capies.
792 1596 840 1662 tt.
871 1597 914 1662 Et
939 1596 1106 1666 subductis
1133 1603 1167 1666 in
1194 1611 1314 1668 terram

175 1695 323 1776 navibus,
341 1695 463 1764 relictis
484 1693 642 1778 omnibns,
663 1700 791 1784 sequuti
811 1708 886 1765 sunt
907 1721 989 1765 eum.

253 1907 358 1972 Mattb.
383 1917 430 1979 18.
476 1909 638 1973 Aminiam
666 1927 761 1973 maron
783 1911 867 1974 Iesos
889 1927 939 1975 etc.
987 1901 1066 1991 Quia
1089 1917 1162 1978 haec
1188 1916 1311 1984 historia

164 1984 308 2066 duobus,
334 2002 531 2070 quae'postea
551 1989 731 2066 videbimus,
755 1989 900 2050 miraculis
920 1994 1068 2072 posterior
1088 1994 1212 2054 habetur
1229 1998 1311 2075 apud

174 2064 302 2141 Lucam,
333 2065 422 2148 vulgo
441 2065 564 2126 invaluit
584 2067 702 2147 opinio,
732 2067 813 2147 quod
833 2066 954 2149 abipso
975 2082 1109 2132 comatur
1127 2070 1311 2148 miraculum,

174 2142 326 2222 aliquanto
369 2154 416 2203 ost
433 2154 580 2224 tempore,
600 2165 686 2223 quam
707 2165 723 2204 a
745 2143 865 2206 Christo
884 2146 982 2206 vocati
1003 2159 1116 2224 essent,
1135 2147 1223 2222 luisse
1242 2149 1309 2210 cdi-

173 2230 246 2279 tum.
291 2164 365 2280 Sed
377 2241 480 2302 parum
504 2220 647 2280 momenti
666 2219 757 2281 habet
775 2220 867 2312 ratio,
897 2231 1179 2302 quamsequuntrir:
1210 2245 1309 2305 neque

174 2295 254 2358 enim
278 2299 358 2357 certi
383 2295 517 2372 ‹listinota
541 2317 577 2357 ue
601 2309 661 2357 tem
685 2317 769 2356 orum
794 2317 870 2358 serre
895 2299 1013 2358 annales
1034 2313 1213 2380 componere
1234 2323 1306 2382 pro-

172 2373 302 2454 positum
327 2373 384 2435 suit
406 2317 612 2456 Evongdlistis.
656 2319 744 2434 liade
768 2373 817 2447 fit,
846 2385 879 2434 ut
903 2373 1043 2458 neglecto
1069 2377 1181 2438 dierum
1201 2379 1307 2440 ordine

72 2459 75 2466 ⁴
173 2471 208 2512 ex
232 2452 321 2528 rebus
349 2448 438 2532 gestis
460 2448 570 2510 Christi
599 2450 770 2532 praecipuas
804 2472 933 2531 quasque
966 2455 1129 2514 summatim
1162 2454 1307 2537 colligere

151 2528 239 2588 {satis
258 2527 395 2588 habeant.
434 2527 592 2588 hunorum·
609 2527 726 2606 quidem
747 2525 845 2587 habita
865 2526 921 2586 luit
940 2527 976 2588 ab
996 2529 1053 2588 illis
1073 2529 1159 2604 ratio,
1179 2543 1212 2590 ut
1230 2552 1307 2592 con-

169 2604 304 2686 spicuum
325 2615 401 2664 esset
420 2603 596 2678 lectoribus,
625 2605 778 2696 quomodo
800 2603 954 2664 defunctus
974 2606 1011 2667 sit
1032 2603 1164 2666 Christus
1185 2607 1307 2690 triennii

171 2702 274 2757 cursu,
305 2680 341 2741 ab
368 2679 453 2741 initio
482 2680 709 2761 praedicationis
734 2701 825 2760 usque
851 2681 888 2740 ad
913 2693 1048 2742 mortem.
1094 2683 1154 2743 Sed
1179 2687 1307 2765 quaein

169 2755 248 2818 idem
275 2745 339 2816 iere
363 2769 478 2836 tempus
502 2756 672 2817 inciderunt
698 2755 852 2830 miracula,
882 2755 976 2820 libere
1001 2758 1192 2839 permiscent:
1223 2763 1306 2840 quod

169 2832 302 2914 pluribus
329 2831 435 2891 deinde
461 2832 598 2913 exemplis
623 2833 731 2894 certius
755 2833 876 2914 patebit.
927 2835 1014 2896 Nunc
1039 2857 1110 2896 vero
1137 2837 1260 2898 eandem
1286 2859 1305 2899 a

159 2910 263 2972 tribus
287 2907 440 2968 historiam
464 2909 592 2983 narrari,
621 2909 753 2991 pluribus
778 2911 956 2990 argumentis
982 2923 1110 2972 constat:
1143 2913 1305 2993 exquibus

167 2996 267 3045 tamen
292 3005 382 3059 unum
401 2984 460 3045 boc
479 3005 542 3044 uon
562 2987 750 3047 contentioso
770 2985 876 3047 lectori
895 2987 1034 3064 sufficiet,
1067 2991 1152 3068 quod
1167 3002 1226 3050 tres
1245 2991 1304 3072 ipsi

70 3077 86 3100 ⁸
167 3081 229 3121 uno
256 3081 401 3122 consensu
425 3062 543 3121 tandem
569 3062 693 3136 docent,
724 3063 845 3122 Petrum
866 3075 897 3122 et
915 3065 1079 3138 Androm,
1111 3065 1252 3126 iacobum
1273 3081 1304 3129 et

165 3138 311 3198 Ioannem
332 3150 445 3198 creatos
465 3138 553 3198 luisse
571 3139 743 3221 Apostolos.
775 3138 807 3198 Si
828 3140 907 3220 prius
927 3141 1023 3201 vocati
1043 3141 1174 3218 luissent,
1194 3165 1300 3234 seque.

165 3225 264 3290 retur,
295 3213 383 3274 fuisse
407 3225 568 3296 apostatas,
598 3216 648 3296 qui
674 3217 791 3277 deserto
816 3217 955 3298 magistro
978 3228 1008 3278 et
1026 3229 1124 3298 spreta
1143 3231 1302 3285 vocatione

165 3289 278 3350 reversi
303 3301 401 3350 essent
417 3293 461 3352 'ad
486 3290 642 3372 pristinum
667 3293 741 3352 vitae
766 3313 869 3374 genus.
913 3293 981 3355 Hoc
1001 3306 1115 3358 tantum
1135 3306 1179 3354 est
1199 3295 1301 3360 discri..

83 3403 87 3418 ·
164 3366 252 3427 minis
271 3367 349 3426 inter
366 3368 477 3430 Lucam
497 3379 527 3428 et
546 3369 619 3429 duos
639 3369 780 3449 reliquos,
798 3369 878 3504 {aad
928 3368 1068 3430 iraculum
1088 3370 1124 3430 ab
1146 3371 1189 3432 his
1211 3373 1301 3434 ornis-

165 3465 228 3504 sum
248 3443 328 3504 solus
349 3443 463 3508 recitat
499 3444 561 3504 Sed
581 3445 639 3508 hoc
680 3466 779 3524 noque
826 3392 993 3528 vanghhistis
1014 3468 1075 3506 non
1098 3458 1142 3506 est
1160 3448 1301 3526 insolens,

187 3533 279 3581 artem
299 3542 387 3580 unam
405 3521 450 3582 rei
470 3533 585 3604 gestae,
619 3467 718 3584 multis
739 3522 962 3584 circumstantiis
983 3523 1110 3598 omissis,
1142 3525 1299 3609 attingere.

165 3543 269 3672 boare
295 3597 369 3658 nihil
393 3597 511 3658 absurdi
538 3611 596 3674 est,
625 3600 648 3660 si
675 3600 802 3659 dicamus
848 3600 1018 3668 raeterltum
1038 3601 1126 3664 luisse
1147 3622 1163 3660 a
1183 3601 1300 3664 duobus

162 3675 352 3754 miraculum&
383 3675 463 3754 quod
488 3674 525 3735 ab
549 3697 610 3736 uno
634 3675 771 3736 refertur.
826 3620 1034 3739 benemoria
1061 3677 1222 3736 tenendum
1239 3692 1302 3740 ,εει

185 3753 245 3812 uod
265 3752 338 3814 dicit
356 3753 496 3826 loannes,
516 3772 550 3811 ex
569 3751 731 3813 innumeris
747 3749 858 3812 Christi
876 3753 1023 3814 miraculis
1044 3752 1187 3814 delectam
1209 3753 1298 3816 fuisso

162 3773 290 3910 iliquam
313 3842 443 3909 partem,
475 3849 550 3907 quae
575 3828 612 3892 ad
635 3828 818 3913 probandam
843 3830 905 3892 eius
929 3829 1056 3894 divinam
1081 3829 1246 3908 potentiam
1267 3844 1298 3892 et

163 3905 250 3965 fidem
269 3905 301 3964 iu
322 3928 359 3967 co
380 3917 510 3966 nostram
530 3904 759 3966 confirmandam
779 3905 935 3967 sufficeret.
969 3906 1050 3966 Nihil
1070 3905 1080 3965 i
1103 3907 1162 3966 itur
1179 3906 1299 3984 mirum,

160 3981 185 4040 si
204 3982 398 4056 {vocationem
419 3994 545 4061 quamor
562 3981 777 4062 Apostolorum
797 3983 912 4062 parcius
932 3981 1064 4044 delibant
1081 3927 1248 4054 hlatthaeus
1267 3997 1299 4044 et

160 4057 287 4132 Marcus,
307 4059 387 4119 cuius
407 4057 595 4120 ocdasiouem
614 4060 707 4119 Lucas
727 4059 816 4120 fusius
836 4060 1011 4138 exsequitur.

139 4171 154 4192 2
238 4133 310 4196 Luc.
333 4143 361 4200 1.
405 4133 508 4200 Stoica
534 4137 622 4196 tuam
644 4150 786 4210 attiguum.
828 4135 992 4200 Matthaeus
1019 4145 1049 4195 et
1072 4137 1190 4198 Marcus
1214 4157 1295 4204 mare

162 4207 317 4269 Galilaeae
343 4210 500 4286 nominant
522 4211 595 4272 trito
620 4211 739 4294 linguae
764 4232 832 4272 suae
852 4231 945 4271 more.
984 4211 1078 4274 Lacus
1098 4211 1150 4274 ille
1170 4213 1294 4293 proprie

160 4290 306 4350 Hebraeis
330 4289 401 4351 olim
427 4293 519 4353 dictus
546 4293 603 4353 tuit
622 4309 707 4354 mnan.
745 4294 864 4355 Deinde
884 4293 985 4378 lingua
1007 4308 1145 4377 corrupta
1164 4315 1220 4356 vox
1240 4295 1293 4355 de-

160 4367 236 4432 flexa
261 4365 317 4428 luit
341 4365 372 4427 in
399 4367 595 4432 Genesareth.
640 4371 765 4434 Protaui
788 4371 948 4452 scriptores
968 4371 1151 4435 Genesarem
1169 4383 1293 4439 vocante
