2766 4840
483 183 822 271 cdmsrr‘vnmcturn.
1177 222 1237 285 235

71 371 177 429 morte
196 321 325 450 aliquos
346 362 499 430 affiiieut.
540 367 592 432 17.
618 365 661 430 Et
686 367 774 432 eritis
801 368 892 432 exosi
921 367 1072 448 omnibus
1100 383 1236 457 propter
1315 417 1322 436 1

71 485 193 532 nomen
220 487 334 532 meum.
377 469 427 533 18.
454 469 496 534 Et
521 467 606 553 pilus
635 489 653 533 e
683 473 788 558 capite
813 479 922 536 vestro
948 493 1017 541 non
1046 475 1141 560 perit.
1185 477 1234 542 19.

72 571 110 636 ln
131 572 287 656 patientia
307 565 472 657 possidete
494 573 614 638 animas
635 582 766 638 vestras.

149 819 254 880 Matth.
274 827 302 886 9.
345 815 431 876 Tunc
448 811 563 876 trudent
580 833 629 874 uos
648 815 680 872 in
698 813 900 952 effictionem.
946 816 1009 900 Iam
1033 819 1112 882 aliud
1136 831 1234 883 tenta-

72 895 166 957 tionis
185 917 279 978 genus
298 893 442 974 praedicit
463 891 595 952 Christus
616 891 706 970 discip
741 892 774 966 is,
794 913 853 971 quo
873 903 992 973 praeter
1004 917 1174 960 communes
1190 899 1235 959 af-

72 972 222 1035 flictiones
242 975 373 1054 ipsorum
391 970 463 1030 fides
482 967 636 1049 probanda
654 967 705 1027 sit:
730 989 838 1050 nempe
857 969 936 1060 ipsos
956 972 1013 1032 toti
1032 977 1143 1036 mundo
1163 996 1235 1037 ero-

72 1069 122 1112 sos
150 1061 181 1110 et
206 1047 392 1112 detestabiles
413 1045 487 1106 fore.
527 1043 593 1104 lloc
613 1064 667 1123 per
685 1065 716 1105 se
736 1045 802 1106 filiis
821 1046 880 1106 Der
900 1047 983 1108 triste
1002 1070 1037 1109 ac
1057 1052 1161 1113 durum
1181 1065 1236 1130 est,

72 1125 242 1218 promiscue
263 1148 328 1188 eum
345 1122 482 1216 reprobis
499 1133 529 1183 et
538 1121 597 1181 Dei
612 1123 867 1202 contemptoribus
886 1123 991 1205 affligi,
1010 1137 1042 1186 et
1050 1125 1154 1188 iisdem
1165 1130 1237 1190 sub-

72 1203 124 1263 rici
145 1203 266 1283 poenis,
294 1223 363 1282 quas
383 1199 426 1261 rlli
447 1220 500 1280 pro
520 1196 576 1258 suis
594 1197 754 1260 sceleribus
773 1199 926 1270 sustinent.
965 1203 1033 1262 Hoc
1053 1225 1124 1264 vero
1144 1206 1237 1299 longe

71 1279 204 1358 iniquius
223 1281 349 1352 videtur,
368 1277 481 1338 du‘riter
500 1273 628 1354 opprimi
647 1275 784 1356 gravibus
803 1276 895 1349 malis,
915 1297 930 1337 a
952 1277 1058 1414 quibus
1079 1281 1161 1372 impii
1176 1295 1237 1344 srnt

73 1358 228 1418 immunes.
267 1357 377 1416 Verum
396 1353 482 1414 sicuti
501 1351 639 1424 triticum,
658 1349 710 1410 ubi
728 1351 813 1411 simul
833 1375 898 1413 cum
918 1373 1003 1434 paea
1020 1356 1148 1438 flagellis
1166 1381 1237 1439 per-

72 1455 189 1494 cussum
202 1431 302 1508 fuerit,
320 1431 400 1492 mola
420 1428 527 1490 deinde
548 1428 740 1490 contunditur
752 1449 786 1487 ac
796 1429 912 1502 teritur,
931 1431 971 1492 itu
983 1431 1064 1492 Deus
1078 1433 1154 1494 filios
1166 1455 1236 1498 suos

73 1531 138 1568 non
165 1521 278 1570 tantum
298 1507 494 1569 communiter
513 1527 578 1568 cum
598 1504 693 1584 impiis
713 1504 834 1586 affligit,
863 1506 915 1568 sed
940 1529 1026 1568 cruce
1052 1511 1139 1572 etiam
1162 1532 1236 1592 prae

70 1586 138 1646 aliis
165 1585 291 1668 subigit,
317 1597 352 1645 ut
374 1583 467 1646 videri
492 1581 607 1662 possint
625 1581 747 1660 ,reliquo
773 1601 884 1663 genere
910 1584 1037 1646 bumano
1056 1587 1236 1650 miseriores.

71 1662 137 1723 Sed
158 1663 279 1742 proprie
300 1663 347 1724 bic
361 1660 493 1722 Christus
513 1656 783 1724 de'afflictionibus
804 1659 927 1734 disserit,
948 1683 1018 1796 quas
1027 1683 1084 1798 pro
1096 1665 1236 1748 Evange-

73 1739 119 1799 lio
139 1738 264 1800 subituri
283 1749 368 1800 erant
387 1735 530 1818 discipuli.
568 1735 632 1796 Etsi
652 1735 730 1795 enim
750 1755 852 1796 verum
871 1749 916 1796 est
934 1737 1008 1800 ilud
1054 1739 1112 1799 auli
1133 1741 1234 1820 (llum,

70 1821 103 1890 8,
123 1819 204 1893 211),
223 1837 299 1896 quos
319 1817 399 1876 Deus
420 1813 527 1895 elegit,
544 1831 602 1878 ‚eos
644 1831 742 1902 unque
762 1812 921 1874 destinasse
942 1815 978 1876 ad
997 1817 1149 1879 serendam
1169 1840 1237 1880 crn-

72 1913 157 1968 cem,
182 1903 215 1951 ut
234 1894 402 1953 conformes
421 1891 480 1950 sint
499 1889 556 1951 ima
579 1888 619 1948 ini
653 1889 707 1948 'iliu
725 1889 785 1949 sui:
810 1909 872 1950 non
896 1901 996 1952 tamen
1022 1892 1075 1954 bac
1094 1895 1237 1978 singulari
1267 1901 1272 1920 '

71 1979 147 2029 nota
167 1989 269 2030 omnes
288 1969 419 2052 insignit,
439 1979 471 2028 ut
490 1965 526 2027 ab
572 1965 700 2047 vangelii
719 1965 852 2029 hostibus
870 1969 1130 2048 persequutionem
1149 1973 1236 2034 susti-

4 2105 5 2110 ,
70 2057 174 2106 neant.
213 2047 260 2106 De
280 2045 334 2106 hac
354 2044 446 2118 cmcis
465 2043 566 2124 specie
586 2063 665 2101 nunc
686 2042 1124 2120 concionaturChristus,'dnrn
1138 2049 1237 2111 fideli-

62 2123 129 2182 ·bus
149 2142 205 2202 pro
226 2123 384 2204 Evangelii
399 2119 571 2180 testimonio
591 2118 749 2199 impiorum
769 2120 837 2179 odia
857 2120 965 2195 subire,
985 2122 1103 2200 probris
1112 2146 1144 2184 se
1156 2125 1236 2186 obii·

71 2218 159 2272 cere,
180 2210 211 2258 et
228 2199 360 2258 furorem
379 2216 543 2286 provocare
564 2214 684 2254 necesse
704 2205 756 2254 est.
794 2195 870 2254 Nam
890 2197 1056 2258 admonitos
1076 2200 1170 2260 voluit
1190 2202 1236 2262 di-

68 2273 220 2354 scipulos,
243 2273 398 2356 Evangelii
423 2271 587 2332 doctrinam
613 2269 715 2348 (cuim
740 2269 830 2328 futuri
856 2283 940 2332 erant
958 2282 1047 2334 testes
1066 2295 1100 2340 ac
1120 2278 1238 2353 nuncii)
1282 2299 1286 2306 ·

69 2351 187 2412 mundo
213 2369 398 2428 nequaquam
425 2347 491 2406 fore
518 2357 630 2427 gratnm
649 2344 697 2404 vel
713 2343 917 2424 plausibilem,
941 2351 1186 2428 quemadmodum
1206 2365 1245 2432 et

95 2428 156 2486 rius
175 2423 231 2485 illis
249 2435 431 2503 exposuerat.
462 2421 612 2482 Praedicit
630 2433 727 2482 autem
747 2441 809 2480 non
827 2425 918 2484 modo
939 2446 1004 2485 eum
1024 2429 1123 2506 paucis
1143 2427 1237 2494 horn.

68 2451 131 2563 bus
151 2500 208 2560 illis
227 2501 293 2561 fore
314 2511 473 2574 certamen,
492 2499 543 2558 sed
565 2517 742 2578 quocunqne
756 2499 906 2576 venerint,
925 2512 1028 2582 gentes
1047 2524 1149 2564 omnes
1169 2507 1237 2568 fore

5 2585 9 2591 ’
69 2579 133 2640 illis
153 2577 282 2638 infestas.
321 2577 388 2636 Hoc
408 2588 504 2636 autem
523 2573 699 2636 incredibile
719 2585 888 2652 portentum
909 2577 981 2652 fnit,
1026 2581 1086 2640 uod
1104 2581 1151 2641 vel
1172 2581 1237 2644 for·
1299 2584 1303 2594 '
1380 2597 1381 2604 ’

69 2656 201 2716 tissimus
221 2654 332 2717 animos
352 2652 517 2734 percellere
539 2664 568 2712 et
589 2661 750 2712 concutere
769 2665 880 2730 posset,
898 2599 1087 2714 nomenqtitii
1097 2656 1155 2716 Dei
1175 2669 1237 2721 tam

70 2732 186 2794 infame
207 2751 269 2792 esse
290 2741 320 2790 et
340 2730 485 2804 odiosum,
504 2741 538 2788 ut
557 2727 693 2789 omnibus
713 2727 775 2788 eius
793 2729 955 2792 cultoribus
970 2730 1082 2811 ubique
1097 2733 1236 2795 invidiam

73 2819 200 2872 crearet.
238 2807 311 2869 Ideo
337 2807 414 2886 apud
435 2807 567 2866 Marcum
592 2805 733 2879 habetur,
758 2819 851 2868 nouem
867 2805 955 2868 uobis.
994 2809 1063 2886 Quo
1088 2809 1182 2871 verbo
1200 2811 1236 2870 fi-

72 2907 145 2946 nem
166 2896 196 2946 et
215 2907 297 2948 usum
318 2884 525 2947 admonitionis
545 2892 640 2955 notat,
661 2879 770 2942 debere
788 2883 907 2945 scittcee
920 2885 956 2946 ad
974 2887 1162 2946 tolerantiam
1182 2909 1236 2968 pa-

72 2975 156 3022 ratos
183 2981 263 3036 esse,
288 2981 325 3026 ne
351 2961 484 3020 incantos
505 2959 653 3041 opprimat
671 2961 808 3021 tentatio.
846 2962 935 3042 Apud
959 2964 1083 3024 eundem
1104 2961 1237 3024 Marcum
1265 3014 1268 3023 ,

73 3039 210 3114 additur,
225 3041 303 3118 sose
325 3035 379 3098 boo
402 3035 517 3128 regibus
541 3049 567 3096 et
585 3033 770 3112 praesidibus
793 3041 826 3096 in
847 3043 1051 3116 testimonium,
1104 3063 1172 3102 uum
1198 3041 1236 3103 ad

73 3116 194 3176 illorum
214 3115 344 3176 tribunal
364 3114 442 3174 ductu
462 3113 574 3174 fuerint
593 3111 703 3174 Christi
723 3113 867 3194 discipuli.
908 3115 1003 3178 Lucas
1027 3061 1116 3198 paulo
1141 3117 1239 3195 aliter,

73 3196 219 3268 maringe!
235 3191 314 3252 uobis
331 3189 385 3251 buc
402 3196 436 3250 ise
452 3194 657 3252 testimonium:
676 3190 727 3250 sed
747 3197 866 3270 prorsum
886 3193 991 3254 eudem
1010 3215 1105 3254 sensu.
1135 3195 1238 3278 Signi-

7 3307 12 3312 ·
75 3269 145 3328 licat
166 3269 243 3328 enim
264 3267 414 3341 Christus,
429 3269 515 3328 Evan
539 3267 626 3328 elium
645 3289 729 3326 suum
750 3288 787 3328 eo
806 3269 899 3351 magis
918 3281 1056 3330 testatum
1076 3271 1158 3346 fore,
1184 3271 1237 3332 ubi

1 3346 7 3360 '
75 3345 331 3426 mortispericnlo
353 3342 504 3404 defensum
517 3287 622 3403 luerit.
659 3345 735 3404 Nam
754 3344 778 3403 si
797 3356 909 3405 tantum
924 3342 1123 3426 praedicando
1136 3351 1238 3410 Euan,-

75 3421 157 3514 gelio
178 3442 298 3502 operam
319 3421 468 3482 dedissent
485 3419 633 3501 Apostoli,
651 3441 715 3480 non
735 3421 821 3481 etiam
843 3434 946 3484 eontm
965 3423 1092 3486 furiosos
1108 3423 1236 3484 hostium

77 3511 202 3577 1mpetus
219 3509 399 3559 ·coustauter
423 3517 479 3577 pro
505 3517 542 3558 eo
567 3497 726 3558 asserendo
752 3499 917 3576 stetissent,
943 3521 1004 3562 nou
1030 3512 1090 3561 tam
1115 3501 1237 3563 illustris
1303 3493 1316 3520 ³

76 3575 180 3634 fuisset
208 3575 268 3635 eius
294 3573 489 3634 confirmatio.
529 3575 630 3648 Quum
654 3594 725 3635 vero
750 3576 847 3653 capita
871 3598 922 3637 sua
947 3575 1078 3636 obiicere
1098 3597 1160 3636 non
1181 3577 1236 3636 du·

74 3651 217 3726 bitarent,
236 3671 293 3714 nec
312 3649 364 3710 ulli
384 3650 487 3710 mortis
506 3661 634 3710 terrores
655 3671 706 3710 eos
727 3651 890 3712 deiicereut
908 3673 925 3714 a
946 3651 1112 3732 proposito,
1135 3671 1169 3711 ex
1187 3652 1236 3710 in-

75 3728 191 3808 trepida
212 3747 314 3788 eorum
335 3727 498 3788 constantin
518 3727 663 3818 apparuit,
683 3747 769 3805 quam
789 3729 867 3790 serio
889 3731 925 3790 de
945 3749 1047 3789 causae
1061 3747 1129 3790 suae
1145 3726 1236 3787 boni-

74 3815 137 3865 tate
157 3805 286 3886 persuasi
305 3804 414 3876 forent.
452 3803 523 3864 Fuit
540 3805 630 3886 igitur
650 3804 722 3863 baec
742 3803 871 3887 legitima
882 3803 1036 3896 Evangelii
1054 3802 1237 3894 ubsiguatio,

75 3879 239 3963 Apostolos
260 3882 296 3943 ad
316 3901 419 3962 regum
437 3901 529 3960 usque
547 3881 707 3944 tribunalia
727 3881 838 3960 absque
862 3881 1021 3946 formidine
1044 3879 1180 3959 prodire,
1204 3891 1237 3940 et

76 3959 206 4040 ingenue
227 3958 288 4018 illic
302 3957 412 4018 Christi
423 3977 532 4016 nomen
545 3955 689 4047 profiteri.
728 3958 863 4036 Ideoque
877 3957 980 4018 Petrus
992 3977 1023 4016 se
1035 3967 1142 4016 testem·
1150 3969 1237 4020 vocat

76 4036 245 4114 passionum
261 4033 382 4108 Christi,
402 4053 523 4113 quarum
543 4033 751 4124 insiguia‘ipse
771 4033 914 4112 gestabat.
952 4035 992 4092 Et
1004 4031 1111 4092 Paulus
1120 4033 1237 4113 Philip-

77 4112 213 4190 pensium
239 4111 353 4191 primo,
379 4132 406 4168 v.
426 4115 473 4176 17.
491 4109 635 4191 gloriatur
655 4131 685 4169 se
705 4131 735 4170 ru
756 4111 911 4190 Evangelii
931 4109 1134 4172 defensionem
1154 4110 1236 4191 posi-

77 4193 149 4246 tum.
191 4188 283 4261 Quod
302 4185 443 4266 imprimis
462 4198 567 4246 notatu
586 4185 707 4266 dignum
732 4197 791 4260 est,
817 4207 855 4246 ne
880 4189 959 4266 turpi
985 4187 1237 4267 praevaricatione

77 4263 173 4355 elide
193 4264 341 4337 excidant,
360 4284 434 4354 quos
453 4263 535 4324 nem
554 4273 638 4327 tanto
659 4263 775 4326 honore
796 4262 947 4346 dignatur,
972 4275 1005 4326 ut
1025 4269 1165 4350 patrimus
1186 4285 1237 4328 vo·
1291 4328 1298 4339 ,
1361 4233 1373 4287 '⁴

78 4351 174 4410 citans
193 4361 262 4404 suae
282 4351 448 4404 constituat
1326 4381 1330 4388 .
