2768 4856
446 315 538 398 ara.
554 287 733 395 'stortura
1090 353 1176 398 xxxv
1211 300 1215 310 ’

64 499 82 542 rr
97 497 169 546 nocte
189 496 400 548 convenerant
419 487 478 566 pii,
509 488 587 568 quod
614 489 670 548 illis
692 486 820 550 interdiu
841 486 924 548 nullo
946 488 1036 557 modo
1056 489 1172 552 licebat

63 563 139 641 itaque
160 574 295 640 vetustae
323 561 392 623 iliae
421 575 452 622 et
477 565 614 624 rarrcidae
644 563 805 624 calaminiae
838 564 867 623 in
894 561 1079 626 Christianos
1103 567 1173 628 olim

64 639 210 716 excogitatae
237 651 314 700 tnnc
358 659 460 718 noque
487 654 606 702 auctore
634 642 762 722 quodam
787 639 906 701 bomine
933 659 988 700 nec
1016 642 1098 702 bono
1119 661 1174 704 nee

64 717 163 784 erudito,
193 717 326 808 quodam
339 661 539 778 itemoctare
560 716 731 778 sorbonico
752 717 904 808 Dpctore,
931 719 1078 797 repositae
1098 732 1175 796 sunt,

64 791 408 880 qoasiridelrcetomnium
429 793 574 854 malorum
596 815 681 854 causa
702 806 810 854 nostris
830 815 894 854 unas
914 805 992 856 esset
1009 793 1174 858 tribuenda.

64 867 191 928 subornati
224 869 318 929 etiam
350 869 402 948 qui
429 881 462 931 to
484 883 644 948 noncupetur
669 871 892 945 confirmarent,
932 869 1037 951 quihus
1063 871 1175 932 creduli

65 944 163 1023 plerique
182 944 433 1006 assentiebantur.
460 897 601 1010 Producti
614 957 682 1005 sunt
701 946 792 1029 igitur
811 947 846 1008 ad
859 947 988 1008 flammas
1002 947 1037 1006 ad
1051 969 1081 1008 sc
1104 961 1174 1024 tem,

68 1031 95 1078 ter
108 1023 222 1100 repetito
244 1022 400 1102 exemplo:
433 1021 464 1080 in
491 1043 616 1102 quorum
643 1023 739 1114 primo
760 1021 908 1106 singulare
923 1022 1064 1114 praebuit
1084 970 1180 1086 ibri:

66 1097 144 1154 manae
162 1097 348 1158 fortitudinis
377 1098 540 1179 exemplum
561 1098 670 1160 nobilrs
691 1099 834 1180 quaedam
859 1099 981 1176 mulier,
1020 1101 1100 1160 cuius
1122 1101 1175 1164 de-

65 1193 119 1231 uon
134 1185 163 1232 ut
181 1187 211 1234 et
229 1195 281 1236 sex
304 1175 432 1236 aliorum
453 1187 540 1254 atque
561 1175 590 1234 in
611 1175 655 1234 his
676 1177 900 1236 no'vissimorum
921 1178 1044 1240 duorum
1055 1177 1174 1258 penitus

66 1251 248 1310 adolescentum
283 1251 454 1314 constantia
486 1253 573 1332 plane
604 1252 661 1311 fuit
689 1252 873 1312 admirabilis.
925 1253 1037 1313 Verum
1068 1253 1175 1334 partim

67 1323 147 1383 detecta
166 1328 296 1406 quidem,
318 1329 372 1388 sed
384 1327 503 1389 minime
518 1339 618 1388 tamen
632 1325 760 1388 coercita
773 1328 1008 1390 Sorbouicornm
1021 1329 1175 1406 calumnia,

68 1413 132 1460 nabe
147 1419 250 1484 nempe
272 1405 409 1485 captiuas
429 1426 526 1466 secum
547 1403 637 1478 filias,
670 1423 743 1482 quae
765 1416 969 1485 constupratae
991 1405 1176 1483 dicebantur,

68 1479 89 1536 ad
103 1479 303 1558 inspectionem
325 1479 472 1541 iudicibus
494 1481 658 1555 offerente,
698 1492 766 1540 eto
789 1479 863 1539 timu
891 1481 1019 1560 quodam
1040 1481 1175 1542 doctissi—

69 1573 100 1610 uo
130 1557 237 1632 esico,
270 1570 428 1638 pastorem
450 1557 564 1640 aliquot
584 1569 652 1617 ante
672 1501 821 1619 mensibus
840 1555 882 1616 ibi
902 1565 1027 1648 agente,
1053 1557 1174 1640 egregio

70 1575 140 1716 iddio
158 1647 259 1694 cuncta
281 1634 335 1694 illa'
355 1635 508 1696 mendacia
528 1633 616 1694 facile
636 1635 823 1706 revincente,
848 1645 955 1713 partim
976 1630 1177 1696 intervenien-

69 1717 116 1764 tum
132 1709 349 1772 Germanorum
370 1709 542 1790 Principum
568 1709 736 1846 leqatione,
776 1731 863 1846 qnam
887 1731 998 1770 summa
1024 1709 1176 1772 celeritate

72 1781 173 1845 [doinus
191 1787 385 1870 procuravit,
414 1794 570 1868 tempestat
591 1789 600 1846 i
625 1808 639 1847 a
660 1787 785 1848 nonnibr
815 1785 995 1867 conquievit.

136 1941 250 2073 plbblt.)
290 1941 402 2004 Annus
440 1941 518 2001 huuc
559 1953 755 2021 consequutus
793 1939 975 2020 reipublicae
1006 1939 1178 2002 Genevenai

72 2011 117 2070 felir
132 2015 212 2076 ilurit
232 2029 383 2098 perpetua
403 2017 483 2077 inter
501 2018 667 2080 Beruenses
693 2030 724 2077 et
743 2017 934 2077 Genevenses
959 2015 1029 2077 inita
1051 2015 1177 2078 confoe-

73 2087 202 2166 deratione,
239 2107 350 2154 contra
377 2093 506 2154 exsulum
531 2095 648 2154 illorum
669 2089 892 2173 perditissimam
918 2093 1177 2172 exspectationem,
1252 2095 1254 2100 ’

75 2165 107 2242 qui
121 2167 220 2230 detecta
239 2171 454 2232 coniuratione
476 2191 509 2230 ex
529 2170 602 2250 urbe
624 2169 715 2250 elapsi
735 2170 807 2230 nihil
828 2191 889 2230 non
903 2181 987 2229 erant
1003 2169 1125 2250 experti,
1145 2179 1180 2228 ut

75 2241 108 2298 las
122 2244 186 2306 inter
204 2268 232 2306 se
254 2248 392 2308 civitates
414 2247 642 2308 committerent.
675 2247 735 2307 Sed
748 2248 823 2306 lianc
835 2244 1076 2327 tranquillitatem
1087 2244 1178 2304 multa

74 2317 164 2380 siriasim
181 2323 299 2385 adversa
324 2323 542 2383 conturbarunt
562 2335 680 2403 praeter
700 2322 828 2382 exsulum
842 2322 942 2382 irritos
954 2321 1072 2382 ultimos
1086 2341 1177 2382 cona-

78 2403 113 2464 tus,
129 2399 157 2455 de
193 2400 276 2462 uibus
324 2400 387 2460 lura
409 2399 507 2460 dicere
528 2421 591 2461 non
612 2398 762 2460 constitui.
801 2399 876 2459 Nam
897 2397 970 2458 foris
992 2397 1109 2478 quidem
1129 2417 1178 2458 re-

78 2421 227 2534 ordesceioat
246 2477 277 2535 in
293 2421 397 2536 gallia
418 2477 620 2558 persequutio,
641 2475 721 2535 domi
741 2495 813 2534 sero
836 2495 870 2533 ex
883 2473 1000 2533 Servati
1021 2472 1180 2562 cineribus,

79 2561 164 2608 rudore
182 2555 309 2631 quodam
331 2553 495 2612 Valentino
517 2552 634 2613 Gentili
655 2551 854 2622 Consentino,
877 2549 1029 2608 teterrima
1047 2547 1179 2608 Trrthei-

78 2625 141 2683 brun
156 2626 275 2690 haeresis
296 2627 474 2710 pullulabat.
508 2630 613 2708 Itaque
633 2639 666 2686 ut
686 2625 742 2686 illis
763 2623 844 2684 malis
866 2635 1081 2696 occurreretur,
1101 2623 1180 2684 missi

79 2705 166 2762 suntad
181 2705 360 2766 Germaniae
381 2704 536 2785 Principes
558 2725 624 2764 cum
646 2700 764 2762 Caluini
784 2701 884 2775 literis,
905 2697 956 2779 qui
974 2709 1022 2759 tot
1042 2698 1180 2758 ecclesia·
1209 2775 1213 2785 ι

80 2795 119 2864 un
135 2779 335 2842 calamitatibus
358 2781 497 2861 expositis
517 2780 759 2840 intercessionem
775 2797 876 2838 eorum
896 2774 1091 2911 postularent,
1112 2775 1179 2836 dum

79 2853 268 2918 mentireris
289 2861 407 2919 interea
428 2857 596 2918 laborantes
611 2854 750 2918 Calvinus
763 2854 904 2916 confirma
928 2863 965 2912 at.
1007 2851 1082 2912 Cum
1095 2851 1179 2912 Gen-

79 2925 108 2984 tili
121 2952 179 2992 rero
199 2935 267 3014 quid
287 2947 388 2995 actum
408 2933 462 3009 sit,
491 2933 555 3015 quis
582 2933 709 3012 denique
730 2931 819 2990 fuerit
837 2930 919 2990 istius
939 2927 1063 2990 monstri
1089 2927 1181 2990 exitus

80 3006 148 3088 paucis
165 3011 415 3072 commemorabo.
465 3011 566 3070 Exstat
590 3009 668 3070 enirn
693 3019 756 3068 tota
777 3007 850 3068 baec
871 3005 992 3066 historia
1014 3005 1120 3086 partim
1141 3005 1178 3064 ab

101 3080 243 3147 soCalsino
265 3109 299 3148 es
320 3087 395 3148 actis
437 3085 550 3162 obticis,
570 3087 676 3166 partim
697 3106 712 3144 a
732 3083 896 3144 Benedicto
916 3081 1180 3142 Arela’oBerneusi

80 3097 203 3244 ibeologo
227 3165 354 3226 Pastore
380 3162 400 3222 fi
424 3162 508 3223 eliter
537 3162 701 3243 descripta,
731 3159 903 3295 adiectaque
935 3157 1181 3238 blasphemiarum

82 3231 143 3308 *psius
159 3239 309 3302 refutatio:
332 3259 408 3319 quae
424 3239 539 3320 quidem
553 3239 650 3299 omnia
671 3237 785 3318 aliaque
805 3257 842 3297 eo
865 3256 912 3296 em
932 3245 1086 3316 congesta,
1106 3253 1181 3312 quae

81 3307 104 3364 ²d
122 3310 178 3404 dud
199 3337 230 3374 ar
272 3329 407 3376 mentum
434 3316 600 3396 pertinent,
632 3314 710 3374 edita
734 3323 803 3372 suut
826 3311 858 3370 in
883 3313 938 3372 bac
964 3311 1080 3370 civitate
1102 3329 1181 3369 anno
1264 3339 1267 3346 ⁴

83 3379 170 3448 bonini
187 3335 307 3454 [ΕΠ.
328 3412 418 3472 supra
439 3390 730 3471 sesquimillesimum.
776 3387 882 3448 Infelix
902 3387 994 3470 igitur
1013 3384 1063 3446 ille
1084 3383 1182 3470 sagaci

83 3461 177 3541 pridem,
194 3469 242 3528 sed
261 3470 349 3531 vafro
371 3469 592 3548 sophisticoque
613 3466 735 3550 ingenio
755 3463 920 3600 praeditus,
941 3461 1093 3544 aliquanto
1111 3473 1182 3599 post

84 3552 191 3622 peplum
211 3545 245 3604 de
265 3547 395 3607 Secreto
416 3543 590 3626 supplicium
612 3555 712 3603 nactus
733 3540 809 3602 ilius
830 3537 937 3600 librum
957 3539 1088 3618 itemque
1139 3536 1181 3597 ai-

83 3615 123 3670 tmi
137 3619 336 3682 refutationem
356 3619 443 3680 facile
463 3621 678 3693 animaduertit,
698 3637 796 3697 neque
816 3615 893 3678 iilius
913 3627 1030 3708 spectra
1050 3625 1081 3674 et
1093 3613 1182 3687 ideas,

85 3687 158 3762 tubus
175 3695 357 3760 samosateni
379 3697 510 3757 haeresin
530 3697 580 3757 ille
602 3695 797 3769 coloraverat,
818 3713 913 3774 neque
934 3703 1078 3753 invectam
1098 3689 1182 3780 asa-

85 3759 148 3826 bellio
164 3769 356 3835 Personarum
383 3795 448 3834 cum
468 3772 607 3834 Essentia
634 3771 856 3846 confusionem,
885 3771 1034 3831 Deitatem
1055 3766 1124 3826 dem
1145 3784 1183 3825 ue

41 3891 42 3909 .
86 3835 181 3927 Cbn'sti,
227 3852 325 3911 ualem
347 3851 476 3932 impurus
497 3851 584 3910 Arius
605 3847 750 3908 facticiam
775 3865 838 3910 esse
859 3846 974 3927 docuit,
1004 3863 1071 3933 epm
1089 3862 1140 3902 rer
1164 3862 1183 3901 o

88 3871 276 3986 lleicouciiari
295 3948 395 4010 posse.
433 3928 473 3986 Et
498 3947 587 4006 quum
607 3946 721 3998 rursus,
752 3922 878 4014 quaein
899 3921 1048 4010 scripturas
1070 3919 1184 3980 deuna
1266 3929 1272 3936 “

89 3987 127 4050 llei
141 4003 266 4074 menda,
287 4017 317 4064 et
337 4003 431 4063 tribus
452 4003 530 4062 inter
548 4024 579 4062 se
600 4023 631 4062 re
653 4001 714 4080 ipsa
735 3999 879 4060 distinctis
900 3993 1103 4080 hypostasibus
1123 4005 1183 4055 lra-

91 4065 177 4154 ftllur,
193 4076 403 4162 intelligentiae
424 4091 542 4138 nostrae
563 4077 681 4138 minime
703 4075 846 4155 quadrare
865 4075 989 4148 videret,
1013 4071 1084 4132 fecit
1104 4071 1184 4162 quod

91 4153 198 4212 eiusnodi
221 4155 247 4213 in
271 4157 337 4218 enia
366 4165 598 4230 consueverunt,
628 4153 658 4213 id
683 4167 741 4226 est,
771 4171 833 4211 non
858 4171 920 4212 sese
939 4149 999 4211 Dei
1023 4147 1184 4229 sapientiae
1204 4197 1219 4222 „,

91 4217 204 4302 tubabit,
221 4177 270 4292 sed
288 4233 319 4294 id
341 4232 456 4291 demum
476 4253 578 4292 verum
600 4251 661 4290 esse
681 4227 739 4289 sibi
759 4229 918 4308 persuasit,
944 4226 1024 4315 qupd
1044 4246 1109 4284 cum
1131 4224 1185 4317 brq-

92 4313 153 4358 mana
178 4307 283 4370 ratione
315 4307 508 4368 consentiret.
547 4309 651 4386 Itaque
680 4303 851 4364 monarchia
881 4305 918 4364 ad
950 4319 1066 4362 unicam
1091 4299 1186 4388 Patras

140 4395 213 4440 onam
230 4385 384 4460 translata,
424 4406 509 4465 quem
536 4383 632 4444 solum
658 4393 688 4442 et
705 4380 825 4440 unicum
845 4383 982 4448 adriacos
1002 4395 1063 4436 esse
1083 4372 1189 4445 volurt,

113 4457 310 4539 moratorem,
330 4461 427 4538 idest,
446 4461 598 4524 Esseotiae
609 4458 858 4540 propagationem
871 4465 989 4586 tresqu:
1001 4469 1136 4521 numero,
1157 4457 1187 4504 ut
1236 4514 1239 4525 Ι

102 4445 107 4456 a
