<?xml version="1.0" encoding="UTF-8"?>
<!DOCTYPE html PUBLIC "-//W3C//DTD XHTML 1.0 Transitional//EN"
    "http://www.w3.org/TR/xhtml1/DTD/xhtml1-transitional.dtd">
<html xmlns="http://www.w3.org/1999/xhtml" xml:lang="en" lang="en">
 <head>
  <title>
</title>
<meta http-equiv="Content-Type" content="text/html;charset=utf-8" />
  <meta name='ocr-system' content='tesseract 3.04.00' />
  <meta name='ocr-capabilities' content='ocr_page ocr_carea ocr_par ocr_line ocrx_word'/>
</head>
<body>
  <div class='ocr_page' id='page_1' title='image "./innovumtestamen00calvgoog_0195.png"; bbox 0 0 2768 4834; ppageno 0'>
   <div class='ocr_carea' id='block_1_1' title="bbox 182 123 1114 358">
    <p class='ocr_par' dir='ltr' id='par_1_1' title="bbox 182 123 1114 358">
     <span class='ocr_line' id='line_1_1' title="bbox 202 123 1006 183; baseline -0.025 15"><span class='ocrx_word' id='word_1_1' title='bbox 202 128 212 164; x_wconf 84' lang='lat'><em>¹</em></span> <span class='ocrx_word' id='word_1_2' title='bbox 920 173 924 183; x_wconf 64' lang='grc'><strong>.</strong></span> <span class='ocrx_word' id='word_1_3' title='bbox 998 123 1006 178; x_wconf 82' lang='lat' dir='ltr'><strong>t</strong></span> 
     </span>
     <span class='ocr_line' id='line_1_2' title="bbox 182 252 1114 358; baseline -0.025 0"><span class='ocrx_word' id='word_1_4' title='bbox 182 252 244 358; x_wconf 72' lang='lat' dir='ltr'><strong>tto</strong></span> <span class='ocrx_word' id='word_1_5' title='bbox 395 281 549 348; x_wconf 75' lang='lat' dir='ltr'><strong>secuto</strong></span> <span class='ocrx_word' id='word_1_6' title='bbox 568 281 607 343; x_wconf 79' lang='lat' dir='ltr'><strong>u.</strong></span> <span class='ocrx_word' id='word_1_7' title='bbox 644 281 796 344; x_wconf 75' lang='lat' dir='ltr'><strong>umens</strong></span> <span class='ocrx_word' id='word_1_8' title='bbox 817 279 895 342; x_wconf 77' lang='lat' dir='ltr'><strong>rese</strong></span> <span class='ocrx_word' id='word_1_9' title='bbox 912 287 1114 342; x_wconf 69' lang='lat' dir='ltr'><strong>ramosum</strong></span> 
     </span>
    </p>
   </div>
   <div class='ocr_carea' id='block_1_2' title="bbox 8 428 1381 3345">
    <p class='ocr_par' dir='ltr' id='par_1_2' title="bbox 8 428 1381 3345">
     <span class='ocr_line' id='line_1_3' title="bbox 186 428 1333 523; baseline -0.011 -20"><span class='ocrx_word' id='word_1_10' title='bbox 186 441 294 513; x_wconf 79' lang='lat' dir='ltr'><strong>thren,</strong></span> <span class='ocrx_word' id='word_1_11' title='bbox 324 436 398 498; x_wconf 91' lang='lat' dir='ltr'><strong>nihil</strong></span> <span class='ocrx_word' id='word_1_12' title='bbox 424 438 461 498; x_wconf 89' lang='lat' dir='ltr'><strong>ab</strong></span> <span class='ocrx_word' id='word_1_13' title='bbox 487 455 522 497; x_wconf 91' lang='lat' dir='ltr'><strong>ea</strong></span> <span class='ocrx_word' id='word_1_14' title='bbox 546 433 665 509; x_wconf 65' lang='lat' dir='ltr'><strong>differt,</strong></span> <span class='ocrx_word' id='word_1_15' title='bbox 699 454 756 514; x_wconf 87' lang='lat' dir='ltr'><strong>qua</strong></span> <span class='ocrx_word' id='word_1_16' title='bbox 781 431 870 514; x_wconf 88' lang='lat' dir='ltr'><strong>paulo</strong></span> <span class='ocrx_word' id='word_1_17' title='bbox 897 443 965 492; x_wconf 88' lang='lat' dir='ltr'><strong>ante</strong></span> <span class='ocrx_word' id='word_1_18' title='bbox 985 429 1108 523; x_wconf 73' lang='lat' dir='ltr'><strong>legimns</strong></span> <span class='ocrx_word' id='word_1_19' title='bbox 1127 449 1212 490; x_wconf 89' lang='lat' dir='ltr'><strong>usum</strong></span> <span class='ocrx_word' id='word_1_20' title='bbox 1232 428 1333 490; x_wconf 68' lang='lat' dir='ltr'><strong>tuere</strong></span> 
     </span>
     <span class='ocr_line' id='line_1_4' title="bbox 188 507 1334 592; baseline -0.013 -12"><span class='ocrx_word' id='word_1_21' title='bbox 188 520 348 580; x_wconf 80' lang='lat' dir='ltr'><strong>Ioannem:</strong></span> <span class='ocrx_word' id='word_1_22' title='bbox 380 514 491 576; x_wconf 84' lang='lat' dir='ltr'><strong>duabus</strong></span> <span class='ocrx_word' id='word_1_23' title='bbox 516 509 594 572; x_wconf 89' lang='lat' dir='ltr'><strong>enim</strong></span> <span class='ocrx_word' id='word_1_24' title='bbox 618 511 751 592; x_wconf 87' lang='lat' dir='ltr'><strong>partibus</strong></span> <span class='ocrx_word' id='word_1_25' title='bbox 780 513 912 584; x_wconf 83' lang='lat' dir='ltr'><strong>constat,</strong></span> <span class='ocrx_word' id='word_1_26' title='bbox 964 508 1127 586; x_wconf 83' lang='lat' dir='ltr'><strong>oenrtentia</strong></span> <span class='ocrx_word' id='word_1_27' title='bbox 1154 516 1184 566; x_wconf 81' lang='lat' dir='ltr'><strong>et</strong></span> <span class='ocrx_word' id='word_1_28' title='bbox 1207 507 1334 588; x_wconf 83' lang='lat' dir='ltr'><strong>gratiae</strong></span> 
     </span>
     <span class='ocr_line' id='line_1_5' title="bbox 188 529 1334 677; baseline -0.011 -22"><span class='ocrx_word' id='word_1_29' title='bbox 188 593 347 677; x_wconf 87' lang='lat' dir='ltr'><strong>salutisque</strong></span> <span class='ocrx_word' id='word_1_30' title='bbox 371 589 540 672; x_wconf 86' lang='lat' dir='ltr'><strong>praeconio.</strong></span> <span class='ocrx_word' id='word_1_31' title='bbox 590 587 734 647; x_wconf 78' lang='lat' dir='ltr'><strong>Hortatur</strong></span> <span class='ocrx_word' id='word_1_32' title='bbox 763 587 888 647; x_wconf 87' lang='lat' dir='ltr'><strong>Iudaeos</strong></span> <span class='ocrx_word' id='word_1_33' title='bbox 918 529 962 644; x_wconf 73' lang='lat' dir='ltr'><strong>ad</strong></span> <span class='ocrx_word' id='word_1_34' title='bbox 985 583 1226 656; x_wconf 82' lang='lat' dir='ltr'><strong>conversionem,</strong></span> <span class='ocrx_word' id='word_1_35' title='bbox 1254 583 1334 661; x_wconf 80' lang='lat' dir='ltr'><strong>quin</strong></span> 
     </span>
     <span class='ocr_line' id='line_1_6' title="bbox 8 658 1333 754; baseline -0.013 -19"><span class='ocrx_word' id='word_1_36' title='bbox 8 715 13 734; x_wconf 52' lang='lat' dir='ltr'><strong>s</strong></span> <span class='ocrx_word' id='word_1_37' title='bbox 188 691 316 754; x_wconf 81' lang='lat' dir='ltr'><strong>regnum</strong></span> <span class='ocrx_word' id='word_1_38' title='bbox 333 668 392 728; x_wconf 87' lang='lat' dir='ltr'><strong>Dei</strong></span> <span class='ocrx_word' id='word_1_39' title='bbox 412 664 707 746; x_wconf 76' lang='lat' dir='ltr'>appropinquaverit:</span> <span class='ocrx_word' id='word_1_40' title='bbox 728 664 786 723; x_wconf 89' lang='lat' dir='ltr'><strong>hoc</strong></span> <span class='ocrx_word' id='word_1_41' title='bbox 807 673 866 738; x_wconf 91' lang='lat' dir='ltr'><strong>est,</strong></span> <span class='ocrx_word' id='word_1_42' title='bbox 886 661 954 741; x_wconf 88' lang='lat' dir='ltr'><strong>quia</strong></span> <span class='ocrx_word' id='word_1_43' title='bbox 973 661 1117 742; x_wconf 90' lang='lat' dir='ltr'><strong>populum</strong></span> <span class='ocrx_word' id='word_1_44' title='bbox 1135 681 1219 720; x_wconf 88' lang='lat' dir='ltr'><strong>suum</strong></span> <span class='ocrx_word' id='word_1_45' title='bbox 1239 658 1333 719; x_wconf 88' lang='lat' dir='ltr'><strong>Deus</strong></span> 
     </span>
     <span class='ocr_line' id='line_1_7' title="bbox 75 736 1334 830; baseline -0.01 -21"><span class='ocrx_word' id='word_1_46' title='bbox 75 811 77 814; x_wconf 75' lang='grc'><strong>,</strong></span> <span class='ocrx_word' id='word_1_47' title='bbox 188 746 352 830; x_wconf 82' lang='lat' dir='ltr'><strong>regendum</strong></span> <span class='ocrx_word' id='word_1_48' title='bbox 376 741 529 822; x_wconf 84' lang='lat' dir='ltr'><strong>suscipiat,</strong></span> <span class='ocrx_word' id='word_1_49' title='bbox 559 761 634 822; x_wconf 87' lang='lat' dir='ltr'><strong>quae</strong></span> <span class='ocrx_word' id='word_1_50' title='bbox 658 741 747 821; x_wconf 86' lang='lat' dir='ltr'><strong>plena</strong></span> <span class='ocrx_word' id='word_1_51' title='bbox 773 750 818 798; x_wconf 88' lang='lat' dir='ltr'><strong>est</strong></span> <span class='ocrx_word' id='word_1_52' title='bbox 842 759 875 798; x_wconf 93' lang='lat' dir='ltr'><strong>ac</strong></span> <span class='ocrx_word' id='word_1_53' title='bbox 900 738 993 798; x_wconf 86' lang='lat' dir='ltr'><strong>solida</strong></span> <span class='ocrx_word' id='word_1_54' title='bbox 1022 737 1164 796; x_wconf 78' lang='lat' dir='ltr'><strong>felicitas.=</strong></span> <span class='ocrx_word' id='word_1_55' title='bbox 1204 736 1334 796; x_wconf 87' lang='lat' dir='ltr'><strong>Marcus</strong></span> 
     </span>
     <span class='ocr_line' id='line_1_8' title="bbox 211 811 1381 898; baseline -0.009 -16"><span class='ocrx_word' id='word_1_56' title='bbox 211 823 278 884; x_wconf 86' lang='lat' dir='ltr'><strong>aulo</strong></span> <span class='ocrx_word' id='word_1_57' title='bbox 304 821 404 894; x_wconf 86' lang='lat' dir='ltr'><strong>aliter,</strong></span> <span class='ocrx_word' id='word_1_58' title='bbox 440 822 684 898; x_wconf 65' lang='lat' dir='ltr'><strong>appropinquavit</strong></span> <span class='ocrx_word' id='word_1_59' title='bbox 705 837 827 892; x_wconf 78' lang='lat' dir='ltr'><strong>reguum</strong></span> <span class='ocrx_word' id='word_1_60' title='bbox 849 815 927 874; x_wconf 83' lang='lat' dir='ltr'><strong>Deir</strong></span> <span class='ocrx_word' id='word_1_61' title='bbox 964 817 1136 890; x_wconf 72' lang='lat' dir='ltr'><strong>resipiscite,</strong></span> <span class='ocrx_word' id='word_1_62' title='bbox 1167 826 1193 871; x_wconf 83' lang='lat' dir='ltr'><strong>et</strong></span> <span class='ocrx_word' id='word_1_63' title='bbox 1216 811 1339 874; x_wconf 71' lang='lat' dir='ltr'><strong>credita</strong></span> <span class='ocrx_word' id='word_1_64' title='bbox 1380 875 1381 884; x_wconf 10' lang='grc' dir='ltr'>ἵ</span> 
     </span>
     <span class='ocr_line' id='line_1_9' title="bbox 188 845 1332 974; baseline -0.011 -13"><span class='ocrx_word' id='word_1_65' title='bbox 188 845 369 974; x_wconf 55' lang='lat' dir='ltr'><strong>hadugato.-</strong></span> <span class='ocrx_word' id='word_1_66' title='bbox 389 896 494 956; x_wconf 90' lang='lat' dir='ltr'><strong>eodem</strong></span> <span class='ocrx_word' id='word_1_67' title='bbox 513 909 612 967; x_wconf 81' lang='lat' dir='ltr'><strong>tamen</strong></span> <span class='ocrx_word' id='word_1_68' title='bbox 623 915 726 954; x_wconf 81' lang='lat' dir='ltr'><strong>seusu.</strong></span> <span class='ocrx_word' id='word_1_69' title='bbox 751 894 826 952; x_wconf 89' lang='lat' dir='ltr'><strong>Nam</strong></span> <span class='ocrx_word' id='word_1_70' title='bbox 847 892 883 952; x_wconf 92' lang='lat' dir='ltr'><strong>de</strong></span> <span class='ocrx_word' id='word_1_71' title='bbox 902 891 1085 951; x_wconf 88' lang='lat' dir='ltr'><strong>restituendo</strong></span> <span class='ocrx_word' id='word_1_72' title='bbox 1105 889 1332 970; x_wconf 73' lang='lat' dir='ltr'><strong>apudludaeos</strong></span> 
     </span>
     <span class='ocr_line' id='line_1_10' title="bbox 188 965 1334 1056; baseline -0.01 -20"><span class='ocrx_word' id='word_1_73' title='bbox 188 995 284 1056; x_wconf 80' lang='lat' dir='ltr'><strong>regno</strong></span> <span class='ocrx_word' id='word_1_74' title='bbox 303 973 362 1034; x_wconf 90' lang='lat' dir='ltr'><strong>Dei</strong></span> <span class='ocrx_word' id='word_1_75' title='bbox 382 972 529 1054; x_wconf 78' lang='lat' dir='ltr'><strong>praefatus</strong></span> <span class='ocrx_word' id='word_1_76' title='bbox 555 972 689 1030; x_wconf 89' lang='lat' dir='ltr'><strong>hortatur</strong></span> <span class='ocrx_word' id='word_1_77' title='bbox 713 970 749 1029; x_wconf 91' lang='lat' dir='ltr'><strong>ad</strong></span> <span class='ocrx_word' id='word_1_78' title='bbox 774 968 989 1050; x_wconf 89' lang='lat' dir='ltr'><strong>poeniteutiam</strong></span> <span class='ocrx_word' id='word_1_79' title='bbox 1015 977 1046 1026; x_wconf 90' lang='lat' dir='ltr'><strong>et</strong></span> <span class='ocrx_word' id='word_1_80' title='bbox 1069 966 1166 1026; x_wconf 88' lang='lat' dir='ltr'><strong>fidem.</strong></span> <span class='ocrx_word' id='word_1_81' title='bbox 1205 965 1334 1041; x_wconf 75' lang='lat' dir='ltr'><strong>Quaeri</strong></span> 
     </span>
     <span class='ocr_line' id='line_1_11' title="bbox 187 1046 1333 1130; baseline -0.007 -20"><span class='ocrx_word' id='word_1_82' title='bbox 187 1063 291 1110; x_wconf 77' lang='lat' dir='ltr'><strong>tamen</strong></span> <span class='ocrx_word' id='word_1_83' title='bbox 312 1060 425 1130; x_wconf 89' lang='lat' dir='ltr'><strong>potest,</strong></span> <span class='ocrx_word' id='word_1_84' title='bbox 458 1069 547 1130; x_wconf 86' lang='lat' dir='ltr'><strong>quum</strong></span> <span class='ocrx_word' id='word_1_85' title='bbox 571 1069 606 1106; x_wconf 82' lang='lat' dir='ltr'><strong>ex</strong></span> <span class='ocrx_word' id='word_1_86' title='bbox 624 1046 787 1128; x_wconf 81' lang='lat' dir='ltr'><strong>Evangelio</strong></span> <span class='ocrx_word' id='word_1_87' title='bbox 811 1047 941 1126; x_wconf 89' lang='lat' dir='ltr'><strong>pendet</strong></span> <span class='ocrx_word' id='word_1_88' title='bbox 960 1046 1154 1119; x_wconf 70' lang='lat' dir='ltr'><strong>predonem,</strong></span> <span class='ocrx_word' id='word_1_89' title='bbox 1183 1063 1238 1102; x_wconf 89' lang='lat' dir='ltr'><strong>cur</strong></span> <span class='ocrx_word' id='word_1_90' title='bbox 1257 1063 1333 1102; x_wconf 87' lang='lat' dir='ltr'><strong>eam</strong></span> 
     </span>
     <span class='ocr_line' id='line_1_12' title="bbox 187 1067 1332 1217; baseline -0.006 -31"><span class='ocrx_word' id='word_1_91' title='bbox 187 1128 304 1186; x_wconf 85' lang='lat' dir='ltr'><strong>Marcus</strong></span> <span class='ocrx_word' id='word_1_92' title='bbox 329 1125 365 1186; x_wconf 86' lang='lat' dir='ltr'><strong>ab</strong></span> <span class='ocrx_word' id='word_1_93' title='bbox 385 1123 541 1217; x_wconf 73' lang='lat' dir='ltr'><strong>Evangelii</strong></span> <span class='ocrx_word' id='word_1_94' title='bbox 564 1121 696 1186; x_wconf 79' lang='lat' dir='ltr'><strong>doctrino</strong></span> <span class='ocrx_word' id='word_1_95' title='bbox 719 1131 843 1204; x_wconf 65' lang='lat' dir='ltr'><strong>separet</strong></span> <span class='ocrx_word' id='word_1_96' title='bbox 885 1067 1005 1212; x_wconf 81' lang='lat' dir='ltr'><strong>Dltplex</strong></span> <span class='ocrx_word' id='word_1_97' title='bbox 1028 1119 1144 1180; x_wconf 82' lang='lat' dir='ltr'><strong>solutio·</strong></span> <span class='ocrx_word' id='word_1_98' title='bbox 1162 1131 1220 1178; x_wconf 86' lang='lat' dir='ltr'><strong>est:</strong></span> <span class='ocrx_word' id='word_1_99' title='bbox 1246 1129 1332 1179; x_wconf 80' lang='lat' dir='ltr'><strong>&#39;nam</strong></span> 
     </span>
     <span class='ocr_line' id='line_1_13' title="bbox 186 1196 1331 1278; baseline -0.007 -16"><span class='ocrx_word' id='word_1_100' title='bbox 186 1203 269 1262; x_wconf 90' lang='lat' dir='ltr'><strong>Deus</strong></span> <span class='ocrx_word' id='word_1_101' title='bbox 288 1201 436 1264; x_wconf 90' lang='lat' dir='ltr'><strong>interdum</strong></span> <span class='ocrx_word' id='word_1_102' title='bbox 454 1223 494 1262; x_wconf 89' lang='lat' dir='ltr'><strong>src</strong></span> <span class='ocrx_word' id='word_1_103' title='bbox 514 1222 569 1261; x_wconf 90' lang='lat' dir='ltr'><strong>uos</strong></span> <span class='ocrx_word' id='word_1_104' title='bbox 589 1201 625 1260; x_wconf 89' lang='lat' dir='ltr'><strong>ad</strong></span> <span class='ocrx_word' id='word_1_105' title='bbox 645 1199 874 1278; x_wconf 85' lang='lat' dir='ltr'><strong>resipiscendum</strong></span> <span class='ocrx_word' id='word_1_106' title='bbox 892 1197 1012 1272; x_wconf 73' lang='lat' dir='ltr'><strong>invitat,</strong></span> <span class='ocrx_word' id='word_1_107' title='bbox 1042 1208 1076 1255; x_wconf 87' lang='lat' dir='ltr'><strong>ut</strong></span> <span class='ocrx_word' id='word_1_108' title='bbox 1095 1205 1208 1255; x_wconf 88' lang='lat' dir='ltr'><strong>tantum</strong></span> <span class='ocrx_word' id='word_1_109' title='bbox 1233 1196 1331 1269; x_wconf 87' lang='lat' dir='ltr'><strong>dicat,</strong></span> 
     </span>
     <span class='ocr_line' id='line_1_14' title="bbox 186 1271 1331 1355; baseline -0.006 -17"><span class='ocrx_word' id='word_1_110' title='bbox 186 1279 357 1338; x_wconf 80' lang='lat' dir='ltr'><strong>mutandam</strong></span> <span class='ocrx_word' id='word_1_111' title='bbox 380 1299 443 1339; x_wconf 89' lang='lat' dir='ltr'><strong>esse</strong></span> <span class='ocrx_word' id='word_1_112' title='bbox 468 1279 499 1338; x_wconf 89' lang='lat' dir='ltr'><strong>iu</strong></span> <span class='ocrx_word' id='word_1_113' title='bbox 529 1278 632 1338; x_wconf 88' lang='lat' dir='ltr'><strong>melius</strong></span> <span class='ocrx_word' id='word_1_114' title='bbox 661 1275 762 1336; x_wconf 81' lang='lat' dir='ltr'><strong>vitam:</strong></span> <span class='ocrx_word' id='word_1_115' title='bbox 792 1287 896 1355; x_wconf 91' lang='lat' dir='ltr'><strong>postea</strong></span> <span class='ocrx_word' id='word_1_116' title='bbox 925 1273 1149 1334; x_wconf 89' lang='lat' dir='ltr'><strong>conversionem</strong></span> <span class='ocrx_word' id='word_1_117' title='bbox 1181 1283 1211 1331; x_wconf 89' lang='lat' dir='ltr'><strong>et</strong></span> <span class='ocrx_word' id='word_1_118' title='bbox 1241 1271 1331 1332; x_wconf 83' lang='lat' dir='ltr'><strong>vitae</strong></span> 
     </span>
     <span class='ocr_line' id='line_1_15' title="bbox 187 1349 1331 1434; baseline -0.008 -19"><span class='ocrx_word' id='word_1_119' title='bbox 187 1355 351 1416; x_wconf 84' lang='lat' dir='ltr'><strong>novitatem</strong></span> <span class='ocrx_word' id='word_1_120' title='bbox 369 1353 497 1434; x_wconf 87' lang='lat' dir='ltr'><strong>Spiritus</strong></span> <span class='ocrx_word' id='word_1_121' title='bbox 516 1354 560 1414; x_wconf 91' lang='lat' dir='ltr'><strong>sui</strong></span> <span class='ocrx_word' id='word_1_122' title='bbox 579 1354 698 1413; x_wconf 89' lang='lat' dir='ltr'><strong>domum</strong></span> <span class='ocrx_word' id='word_1_123' title='bbox 719 1371 780 1412; x_wconf 85' lang='lat' dir='ltr'><strong>esse</strong></span> <span class='ocrx_word' id='word_1_124' title='bbox 801 1349 945 1424; x_wconf 81' lang='lat' dir='ltr'><strong>ostendit,</strong></span> <span class='ocrx_word' id='word_1_125' title='bbox 975 1361 1009 1409; x_wconf 88' lang='lat' dir='ltr'><strong>nt</strong></span> <span class='ocrx_word' id='word_1_126' title='bbox 1027 1349 1150 1410; x_wconf 86' lang='lat' dir='ltr'><strong>sciamus</strong></span> <span class='ocrx_word' id='word_1_127' title='bbox 1171 1360 1233 1408; x_wconf 86' lang='lat' dir='ltr'><strong>non</strong></span> <span class='ocrx_word' id='word_1_128' title='bbox 1253 1359 1331 1407; x_wconf 87' lang='lat' dir='ltr'><strong>tan-</strong></span> 
     </span>
     <span class='ocr_line' id='line_1_16' title="bbox 186 1424 1330 1560; baseline -0.007 -68"><span class='ocrx_word' id='word_1_129' title='bbox 186 1431 346 1492; x_wconf 88' lang='lat' dir='ltr'><strong>tumnohis</strong></span> <span class='ocrx_word' id='word_1_130' title='bbox 358 1431 501 1512; x_wconf 81' lang='lat' dir='ltr'>praecipi,</span> <span class='ocrx_word' id='word_1_131' title='bbox 542 1431 601 1491; x_wconf 93' lang='lat' dir='ltr'><strong>uod</strong></span> <span class='ocrx_word' id='word_1_132' title='bbox 621 1429 714 1488; x_wconf 76' lang='lat' dir='ltr'><strong>officii</strong></span> <span class='ocrx_word' id='word_1_133' title='bbox 733 1429 828 1488; x_wconf 85' lang='lat' dir='ltr'><strong>nostri</strong></span> <span class='ocrx_word' id='word_1_134' title='bbox 848 1438 901 1502; x_wconf 89' lang='lat' dir='ltr'><strong>est,</strong></span> <span class='ocrx_word' id='word_1_135' title='bbox 920 1428 972 1487; x_wconf 90' lang='lat' dir='ltr'><strong>sed</strong></span> <span class='ocrx_word' id='word_1_136' title='bbox 993 1425 1176 1505; x_wconf 89' lang='lat' dir='ltr'><strong>obsequendi</strong></span> <span class='ocrx_word' id='word_1_137' title='bbox 1189 1424 1330 1560; x_wconf 64' lang='lat' dir='ltr'><strong>praciam</strong></span> 
     </span>
     <span class='ocr_line' id='line_1_17' title="bbox 93 1503 1328 1585; baseline -0.008 -16"><span class='ocrx_word' id='word_1_138' title='bbox 93 1509 95 1520; x_wconf 88' lang='lat'>&#39;</span> <span class='ocrx_word' id='word_1_139' title='bbox 190 1507 222 1568; x_wconf 78' lang='lat' dir='ltr'><strong>et</strong></span> <span class='ocrx_word' id='word_1_140' title='bbox 241 1508 380 1568; x_wconf 85' lang='lat' dir='ltr'><strong>virtutem</strong></span> <span class='ocrx_word' id='word_1_141' title='bbox 399 1507 523 1569; x_wconf 83' lang='lat' dir='ltr'><strong>simulo</strong></span> <span class='ocrx_word' id='word_1_142' title='bbox 551 1505 617 1566; x_wconf 91' lang='lat' dir='ltr'><strong>erri.</strong></span> <span class='ocrx_word' id='word_1_143' title='bbox 656 1505 690 1563; x_wconf 92' lang='lat' dir='ltr'><strong>Si</strong></span> <span class='ocrx_word' id='word_1_144' title='bbox 710 1504 768 1564; x_wconf 89' lang='lat' dir='ltr'><strong>hoc</strong></span> <span class='ocrx_word' id='word_1_145' title='bbox 787 1505 877 1564; x_wconf 91' lang='lat' dir='ltr'><strong>modo</strong></span> <span class='ocrx_word' id='word_1_146' title='bbox 891 1504 1068 1585; x_wconf 87' lang='lat' dir='ltr'><strong>accipimus,</strong></span> <span class='ocrx_word' id='word_1_147' title='bbox 1090 1503 1171 1581; x_wconf 89' lang='lat' dir='ltr'><strong>quod</strong></span> <span class='ocrx_word' id='word_1_148' title='bbox 1207 1521 1328 1560; x_wconf 87' lang='lat' dir='ltr'><strong>oannes</strong></span> 
     </span>
     <span class='ocr_line' id='line_1_18' title="bbox 185 1578 1330 1663; baseline -0.005 -19"><span class='ocrx_word' id='word_1_149' title='bbox 185 1585 379 1645; x_wconf 81' lang='lat' dir='ltr'><strong>concionatus</strong></span> <span class='ocrx_word' id='word_1_150' title='bbox 403 1596 448 1644; x_wconf 86' lang='lat' dir='ltr'><strong>est</strong></span> <span class='ocrx_word' id='word_1_151' title='bbox 474 1584 511 1643; x_wconf 91' lang='lat' dir='ltr'><strong>de</strong></span> <span class='ocrx_word' id='word_1_152' title='bbox 534 1581 734 1663; x_wconf 88' lang='lat' dir='ltr'><strong>poenitentia,</strong></span> <span class='ocrx_word' id='word_1_153' title='bbox 764 1594 865 1641; x_wconf 83' lang='lat' dir='ltr'><strong>sensus</strong></span> <span class='ocrx_word' id='word_1_154' title='bbox 885 1581 956 1655; x_wconf 88' lang='lat' dir='ltr'><strong>erit,</strong></span> <span class='ocrx_word' id='word_1_155' title='bbox 986 1579 1078 1638; x_wconf 89' lang='lat' dir='ltr'><strong>Domi</strong></span> <span class='ocrx_word' id='word_1_156' title='bbox 1102 1601 1134 1638; x_wconf 91' lang='lat' dir='ltr'><strong>us</strong></span> <span class='ocrx_word' id='word_1_157' title='bbox 1153 1581 1210 1638; x_wconf 83' lang='lat' dir='ltr'><strong>&#39;vos</strong></span> <span class='ocrx_word' id='word_1_158' title='bbox 1230 1578 1270 1638; x_wconf 87' lang='lat' dir='ltr'><strong>ad</strong></span> <span class='ocrx_word' id='word_1_159' title='bbox 1291 1597 1330 1638; x_wconf 85' lang='lat' dir='ltr'><strong>se</strong></span> 
     </span>
     <span class='ocr_line' id='line_1_19' title="bbox 185 1600 1342 1738; baseline -0.008 -17"><span class='ocrx_word' id='word_1_160' title='bbox 185 1661 321 1737; x_wconf 79' lang='lat' dir='ltr'><strong>converti</strong></span> <span class='ocrx_word' id='word_1_161' title='bbox 339 1659 437 1720; x_wconf 85' lang='lat' dir='ltr'><strong>iubet:</strong></span> <span class='ocrx_word' id='word_1_162' title='bbox 458 1659 524 1738; x_wconf 87' lang='lat' dir='ltr'><strong>quia</strong></span> <span class='ocrx_word' id='word_1_163' title='bbox 544 1677 616 1718; x_wconf 84' lang='lat' dir='ltr'><strong>vero</strong></span> <span class='ocrx_word' id='word_1_164' title='bbox 636 1658 666 1718; x_wconf 88' lang='lat' dir='ltr'><strong>id</strong></span> <span class='ocrx_word' id='word_1_165' title='bbox 685 1677 748 1718; x_wconf 88' lang='lat' dir='ltr'><strong>uon</strong></span> <span class='ocrx_word' id='word_1_166' title='bbox 768 1655 891 1738; x_wconf 88' lang='lat' dir='ltr'><strong>potestis</strong></span> <span class='ocrx_word' id='word_1_167' title='bbox 911 1656 1031 1737; x_wconf 90' lang='lat' dir='ltr'><strong>propria</strong></span> <span class='ocrx_word' id='word_1_168' title='bbox 1050 1600 1204 1729; x_wconf 76' lang='lat' dir='ltr'><strong>inllustria,</strong></span> <span class='ocrx_word' id='word_1_169' title='bbox 1222 1653 1244 1712; x_wconf 88' lang='lat' dir='ltr'>S</span> <span class='ocrx_word' id='word_1_170' title='bbox 1271 1655 1342 1713; x_wconf 55' lang='lat' dir='ltr'><strong>iria</strong></span> 
     </span>
     <span class='ocr_line' id='line_1_20' title="bbox 185 1675 1329 1826; baseline -0.005 -29"><span class='ocrx_word' id='word_1_171' title='bbox 185 1749 249 1798; x_wconf 87' lang='lat' dir='ltr'><strong>tum</strong></span> <span class='ocrx_word' id='word_1_172' title='bbox 274 1735 508 1818; x_wconf 77' lang='lat' dir='ltr'><strong>regenerationis</strong></span> <span class='ocrx_word' id='word_1_173' title='bbox 532 1735 693 1815; x_wconf 87' lang='lat' dir='ltr'><strong>promittit,</strong></span> <span class='ocrx_word' id='word_1_174' title='bbox 726 1755 816 1815; x_wconf 91' lang='lat' dir='ltr'><strong>quare</strong></span> <span class='ocrx_word' id='word_1_175' title='bbox 847 1732 922 1792; x_wconf 90' lang='lat' dir='ltr'><strong>hanc</strong></span> <span class='ocrx_word' id='word_1_176' title='bbox 946 1733 1070 1826; x_wconf 74' lang='lat' dir='ltr'><strong>gratiam</strong></span> <span class='ocrx_word' id='word_1_177' title='bbox 1095 1731 1153 1790; x_wconf 91' lang='lat' dir='ltr'><strong>fide</strong></span> <span class='ocrx_word' id='word_1_178' title='bbox 1180 1675 1329 1810; x_wconf 74' lang='lat' dir='ltr'><strong>ampiecti</strong></span> 
     </span>
     <span class='ocr_line' id='line_1_21' title="bbox 112 1807 1329 1893; baseline -0.007 -19"><span class='ocrx_word' id='word_1_179' title='bbox 112 1821 121 1833; x_wconf 89' lang='lat'>&#39;</span> <span class='ocrx_word' id='word_1_180' title='bbox 183 1834 239 1874; x_wconf 79' lang='lat' dir='ltr'><strong>vos</strong></span> <span class='ocrx_word' id='word_1_181' title='bbox 263 1824 393 1893; x_wconf 89' lang='lat' dir='ltr'><strong>oportet.</strong></span> <span class='ocrx_word' id='word_1_182' title='bbox 432 1813 610 1892; x_wconf 85' lang='lat' dir='ltr'><strong>Quanquam</strong></span> <span class='ocrx_word' id='word_1_183' title='bbox 635 1811 722 1884; x_wconf 86' lang='lat' dir='ltr'><strong>fides,</strong></span> <span class='ocrx_word' id='word_1_184' title='bbox 751 1832 839 1890; x_wconf 91' lang='lat' dir='ltr'><strong>quam</strong></span> <span class='ocrx_word' id='word_1_185' title='bbox 863 1810 965 1869; x_wconf 86' lang='lat' dir='ltr'><strong>haherr</strong></span> <span class='ocrx_word' id='word_1_186' title='bbox 990 1811 1071 1872; x_wconf 74' lang='lat' dir='ltr'><strong>Euan</strong></span> <span class='ocrx_word' id='word_1_187' title='bbox 1096 1808 1153 1867; x_wconf 87' lang='lat' dir='ltr'><strong>elio</strong></span> <span class='ocrx_word' id='word_1_188' title='bbox 1179 1807 1329 1886; x_wconf 85' lang='lat' dir='ltr'><strong>postulat,</strong></span> 
     </span>
     <span class='ocr_line' id='line_1_22' title="bbox 182 1883 1327 1980; baseline -0.003 -32"><span class='ocrx_word' id='word_1_189' title='bbox 182 1889 304 1948; x_wconf 88' lang='lat' dir='ltr'><strong>minime</strong></span> <span class='ocrx_word' id='word_1_190' title='bbox 323 1889 360 1948; x_wconf 91' lang='lat' dir='ltr'><strong>ad</strong></span> <span class='ocrx_word' id='word_1_191' title='bbox 380 1890 491 1980; x_wconf 63' lang='lat' dir='ltr'><strong>donum</strong></span> <span class='ocrx_word' id='word_1_192' title='bbox 509 1887 710 1950; x_wconf 81' lang='lat' dir='ltr'><strong>renovationis</strong></span> <span class='ocrx_word' id='word_1_193' title='bbox 728 1887 868 1977; x_wconf 75' lang='lat' dir='ltr'><strong>restringi</strong></span> <span class='ocrx_word' id='word_1_194' title='bbox 895 1885 998 1959; x_wconf 82' lang='lat' dir='ltr'><strong>dehet,</strong></span> <span class='ocrx_word' id='word_1_195' title='bbox 1029 1906 1059 1945; x_wconf 90' lang='lat' dir='ltr'><strong>se</strong></span> <span class='ocrx_word' id='word_1_196' title='bbox 1106 1883 1263 1964; x_wconf 83' lang='lat' dir='ltr'><strong>praecipue</strong></span> <span class='ocrx_word' id='word_1_197' title='bbox 1284 1885 1327 1944; x_wconf 91' lang='lat' dir='ltr'><strong>ad</strong></span> 
     </span>
     <span class='ocr_line' id='line_1_23' title="bbox 114 1960 1327 2046; baseline -0.006 -21"><span class='ocrx_word' id='word_1_198' title='bbox 114 1979 120 2002; x_wconf 87' lang='lat'>¹</span> <span class='ocrx_word' id='word_1_199' title='bbox 183 1975 374 2046; x_wconf 87' lang='lat' dir='ltr'><strong>peccatorum</strong></span> <span class='ocrx_word' id='word_1_200' title='bbox 392 1965 593 2024; x_wconf 74' lang='lat' dir='ltr'><strong>remissionem</strong></span> <span class='ocrx_word' id='word_1_201' title='bbox 611 1975 752 2044; x_wconf 60' lang='lat' dir='ltr'><strong>spectat*</strong></span> <span class='ocrx_word' id='word_1_202' title='bbox 773 1960 939 2045; x_wconf 83' lang='lat' dir='ltr'><strong>Courungit</strong></span> <span class='ocrx_word' id='word_1_203' title='bbox 958 1962 1036 2022; x_wconf 87' lang='lat' dir='ltr'><strong>enim</strong></span> <span class='ocrx_word' id='word_1_204' title='bbox 1056 1962 1184 2021; x_wconf 89' lang='lat' dir='ltr'><strong>Ioannes</strong></span> <span class='ocrx_word' id='word_1_205' title='bbox 1209 1960 1327 2040; x_wconf 88' lang='lat' dir='ltr'><strong>poeni-</strong></span> 
     </span>
     <span class='ocr_line' id='line_1_24' title="bbox 183 2038 1326 2131; baseline -0.005 -29"><span class='ocrx_word' id='word_1_206' title='bbox 183 2041 308 2102; x_wconf 86' lang='lat' dir='ltr'><strong>tentiam</strong></span> <span class='ocrx_word' id='word_1_207' title='bbox 328 2062 393 2100; x_wconf 90' lang='lat' dir='ltr'><strong>cum</strong></span> <span class='ocrx_word' id='word_1_208' title='bbox 413 2041 484 2117; x_wconf 87' lang='lat' dir='ltr'><strong>fide,</strong></span> <span class='ocrx_word' id='word_1_209' title='bbox 504 2041 571 2131; x_wconf 73' lang='lat' dir='ltr'><strong>quia</strong></span> <span class='ocrx_word' id='word_1_210' title='bbox 591 2059 622 2101; x_wconf 86' lang='lat' dir='ltr'><strong>se</strong></span> <span class='ocrx_word' id='word_1_211' title='bbox 642 2040 710 2101; x_wconf 89' lang='lat' dir='ltr'><strong>ideo</strong></span> <span class='ocrx_word' id='word_1_212' title='bbox 731 2039 818 2100; x_wconf 89' lang='lat' dir='ltr'><strong>nohis</strong></span> <span class='ocrx_word' id='word_1_213' title='bbox 829 2039 912 2099; x_wconf 88' lang='lat' dir='ltr'><strong>Deus</strong></span> <span class='ocrx_word' id='word_1_214' title='bbox 931 2038 1113 2112; x_wconf 79' lang='lat' dir='ltr'><strong>reconciliat,</strong></span> <span class='ocrx_word' id='word_1_215' title='bbox 1132 2050 1165 2096; x_wconf 91' lang='lat' dir='ltr'><strong>ut</strong></span> <span class='ocrx_word' id='word_1_216' title='bbox 1176 2049 1326 2116; x_wconf 89' lang='lat' dir='ltr'><strong>tanquam</strong></span> 
     </span>
     <span class='ocr_line' id='line_1_25' title="bbox 183 2109 1325 2198; baseline -0.004 -21"><span class='ocrx_word' id='word_1_217' title='bbox 183 2129 271 2198; x_wconf 91' lang='lat' dir='ltr'><strong>pater</strong></span> <span class='ocrx_word' id='word_1_218' title='bbox 290 2136 306 2177; x_wconf 87' lang='lat' dir='ltr'><strong>a</strong></span> <span class='ocrx_word' id='word_1_219' title='bbox 325 2109 413 2178; x_wconf 86' lang='lat' dir='ltr'><strong>nohis</strong></span> <span class='ocrx_word' id='word_1_220' title='bbox 434 2129 589 2178; x_wconf 76' lang='lat' dir='ltr'><strong>sanctitate</strong></span> <span class='ocrx_word' id='word_1_221' title='bbox 617 2130 652 2177; x_wconf 87' lang='lat' dir='ltr'><strong>et</strong></span> <span class='ocrx_word' id='word_1_222' title='bbox 666 2116 774 2176; x_wconf 87' lang='lat' dir='ltr'><strong>iustitia</strong></span> <span class='ocrx_word' id='word_1_223' title='bbox 800 2115 924 2176; x_wconf 85' lang='lat' dir='ltr'><strong>colatur.</strong></span> <span class='ocrx_word' id='word_1_224' title='bbox 961 2114 1080 2176; x_wconf 87' lang='lat' dir='ltr'><strong>Deinde</strong></span> <span class='ocrx_word' id='word_1_225' title='bbox 1105 2114 1178 2173; x_wconf 90' lang='lat' dir='ltr'><strong>nihil</strong></span> <span class='ocrx_word' id='word_1_226' title='bbox 1197 2115 1325 2174; x_wconf 88' lang='lat' dir='ltr'><strong>absurdi</strong></span> 
     </span>
     <span class='ocr_line' id='line_1_26' title="bbox 184 2190 1381 2272; baseline -0.005 -19"><span class='ocrx_word' id='word_1_227' title='bbox 184 2203 244 2268; x_wconf 89' lang='lat' dir='ltr'><strong>est,</strong></span> <span class='ocrx_word' id='word_1_228' title='bbox 272 2191 297 2252; x_wconf 89' lang='lat' dir='ltr'><strong>si</strong></span> <span class='ocrx_word' id='word_1_229' title='bbox 314 2190 430 2254; x_wconf 71' lang='lat' dir='ltr'><strong>eandm</strong></span> <span class='ocrx_word' id='word_1_230' title='bbox 451 2193 612 2269; x_wconf 63' lang='lat' dir='ltr'><strong>Evangelio</strong></span> <span class='ocrx_word' id='word_1_231' title='bbox 628 2193 804 2254; x_wconf 87' lang='lat' dir='ltr'><strong>tantundem</strong></span> <span class='ocrx_word' id='word_1_232' title='bbox 827 2193 925 2253; x_wconf 85' lang='lat' dir='ltr'><strong>valere</strong></span> <span class='ocrx_word' id='word_1_233' title='bbox 951 2192 1078 2252; x_wconf 88' lang='lat' dir='ltr'><strong>dicamus</strong></span> <span class='ocrx_word' id='word_1_234' title='bbox 1097 2203 1185 2269; x_wconf 89' lang='lat' dir='ltr'><strong>atque</strong></span> <span class='ocrx_word' id='word_1_235' title='bbox 1204 2190 1326 2272; x_wconf 84' lang='lat' dir='ltr'><strong>gratui-</strong></span> <span class='ocrx_word' id='word_1_236' title='bbox 1380 2233 1381 2236; x_wconf 63' lang='lat'><strong>,</strong></span> 
     </span>
     <span class='ocr_line' id='line_1_27' title="bbox 183 2266 1326 2352; baseline -0.002 -24"><span class='ocrx_word' id='word_1_237' title='bbox 183 2280 244 2328; x_wconf 87' lang='lat' dir='ltr'><strong>tam</strong></span> <span class='ocrx_word' id='word_1_238' title='bbox 256 2269 394 2330; x_wconf 86' lang='lat' dir='ltr'><strong>iustitiam</strong></span> <span class='ocrx_word' id='word_1_239' title='bbox 410 2271 568 2352; x_wconf 83' lang='lat' dir='ltr'><strong>amplecti:</strong></span> <span class='ocrx_word' id='word_1_240' title='bbox 587 2290 674 2350; x_wconf 87' lang='lat' dir='ltr'><strong>saepe</strong></span> <span class='ocrx_word' id='word_1_241' title='bbox 696 2269 774 2330; x_wconf 87' lang='lat' dir='ltr'><strong>enim</strong></span> <span class='ocrx_word' id='word_1_242' title='bbox 794 2269 824 2328; x_wconf 87' lang='lat' dir='ltr'><strong>lu</strong></span> <span class='ocrx_word' id='word_1_243' title='bbox 847 2269 998 2348; x_wconf 87' lang='lat' dir='ltr'><strong>Scriptura</strong></span> <span class='ocrx_word' id='word_1_244' title='bbox 1013 2267 1145 2348; x_wconf 90' lang='lat' dir='ltr'><strong>specialis</strong></span> <span class='ocrx_word' id='word_1_245' title='bbox 1165 2267 1219 2328; x_wconf 90' lang='lat' dir='ltr'><strong>ista</strong></span> <span class='ocrx_word' id='word_1_246' title='bbox 1239 2266 1326 2326; x_wconf 89' lang='lat' dir='ltr'><strong>iuter</strong></span> 
     </span>
     <span class='ocr_line' id='line_1_28' title="bbox 183 2343 1381 2426; baseline -0.003 -21"><span class='ocrx_word' id='word_1_247' title='bbox 183 2345 272 2406; x_wconf 83' lang='lat' dir='ltr'><strong>fidem</strong></span> <span class='ocrx_word' id='word_1_248' title='bbox 292 2357 323 2406; x_wconf 91' lang='lat' dir='ltr'><strong>et</strong></span> <span class='ocrx_word' id='word_1_249' title='bbox 340 2346 543 2408; x_wconf 84' lang='lat' dir='ltr'><strong>remissionem</strong></span> <span class='ocrx_word' id='word_1_250' title='bbox 564 2359 752 2426; x_wconf 89' lang='lat' dir='ltr'><strong>peccatorum</strong></span> <span class='ocrx_word' id='word_1_251' title='bbox 772 2345 877 2405; x_wconf 87' lang='lat' dir='ltr'><strong>relatio</strong></span> <span class='ocrx_word' id='word_1_252' title='bbox 896 2343 1035 2420; x_wconf 91' lang='lat' dir='ltr'><strong>occurrit,</strong></span> <span class='ocrx_word' id='word_1_253' title='bbox 1053 2344 1138 2405; x_wconf 91' lang='lat' dir='ltr'><strong>sicuti</strong></span> <span class='ocrx_word' id='word_1_254' title='bbox 1158 2365 1247 2422; x_wconf 94' lang='lat' dir='ltr'><strong>quum</strong></span> <span class='ocrx_word' id='word_1_255' title='bbox 1261 2343 1324 2402; x_wconf 85' lang='lat' dir='ltr'><strong>do·</strong></span> <span class='ocrx_word' id='word_1_256' title='bbox 1379 2361 1381 2394; x_wconf 75' lang='lat' dir='ltr'><strong>t</strong></span> 
     </span>
     <span class='ocr_line' id='line_1_29' title="bbox 182 2419 1324 2502; baseline -0.004 -20"><span class='ocrx_word' id='word_1_257' title='bbox 182 2433 233 2482; x_wconf 89' lang='lat' dir='ltr'><strong>eet</strong></span> <span class='ocrx_word' id='word_1_258' title='bbox 241 2419 310 2502; x_wconf 83' lang='lat' dir='ltr'><strong>fide</strong></span> <span class='ocrx_word' id='word_1_259' title='bbox 328 2443 383 2484; x_wconf 89' lang='lat' dir='ltr'><strong>nos</strong></span> <span class='ocrx_word' id='word_1_260' title='bbox 402 2423 561 2484; x_wconf 78' lang='lat' dir='ltr'><strong>iustificari.</strong></span> <span class='ocrx_word' id='word_1_261' title='bbox 600 2422 722 2482; x_wconf 87' lang='lat' dir='ltr'><strong>Utrovis</strong></span> <span class='ocrx_word' id='word_1_262' title='bbox 734 2421 824 2483; x_wconf 89' lang='lat' dir='ltr'><strong>modo</strong></span> <span class='ocrx_word' id='word_1_263' title='bbox 846 2441 993 2502; x_wconf 87' lang='lat' dir='ltr'><strong>exponere</strong></span> <span class='ocrx_word' id='word_1_264' title='bbox 1014 2420 1091 2482; x_wconf 91' lang='lat' dir='ltr'><strong>huuc</strong></span> <span class='ocrx_word' id='word_1_265' title='bbox 1105 2419 1208 2492; x_wconf 86' lang='lat' dir='ltr'><strong>locum</strong></span> <span class='ocrx_word' id='word_1_266' title='bbox 1214 2419 1324 2495; x_wconf 85' lang='lat' dir='ltr'><strong>libeat,</strong></span> 
     </span>
     <span class='ocr_line' id='line_1_30' title="bbox 55 2496 1324 2578; baseline -0.003 -20"><span class='ocrx_word' id='word_1_267' title='bbox 55 2496 59 2510; x_wconf 87' lang='lat'>&#39;</span> <span class='ocrx_word' id='word_1_268' title='bbox 136 2531 146 2551; x_wconf 52' lang='lat' dir='ltr'><strong>r</strong></span> <span class='ocrx_word' id='word_1_269' title='bbox 204 2498 358 2578; x_wconf 82' lang='lat' dir='ltr'><strong>sincipium</strong></span> <span class='ocrx_word' id='word_1_270' title='bbox 378 2511 477 2562; x_wconf 81' lang='lat' dir='ltr'><strong>tamen</strong></span> <span class='ocrx_word' id='word_1_271' title='bbox 496 2499 568 2558; x_wconf 92' lang='lat' dir='ltr'><strong>illud</strong></span> <span class='ocrx_word' id='word_1_272' title='bbox 587 2510 687 2558; x_wconf 88' lang='lat' dir='ltr'><strong>manet</strong></span> <span class='ocrx_word' id='word_1_273' title='bbox 706 2499 810 2573; x_wconf 82' lang='lat' dir='ltr'><strong>fisum,</strong></span> <span class='ocrx_word' id='word_1_274' title='bbox 830 2497 934 2558; x_wconf 79' lang='lat' dir='ltr'><strong>ollerri</strong></span> <span class='ocrx_word' id='word_1_275' title='bbox 953 2497 1041 2557; x_wconf 89' lang='lat' dir='ltr'><strong>nobis</strong></span> <span class='ocrx_word' id='word_1_276' title='bbox 1061 2496 1217 2578; x_wconf 81' lang='lat' dir='ltr'><strong>gratuitam</strong></span> <span class='ocrx_word' id='word_1_277' title='bbox 1237 2496 1324 2558; x_wconf 86' lang='lat' dir='ltr'><strong>salu-</strong></span> 
     </span>
     <span class='ocr_line' id='line_1_31' title="bbox 162 2519 1324 2666; baseline -0.002 -32"><span class='ocrx_word' id='word_1_278' title='bbox 162 2519 241 2634; x_wconf 62' lang='lat' dir='ltr'><strong>&#39;iem</strong></span> <span class='ocrx_word' id='word_1_279' title='bbox 262 2597 278 2635; x_wconf 90' lang='lat' dir='ltr'><strong>a</strong></span> <span class='ocrx_word' id='word_1_280' title='bbox 297 2574 382 2649; x_wconf 91' lang='lat' dir='ltr'><strong>Deo,</strong></span> <span class='ocrx_word' id='word_1_281' title='bbox 400 2589 434 2636; x_wconf 89' lang='lat' dir='ltr'><strong>ut</strong></span> <span class='ocrx_word' id='word_1_282' title='bbox 453 2577 490 2636; x_wconf 93' lang='lat' dir='ltr'><strong>ad</strong></span> <span class='ocrx_word' id='word_1_283' title='bbox 509 2575 604 2666; x_wconf 88' lang='lat' dir='ltr'><strong>ipsum</strong></span> <span class='ocrx_word' id='word_1_284' title='bbox 625 2574 760 2635; x_wconf 84' lang='lat' dir='ltr'><strong>conversi</strong></span> <span class='ocrx_word' id='word_1_285' title='bbox 779 2573 906 2635; x_wconf 88' lang='lat' dir='ltr'><strong>iustitiae</strong></span> <span class='ocrx_word' id='word_1_286' title='bbox 925 2573 1061 2635; x_wconf 87' lang='lat' dir='ltr'><strong>vivamus.</strong></span> <span class='ocrx_word' id='word_1_287' title='bbox 1099 2574 1182 2654; x_wconf 81' lang='lat' dir='ltr'><strong>Ergo</strong></span> <span class='ocrx_word' id='word_1_288' title='bbox 1202 2573 1324 2632; x_wconf 87' lang='lat' dir='ltr'><strong>miseri-</strong></span> 
     </span>
     <span class='ocr_line' id='line_1_32' title="bbox 180 2651 1322 2734; baseline -0.004 -22"><span class='ocrx_word' id='word_1_289' title='bbox 180 2651 312 2712; x_wconf 88' lang='lat' dir='ltr'><strong>cordiam</strong></span> <span class='ocrx_word' id='word_1_290' title='bbox 332 2651 419 2713; x_wconf 87' lang='lat' dir='ltr'><strong>nobis</strong></span> <span class='ocrx_word' id='word_1_291' title='bbox 439 2663 614 2734; x_wconf 75' lang='lat' dir='ltr'><strong>promittens</strong></span> <span class='ocrx_word' id='word_1_292' title='bbox 639 2651 677 2710; x_wconf 92' lang='lat' dir='ltr'><strong>ad</strong></span> <span class='ocrx_word' id='word_1_293' title='bbox 702 2652 797 2710; x_wconf 89' lang='lat' dir='ltr'><strong>carnis</strong></span> <span class='ocrx_word' id='word_1_294' title='bbox 816 2651 1045 2734; x_wconf 84' lang='lat' dir='ltr'><strong>abnegationem</strong></span> <span class='ocrx_word' id='word_1_295' title='bbox 1064 2662 1159 2709; x_wconf 84' lang='lat' dir='ltr'><strong>vocat.</strong></span> <span class='ocrx_word' id='word_1_296' title='bbox 1198 2651 1322 2709; x_wconf 88' lang='lat' dir='ltr'><strong>Notan-</strong></span> 
     </span>
     <span class='ocr_line' id='line_1_33' title="bbox 181 2713 1321 2810; baseline -0.001 -22"><span class='ocrx_word' id='word_1_297' title='bbox 181 2728 251 2788; x_wconf 88' lang='lat' dir='ltr'><strong>dum</strong></span> <span class='ocrx_word' id='word_1_298' title='bbox 272 2739 314 2788; x_wconf 85' lang='lat' dir='ltr'><strong>est</strong></span> <span class='ocrx_word' id='word_1_299' title='bbox 334 2729 503 2808; x_wconf 83' lang='lat' dir='ltr'><strong>epitheton,</strong></span> <span class='ocrx_word' id='word_1_300' title='bbox 534 2747 593 2806; x_wconf 84' lang='lat' dir='ltr'><strong>quo</strong></span> <span class='ocrx_word' id='word_1_301' title='bbox 613 2726 806 2810; x_wconf 83' lang='lat' dir='ltr'><strong>Evangelium</strong></span> <span class='ocrx_word' id='word_1_302' title='bbox 828 2739 951 2788; x_wconf 93' lang='lat' dir='ltr'><strong>ornatur</strong></span> <span class='ocrx_word' id='word_1_303' title='bbox 970 2713 995 2788; x_wconf 72' lang='lat' dir='ltr'><strong>a&#39;</strong></span> <span class='ocrx_word' id='word_1_304' title='bbox 1007 2729 1124 2786; x_wconf 88' lang='lat' dir='ltr'><strong>Marco:</strong></span> <span class='ocrx_word' id='word_1_305' title='bbox 1156 2745 1224 2792; x_wconf 86' lang='lat' dir='ltr'><strong>nam</strong></span> <span class='ocrx_word' id='word_1_306' title='bbox 1247 2727 1321 2798; x_wconf 83' lang='lat' dir='ltr'><strong>hinc</strong></span> 
     </span>
     <span class='ocr_line' id='line_1_34' title="bbox 180 2802 1321 2886; baseline -0.002 -22"><span class='ocrx_word' id='word_1_307' title='bbox 180 2803 327 2879; x_wconf 87' lang='lat' dir='ltr'><strong>discimus,</strong></span> <span class='ocrx_word' id='word_1_308' title='bbox 346 2803 408 2863; x_wconf 89' lang='lat' dir='ltr'><strong>eius</strong></span> <span class='ocrx_word' id='word_1_309' title='bbox 424 2803 645 2884; x_wconf 89' lang='lat' dir='ltr'><strong>praedicatione</strong></span> <span class='ocrx_word' id='word_1_310' title='bbox 663 2825 784 2880; x_wconf 58' lang='lat' dir='ltr'><strong>mum</strong></span> <span class='ocrx_word' id='word_1_311' title='bbox 802 2803 863 2863; x_wconf 84' lang='lat' dir='ltr'><strong>Dei</strong></span> <span class='ocrx_word' id='word_1_312' title='bbox 882 2803 955 2886; x_wconf 86' lang='lat' dir='ltr'><strong>erigi</strong></span> <span class='ocrx_word' id='word_1_313' title='bbox 974 2804 1005 2863; x_wconf 90' lang='lat' dir='ltr'><strong>in</strong></span> <span class='ocrx_word' id='word_1_314' title='bbox 1024 2815 1103 2864; x_wconf 87' lang='lat' dir='ltr'><strong>terra</strong></span> <span class='ocrx_word' id='word_1_315' title='bbox 1123 2813 1154 2862; x_wconf 89' lang='lat' dir='ltr'><strong>et</strong></span> <span class='ocrx_word' id='word_1_316' title='bbox 1164 2802 1321 2880; x_wconf 85' lang='lat' dir='ltr'><strong>constitui,</strong></span> 
     </span>
     <span class='ocr_line' id='line_1_35' title="bbox 179 2878 1320 2961; baseline 0 -21"><span class='ocrx_word' id='word_1_317' title='bbox 179 2901 236 2946; x_wconf 86' lang='lat' dir='ltr'><strong>nec</strong></span> <span class='ocrx_word' id='word_1_318' title='bbox 255 2880 314 2940; x_wconf 92' lang='lat' dir='ltr'><strong>alio</strong></span> <span class='ocrx_word' id='word_1_319' title='bbox 333 2881 425 2940; x_wconf 91' lang='lat' dir='ltr'><strong>modo</strong></span> <span class='ocrx_word' id='word_1_320' title='bbox 444 2879 542 2940; x_wconf 91' lang='lat' dir='ltr'><strong>Deum</strong></span> <span class='ocrx_word' id='word_1_321' title='bbox 561 2900 686 2961; x_wconf 80' lang='lat' dir='ltr'><strong>regnare</strong></span> <span class='ocrx_word' id='word_1_322' title='bbox 711 2881 789 2940; x_wconf 86' lang='lat' dir='ltr'><strong>inter</strong></span> <span class='ocrx_word' id='word_1_323' title='bbox 813 2879 956 2940; x_wconf 89' lang='lat' dir='ltr'><strong>homines.</strong></span> <span class='ocrx_word' id='word_1_324' title='bbox 995 2881 1084 2940; x_wconf 92' lang='lat' dir='ltr'><strong>Unde</strong></span> <span class='ocrx_word' id='word_1_325' title='bbox 1110 2878 1197 2940; x_wconf 85' lang='lat' dir='ltr'><strong>etiam</strong></span> <span class='ocrx_word' id='word_1_326' title='bbox 1222 2899 1320 2959; x_wconf 85' lang='lat' dir='ltr'><strong>appa-</strong></span> 
     </span>
     <span class='ocr_line' id='line_1_36' title="bbox 177 2955 1250 3112; baseline 0 -96"><span class='ocrx_word' id='word_1_327' title='bbox 177 2967 239 3030; x_wconf 82' lang='lat' dir='ltr'><strong>ret,</strong></span> <span class='ocrx_word' id='word_1_328' title='bbox 254 2977 355 3097; x_wconf 60' lang='lat' dir='ltr'><strong>Euam1</strong></span> <span class='ocrx_word' id='word_1_329' title='bbox 357 2955 552 3112; x_wconf 29' lang='lat' dir='ltr'><strong>pesistat-&#39;lagiae</strong></span> <span class='ocrx_word' id='word_1_330' title='bbox 546 2956 656 3093; x_wconf 43' lang='lat' dir='ltr'><strong>{hillae</strong></span> <span class='ocrx_word' id='word_1_331' title='bbox 669 2955 1011 3093; x_wconf 35' lang='lat' dir='ltr'><strong>‘llibvangenlbipshopiinum</strong></span> <span class='ocrx_word' id='word_1_332' title='bbox 1033 2955 1175 3048; x_wconf 76' lang='lat' dir='ltr'><strong>conditio.</strong></span> <span class='ocrx_word' id='word_1_333' title='bbox 1241 3033 1250 3048; x_wconf 39' lang='grc' dir='ltr'><strong><em>ο</em></strong></span> 
     </span>
     <span class='ocr_line' id='line_1_37' title="bbox 282 3045 1319 3106; baseline 0.002 -15"><span class='ocrx_word' id='word_1_334' title='bbox 282 3053 327 3092; x_wconf 90' lang='lat' dir='ltr'><strong>uc.</strong></span> <span class='ocrx_word' id='word_1_335' title='bbox 376 3075 384 3090; x_wconf 87' lang='lat'><strong>.</strong></span> <span class='ocrx_word' id='word_1_336' title='bbox 426 3095 428 3106; x_wconf 23' lang='lat' dir='ltr'><em>A</em></span> <span class='ocrx_word' id='word_1_337' title='bbox 618 3056 655 3093; x_wconf 84' lang='lat' dir='ltr'><strong>ur·</strong></span> <span class='ocrx_word' id='word_1_338' title='bbox 725 3055 800 3094; x_wconf 78' lang='lat' dir='ltr'><strong>omos</strong></span> <span class='ocrx_word' id='word_1_339' title='bbox 855 3077 862 3098; x_wconf 91' lang='lat'><strong>.</strong></span> <span class='ocrx_word' id='word_1_340' title='bbox 933 3054 969 3092; x_wconf 92' lang='lat' dir='ltr'><strong>oc</strong></span> <span class='ocrx_word' id='word_1_341' title='bbox 989 3045 1162 3094; x_wconf 75' lang='lat' dir='ltr'><strong>nominatim</strong></span> <span class='ocrx_word' id='word_1_342' title='bbox 1206 3045 1319 3094; x_wconf 86' lang='lat' dir='ltr'><strong>osrtum</strong></span> 
     </span>
     <span class='ocr_line' id='line_1_38' title="bbox 179 3055 1318 3184; baseline 0 -15"><span class='ocrx_word' id='word_1_343' title='bbox 179 3119 223 3169; x_wconf 86' lang='lat' dir='ltr'><strong>est</strong></span> <span class='ocrx_word' id='word_1_344' title='bbox 243 3128 260 3167; x_wconf 89' lang='lat' dir='ltr'><strong>a</strong></span> <span class='ocrx_word' id='word_1_345' title='bbox 278 3106 374 3182; x_wconf 88' lang='lat' dir='ltr'><strong>Luca,</strong></span> <span class='ocrx_word' id='word_1_346' title='bbox 393 3120 428 3168; x_wconf 85' lang='lat' dir='ltr'><strong>ut</strong></span> <span class='ocrx_word' id='word_1_347' title='bbox 445 3107 576 3184; x_wconf 86' lang='lat' dir='ltr'><strong>sciamus,</strong></span> <span class='ocrx_word' id='word_1_348' title='bbox 594 3110 691 3170; x_wconf 87' lang='lat' dir='ltr'><strong>statim</strong></span> <span class='ocrx_word' id='word_1_349' title='bbox 711 3109 748 3169; x_wconf 90' lang='lat' dir='ltr'><strong>ab</strong></span> <span class='ocrx_word' id='word_1_350' title='bbox 769 3109 855 3170; x_wconf 89' lang='lat' dir='ltr'><strong>initio</strong></span> <span class='ocrx_word' id='word_1_351' title='bbox 875 3109 1022 3170; x_wconf 78' lang='lat' dir='ltr'><strong>refulsisse</strong></span> <span class='ocrx_word' id='word_1_352' title='bbox 1043 3111 1073 3170; x_wconf 90' lang='lat' dir='ltr'><strong>in</strong></span> <span class='ocrx_word' id='word_1_353' title='bbox 1096 3055 1216 3170; x_wconf 71' lang='lat' dir='ltr'><strong>chrisio</strong></span> <span class='ocrx_word' id='word_1_354' title='bbox 1238 3111 1318 3170; x_wconf 89' lang='lat' dir='ltr'><strong>divi-</strong></span> 
     </span>
     <span class='ocr_line' id='line_1_39' title="bbox 176 3184 1316 3268; baseline 0.004 -25"><span class='ocrx_word' id='word_1_355' title='bbox 176 3204 246 3246; x_wconf 87' lang='lat' dir='ltr'><strong>nam</strong></span> <span class='ocrx_word' id='word_1_356' title='bbox 265 3184 413 3258; x_wconf 86' lang='lat' dir='ltr'><strong>virtutem‚</strong></span> <span class='ocrx_word' id='word_1_357' title='bbox 433 3206 508 3264; x_wconf 92' lang='lat' dir='ltr'><strong>quae</strong></span> <span class='ocrx_word' id='word_1_358' title='bbox 527 3187 806 3247; x_wconf 90' lang='lat' dir='ltr'><strong>hominesnondum</strong></span> <span class='ocrx_word' id='word_1_359' title='bbox 819 3186 949 3268; x_wconf 82' lang='lat' dir='ltr'><strong>maligno</strong></span> <span class='ocrx_word' id='word_1_360' title='bbox 971 3186 1193 3247; x_wconf 85' lang='lat' dir='ltr'><strong>contradicendi</strong></span> <span class='ocrx_word' id='word_1_361' title='bbox 1212 3188 1316 3248; x_wconf 88' lang='lat' dir='ltr'><strong>studio</strong></span> 
     </span>
     <span class='ocr_line' id='line_1_40' title="bbox 177 3259 828 3345; baseline 0.002 -25"><span class='ocrx_word' id='word_1_362' title='bbox 177 3259 302 3322; x_wconf 81' lang='lat' dir='ltr'><strong>infestos</strong></span> <span class='ocrx_word' id='word_1_363' title='bbox 320 3261 354 3320; x_wconf 62' lang='lat' dir='ltr'><strong>in,</strong></span> <span class='ocrx_word' id='word_1_364' title='bbox 372 3261 434 3324; x_wconf 87' lang='lat' dir='ltr'><strong>eius</strong></span> <span class='ocrx_word' id='word_1_365' title='bbox 453 3261 677 3326; x_wconf 86' lang='lat' dir='ltr'><strong>admirationem</strong></span> <span class='ocrx_word' id='word_1_366' title='bbox 697 3275 828 3345; x_wconf 83' lang='lat' dir='ltr'><strong>cogeret.</strong></span> 
     </span>
    </p>
   </div>
   <div class='ocr_carea' id='block_1_3' title="bbox 99 3491 1316 4487">
    <p class='ocr_par' dir='ltr' id='par_1_3' title="bbox 158 3491 1316 3784">
     <span class='ocr_line' id='line_1_41' title="bbox 215 3491 1316 3575; baseline 0.004 -17"><span class='ocrx_word' id='word_1_367' title='bbox 215 3491 300 3574; x_wconf 69' lang='lat' dir='ltr'><strong>(di)</strong></span> <span class='ocrx_word' id='word_1_368' title='bbox 325 3491 428 3559; x_wconf 91' lang='lat' dir='ltr'><strong>LUC.</strong></span> <span class='ocrx_word' id='word_1_369' title='bbox 450 3495 507 3562; x_wconf 89' lang='lat' dir='ltr'><strong>lV.</strong></span> <span class='ocrx_word' id='word_1_370' title='bbox 551 3497 601 3560; x_wconf 87' lang='grc'><strong>16.</strong></span> <span class='ocrx_word' id='word_1_371' title='bbox 621 3495 665 3562; x_wconf 68' lang='lat' dir='ltr'><strong>‘Et</strong></span> <span class='ocrx_word' id='word_1_372' title='bbox 685 3499 775 3561; x_wconf 86' lang='lat' dir='ltr'><strong>venit</strong></span> <span class='ocrx_word' id='word_1_373' title='bbox 795 3495 967 3575; x_wconf 87' lang='lat' dir='ltr'><strong>Nazareth,</strong></span> <span class='ocrx_word' id='word_1_374' title='bbox 988 3494 1046 3562; x_wconf 93' lang='lat' dir='ltr'><strong>ubi</strong></span> <span class='ocrx_word' id='word_1_375' title='bbox 1068 3504 1137 3561; x_wconf 87' lang='lat' dir='ltr'><strong>erat</strong></span> <span class='ocrx_word' id='word_1_376' title='bbox 1157 3499 1316 3562; x_wconf 88' lang='lat' dir='ltr'><strong>nutritus:</strong></span> 
     </span>
     <span class='ocr_line' id='line_1_42' title="bbox 173 3594 1313 3664; baseline 0.002 -4"><span class='ocrx_word' id='word_1_377' title='bbox 173 3603 206 3660; x_wconf 91' lang='lat' dir='ltr'><strong>et</strong></span> <span class='ocrx_word' id='word_1_378' title='bbox 233 3595 362 3659; x_wconf 85' lang='lat' dir='ltr'><strong>intravit</strong></span> <span class='ocrx_word' id='word_1_379' title='bbox 389 3594 565 3661; x_wconf 87' lang='lat' dir='ltr'><strong>secundum</strong></span> <span class='ocrx_word' id='word_1_380' title='bbox 594 3597 862 3663; x_wconf 87' lang='lat' dir='ltr'><strong>consuetudinem</strong></span> <span class='ocrx_word' id='word_1_381' title='bbox 893 3619 982 3664; x_wconf 88' lang='lat' dir='ltr'><strong>suam</strong></span> <span class='ocrx_word' id='word_1_382' title='bbox 1009 3597 1064 3662; x_wconf 88' lang='lat' dir='ltr'><strong>die</strong></span> <span class='ocrx_word' id='word_1_383' title='bbox 1093 3595 1313 3663; x_wconf 89' lang='lat' dir='ltr'><strong>Sahbatorum</strong></span> 
     </span>
     <span class='ocr_line' id='line_1_43' title="bbox 158 3695 1312 3784; baseline 0.003 -25"><span class='ocrx_word' id='word_1_384' title='bbox 158 3695 206 3760; x_wconf 74' lang='lat' dir='ltr'><strong>du</strong></span> <span class='ocrx_word' id='word_1_385' title='bbox 224 3714 431 3781; x_wconf 80' lang='lat' dir='ltr'><strong>synagogam,</strong></span> <span class='ocrx_word' id='word_1_386' title='bbox 452 3706 485 3760; x_wconf 91' lang='lat' dir='ltr'><strong>et</strong></span> <span class='ocrx_word' id='word_1_387' title='bbox 504 3699 640 3762; x_wconf 84' lang='lat' dir='ltr'><strong>surrexit</strong></span> <span class='ocrx_word' id='word_1_388' title='bbox 662 3707 697 3762; x_wconf 90' lang='lat' dir='ltr'><strong>ut</strong></span> <span class='ocrx_word' id='word_1_389' title='bbox 717 3695 849 3784; x_wconf 81' lang='lat' dir='ltr'><strong>legeret.</strong></span> <span class='ocrx_word' id='word_1_390' title='bbox 892 3701 942 3764; x_wconf 83' lang='grc'><strong>17.</strong></span> <span class='ocrx_word' id='word_1_391' title='bbox 963 3699 1006 3764; x_wconf 90' lang='lat' dir='ltr'><strong>Et</strong></span> <span class='ocrx_word' id='word_1_392' title='bbox 1024 3697 1159 3764; x_wconf 86' lang='lat' dir='ltr'><strong>traditus</strong></span> <span class='ocrx_word' id='word_1_393' title='bbox 1189 3709 1238 3762; x_wconf 88' lang='lat' dir='ltr'><strong>est</strong></span> <span class='ocrx_word' id='word_1_394' title='bbox 1259 3697 1312 3762; x_wconf 90' lang='lat' dir='ltr'><strong>illi</strong></span> 
     </span>
    </p>

    <p class='ocr_par' dir='ltr' id='par_1_4' title="bbox 99 3793 1311 4487">
     <span class='ocr_line' id='line_1_44' title="bbox 99 3793 1311 3888; baseline 0.002 -29"><span class='ocrx_word' id='word_1_395' title='bbox 99 3843 102 3848; x_wconf 85' lang='lat'>-</span> <span class='ocrx_word' id='word_1_396' title='bbox 167 3793 254 3861; x_wconf 90' lang='lat' dir='ltr'><strong>liber</strong></span> <span class='ocrx_word' id='word_1_397' title='bbox 278 3797 401 3860; x_wconf 88' lang='lat' dir='ltr'><strong>lesaiae</strong></span> <span class='ocrx_word' id='word_1_398' title='bbox 427 3794 625 3882; x_wconf 89' lang='lat' dir='ltr'><strong>Prophetae,</strong></span> <span class='ocrx_word' id='word_1_399' title='bbox 659 3807 692 3862; x_wconf 89' lang='lat' dir='ltr'><strong>et</strong></span> <span class='ocrx_word' id='word_1_400' title='bbox 727 3798 884 3883; x_wconf 82' lang='lat' dir='ltr'><strong>explicato</strong></span> <span class='ocrx_word' id='word_1_401' title='bbox 911 3798 996 3865; x_wconf 89' lang='lat' dir='ltr'><strong>libro</strong></span> <span class='ocrx_word' id='word_1_402' title='bbox 1029 3802 1153 3864; x_wconf 87' lang='lat' dir='ltr'><strong>invenit</strong></span> <span class='ocrx_word' id='word_1_403' title='bbox 1188 3796 1311 3888; x_wconf 65' lang='lat' dir='ltr'><strong>locum,</strong></span> 
     </span>
     <span class='ocr_line' id='line_1_45' title="bbox 168 3889 1307 3986; baseline 0.003 -27"><span class='ocrx_word' id='word_1_404' title='bbox 168 3893 226 3960; x_wconf 90' lang='lat' dir='ltr'><strong>ubi</strong></span> <span class='ocrx_word' id='word_1_405' title='bbox 247 3897 399 3980; x_wconf 88' lang='lat' dir='ltr'><strong>scriptum</strong></span> <span class='ocrx_word' id='word_1_406' title='bbox 422 3905 505 3974; x_wconf 87' lang='lat' dir='ltr'><strong>erat,</strong></span> <span class='ocrx_word' id='word_1_407' title='bbox 547 3889 595 3961; x_wconf 68' lang='lat'><strong>18.</strong></span> <span class='ocrx_word' id='word_1_408' title='bbox 617 3897 754 3983; x_wconf 82' lang='lat' dir='ltr'><strong>Spiritus</strong></span> <span class='ocrx_word' id='word_1_409' title='bbox 774 3899 909 3965; x_wconf 88' lang='lat' dir='ltr'><strong>Domini</strong></span> <span class='ocrx_word' id='word_1_410' title='bbox 930 3921 1029 3986; x_wconf 86' lang='lat' dir='ltr'><strong>super</strong></span> <span class='ocrx_word' id='word_1_411' title='bbox 1049 3921 1108 3977; x_wconf 86' lang='lat' dir='ltr'><strong>me,</strong></span> <span class='ocrx_word' id='word_1_412' title='bbox 1131 3911 1307 3984; x_wconf 85' lang='lat' dir='ltr'><strong>propterea</strong></span> 
     </span>
     <span class='ocr_line' id='line_1_46' title="bbox 167 3994 1307 4089; baseline 0.003 -29"><span class='ocrx_word' id='word_1_413' title='bbox 167 3999 258 4089; x_wconf 78' lang='lat' dir='ltr'><strong>unxit</strong></span> <span class='ocrx_word' id='word_1_414' title='bbox 278 4016 343 4060; x_wconf 89' lang='lat' dir='ltr'><strong>me:</strong></span> <span class='ocrx_word' id='word_1_415' title='bbox 364 3995 405 4062; x_wconf 86' lang='lat' dir='ltr'><strong>ad</strong></span> <span class='ocrx_word' id='word_1_416' title='bbox 428 3994 716 4083; x_wconf 81' lang='lat' dir='ltr'><strong>evangelizandum</strong></span> <span class='ocrx_word' id='word_1_417' title='bbox 737 3999 936 4086; x_wconf 88' lang='lat' dir='ltr'><strong>pauperihus</strong></span> <span class='ocrx_word' id='word_1_418' title='bbox 958 4003 1116 4076; x_wconf 76' lang='lat' dir='ltr'><strong>misitne,</strong></span> <span class='ocrx_word' id='word_1_419' title='bbox 1138 4009 1173 4062; x_wconf 86' lang='lat' dir='ltr'><strong>ut</strong></span> <span class='ocrx_word' id='word_1_420' title='bbox 1194 4020 1307 4063; x_wconf 86' lang='lat' dir='ltr'><strong>sanem</strong></span> 
     </span>
     <span class='ocr_line' id='line_1_47' title="bbox 166 4095 1305 4185; baseline 0.003 -24"><span class='ocrx_word' id='word_1_421' title='bbox 166 4097 324 4161; x_wconf 84' lang='lat' dir='ltr'><strong>contritos</strong></span> <span class='ocrx_word' id='word_1_422' title='bbox 346 4095 446 4162; x_wconf 87' lang='lat' dir='ltr'><strong>corde</strong></span> <span class='ocrx_word' id='word_1_423' title='bbox 480 4109 515 4162; x_wconf 93' lang='lat' dir='ltr'><strong>ut</strong></span> <span class='ocrx_word' id='word_1_424' title='bbox 535 4097 720 4182; x_wconf 88' lang='lat' dir='ltr'><strong>praedicem</strong></span> <span class='ocrx_word' id='word_1_425' title='bbox 743 4103 876 4185; x_wconf 84' lang='lat' dir='ltr'><strong>captivis</strong></span> <span class='ocrx_word' id='word_1_426' title='bbox 888 4103 1118 4176; x_wconf 86' lang='lat' dir='ltr'><strong>remissionem,</strong></span> <span class='ocrx_word' id='word_1_427' title='bbox 1141 4108 1174 4162; x_wconf 89' lang='lat' dir='ltr'><strong>et</strong></span> <span class='ocrx_word' id='word_1_428' title='bbox 1195 4103 1305 4164; x_wconf 87' lang='lat' dir='ltr'><strong>coecis</strong></span> 
     </span>
     <span class='ocr_line' id='line_1_48' title="bbox 163 4141 1305 4286; baseline 0.005 -29"><span class='ocrx_word' id='word_1_429' title='bbox 163 4197 341 4272; x_wconf 62' lang='lat' dir='ltr'><strong>visumput</strong></span> <span class='ocrx_word' id='word_1_430' title='bbox 363 4141 502 4261; x_wconf 80' lang='lat' dir='ltr'><strong>cmitthrh</strong></span> <span class='ocrx_word' id='word_1_431' title='bbox 526 4197 708 4264; x_wconf 82' lang='lat' dir='ltr'><strong>confractos</strong></span> <span class='ocrx_word' id='word_1_432' title='bbox 730 4223 789 4286; x_wconf 90' lang='lat' dir='ltr'><strong>per</strong></span> <span class='ocrx_word' id='word_1_433' title='bbox 809 4205 1046 4278; x_wconf 87' lang='lat' dir='ltr'><strong>remissionem,</strong></span> <span class='ocrx_word' id='word_1_434' title='bbox 1070 4195 1120 4264; x_wconf 81' lang='lat'><strong>19.</strong></span> <span class='ocrx_word' id='word_1_435' title='bbox 1143 4200 1188 4283; x_wconf 88' lang='lat' dir='ltr'><strong>Ut</strong></span> <span class='ocrx_word' id='word_1_436' title='bbox 1210 4203 1305 4284; x_wconf 86' lang='lat' dir='ltr'><strong>pr‘ae-</strong></span> 
     </span>
     <span class='ocr_line' id='line_1_49' title="bbox 161 4293 1304 4384; baseline 0.007 -26"><span class='ocrx_word' id='word_1_437' title='bbox 161 4293 266 4360; x_wconf 88' lang='lat' dir='ltr'><strong>dicem</strong></span> <span class='ocrx_word' id='word_1_438' title='bbox 294 4314 412 4360; x_wconf 90' lang='lat' dir='ltr'><strong>annum</strong></span> <span class='ocrx_word' id='word_1_439' title='bbox 438 4296 572 4364; x_wconf 89' lang='lat' dir='ltr'><strong>Domini</strong></span> <span class='ocrx_word' id='word_1_440' title='bbox 600 4310 775 4384; x_wconf 87' lang='lat' dir='ltr'><strong>acceptum.</strong></span> <span class='ocrx_word' id='word_1_441' title='bbox 825 4301 876 4366; x_wconf 79' lang='lat'><strong>20.</strong></span> <span class='ocrx_word' id='word_1_442' title='bbox 908 4300 1040 4367; x_wconf 86' lang='lat' dir='ltr'><strong>Deinde</strong></span> <span class='ocrx_word' id='word_1_443' title='bbox 1077 4299 1304 4384; x_wconf 88' lang='lat' dir='ltr'><strong>complicatum</strong></span> 
     </span>
     <span class='ocr_line' id='line_1_50' title="bbox 158 4391 1303 4487; baseline 0.006 -30"><span class='ocrx_word' id='word_1_444' title='bbox 158 4391 277 4464; x_wconf 88' lang='lat' dir='ltr'><strong>librum</strong></span> <span class='ocrx_word' id='word_1_445' title='bbox 297 4393 442 4464; x_wconf 84' lang='lat' dir='ltr'><strong>reddidit</strong></span> <span class='ocrx_word' id='word_1_446' title='bbox 461 4401 625 4478; x_wconf 83' lang='lat' dir='ltr'><strong>ministro,</strong></span> <span class='ocrx_word' id='word_1_447' title='bbox 662 4409 695 4468; x_wconf 86' lang='lat' dir='ltr'><strong>et</strong></span> <span class='ocrx_word' id='word_1_448' title='bbox 716 4399 814 4467; x_wconf 77' lang='lat' dir='ltr'><strong>sedit:</strong></span> <span class='ocrx_word' id='word_1_449' title='bbox 849 4409 882 4470; x_wconf 85' lang='lat' dir='ltr'><strong>et</strong></span> <span class='ocrx_word' id='word_1_450' title='bbox 904 4403 1047 4475; x_wconf 83' lang='lat' dir='ltr'><strong>omnium</strong></span> <span class='ocrx_word' id='word_1_451' title='bbox 1076 4403 1111 4467; x_wconf 89' lang='lat' dir='ltr'><strong>in</strong></span> <span class='ocrx_word' id='word_1_452' title='bbox 1132 4422 1303 4487; x_wconf 77' lang='lat' dir='ltr'><strong>synagoga</strong></span> 
     </span>
    </p>
   </div>
   <div class='ocr_carea' id='block_1_4' title="bbox 65 3680 73 3717">
    <p class='ocr_par' dir='ltr' id='par_1_5' title="bbox 65 3680 73 3717">
     <span class='ocr_line' id='line_1_51' title="bbox 65 3680 73 3717; baseline 0 0"><span class='ocrx_word' id='word_1_453' title='bbox 65 3680 73 3717; x_wconf 71' lang='grc' dir='ltr'><strong>ι’</strong></span> 
     </span>
    </p>
   </div>
   <div class='ocr_carea' id='block_1_5' title="bbox 0 0 1388 4834">
    <p class='ocr_par' dir='ltr' id='par_1_6' title="bbox 0 0 1388 4834">
     <span class='ocr_line' id='line_1_52' title="bbox 0 0 1388 4834; baseline 0 5"><span class='ocrx_word' id='word_1_454' title='bbox 0 0 1388 4834; x_wconf 95' lang='lat' dir='ltr'><strong> </strong></span> 
     </span>
    </p>
   </div>
  </div>
 </body>
</html>
