2766 4840
28 235 31 250 '
153 263 212 324 nan
391 267 398 276 ·
611 255 727 317 secr.
747 256 861 318 xvru.

73 405 76 425 ¹
154 437 214 482 vos
236 413 340 481 fallat:
381 411 642 480 enutriantur
669 415 802 480 venient
827 415 861 480 iu
882 415 1128 492 nominemeo,
1162 413 1319 502 dicentes,

154 519 225 604 Ego
245 541 314 586 sum
339 516 501 584 Christus:
527 511 904 605 multosque‘decipient.
947 523 975 582 7.
999 518 1108 604 Quum
1132 503 1318 584 nutem‘au·

155 621 279 688 dieritis
303 619 393 686 bella
420 632 453 686 et
485 641 630 688 rumores
661 619 838 698 bellorum,
880 641 922 686 ne
954 619 1143 687 turbemini:
1189 634 1317 708 oportet

142 727 240 790 -enim
267 723 355 790 lieri:
387 736 420 790 at
440 724 584 792 nondum
612 734 661 790 est
687 719 771 789 finis.
813 725 842 788 8.
869 723 1015 808 insurget
1040 728 1126 790 enim
1155 747 1238 810 gens
1265 725 1317 790 ad-

153 849 266 893 versus
287 835 428 914 gentem,
460 839 493 894 et
513 849 645 914 regnum
673 827 826 893 adversus
847 847 995 912 regnum:
1035 839 1067 893 et
1094 841 1194 895 erunt
1213 841 1314 896 terrac

153 939 259 994 motus
278 933 311 996 in
333 928 466 1016 singulis
487 929 582 1012 locis,
613 943 647 997 et
668 937 762 994 erunt
788 928 888 994 fames
916 951 954 995 ac
981 929 1201 998 turbationes:
1227 935 1315 997 initia

153 1031 304 1099 dolorum
324 1033 413 1098 baec
839 1051 845 1056 ·

236 1215 338 1306 LUC.
369 1219 452 1283 xxt.
514 1219 544 1284 5.
586 1218 629 1284 Et
660 1215 851 1304 quibusdam
890 1217 1072 1284 dicentibus
1107 1218 1149 1284 de
1180 1219 1313 1306 templo,

153 1321 243 1410 quod
265 1320 386 1408 pulcris
407 1317 572 1408 lapidibus
594 1343 632 1386 ac
653 1320 749 1386 donis
771 1332 917 1387 ornatum
945 1334 1047 1408 esset,
1080 1321 1167 1400 dixit,
1206 1323 1237 1388 (i.
1264 1322 1313 1386 Ex

151 1425 217 1506 bis,
249 1448 333 1513 quae
359 1425 490 1504 vidctis,
524 1428 656 1490 venient
684 1425 768 1504 dics,
799 1428 833 1490 in
866 1425 983 1512 quibus
1016 1447 1086 1492 nou
1113 1424 1315 1512 relinquetur

150 1527 235 1616 lapis
259 1551 357 1617 super
384 1527 539 1614 lapidem,
581 1531 637 1615 qui
668 1551 737 1594 non
772 1527 924 1596 diruatur.
972 1513 1011 1594 7!
1031 1529 1315 1614 interrogaverunt

151 1644 257 1699 autern
278 1633 383 1712 illurn,
410 1633 570 1708 dicentes,
596 1631 807 1718 Praeceptor,
834 1629 965 1717 qnando
992 1631 1088 1716 igitur
1109 1629 1192 1696 baec
1213 1642 1313 1709 erunt,

152 1746 186 1800 et
206 1735 296 1822 quod
317 1739 455 1822 signum,
481 1733 613 1822 quaudo
634 1737 694 1800 ista
715 1735 788 1800 tieri
810 1735 984 1820 incipient?
1024 1733 1054 1798 8.
1080 1733 1123 1798 At
1144 1734 1204 1800 illc
1227 1735 1312 1806 dixit,

149 1837 287 1916 Videte,
307 1859 350 1903 ne
371 1838 584 1904 seducamini:
618 1834 710 1900 multi
733 1839 817 1902 enim
839 1842 971 1903 venient
992 1835 1052 1902 sub
1074 1843 1211 1904 nomine
1234 1862 1312 1927 mco,

149 1936 312 2016 dicentes,
338 1939 409 2024 Ego
429 1961 513 2004 sum:
541 1949 572 2004 et
593 1947 719 2022 tempus
742 1941 855 2006 instat:
889 1941 1048 2026 usigitur
1073 1947 1257 2028 sequamini
1276 1943 1310 2008 il-

147 2039 208 2106 los.
244 2043 280 2106 1st
312 2040 486 2110 Caeterum
508 2063 606 2130 quum
628 2039 794 2138 audieritis
813 2040 903 2106 bella
925 2052 957 2106 et
985 2041 1181 2126 seditiones,
1212 2047 1305 2114 nolite

147 2149 278 2212 terreri:
319 2157 450 2231 oportet
477 2148 561 2212 enirn
588 2148 677 2232 prins
695 2145 778 2210 baec
799 2143 888 2223 fieri,
930 2144 987 2210 sed
1009 2167 1078 2212 non
1099 2155 1208 2216 statim
1228 2151 1305 2215 linis

147 2247 201 2314 1⁰.
231 2250 326 2314 Tunc
340 2249 425 2316 *dixit
446 2249 524 2330 illis,
551 2251 697 2335 insurget
718 2269 797 2334 gens
819 2259 929 2314 contra
951 2259 1093 2334 gentem,
1123 2263 1157 2318 et
1179 2275 1306 2340 regnum

148 2363 263 2420 contra
289 2373 438 2438 regnum:
482 2353 530 2419 ll.
559 2351 603 2420 Et
631 2362 737 2418 terrac
765 2363 871 2418 motus
893 2355 1002 2440 magni
1031 2364 1126 2420 erunt
1154 2359 1249 2422 variis
1273 2359 1305 2421 iu
1373 2383 1374 2399 ¹

51 2456 59 2467 '
145 2450 239 2534 locis,
259 2465 293 2521 et
314 2455 430 2536 fames,
453 2465 486 2523 et
501 2453 725 2544 pestilentiae,
746 2467 952 2544 terroresque
973 2455 1016 2522 de
1036 2456 1144 2538 coelo,
1168 2471 1202 2527 et
1220 2464 1307 2548 signa

145 2578 261 2645 magna
282 2569 385 2628 erunt.

202 2777 340 2846 limbi.
361 2777 642 2855 demulsero.
659 2779 828 2841 Senserunt
836 2779 942 2860 procul
954 2779 1045 2841 dubio
1059 2779 1209 2860 discipuli,
1222 2782 1306 2842 Chri-

133 2863 220 2932 ,stum
239 2855 298 2916 boc
318 2856 400 2936 quasi
418 2857 553 2916 ultimum
573 2857 637 2917 vale
659 2858 770 2938 templo
783 2857 894 2918 dixisse.
925 2855 1066 2916 Restabat
1083 2857 1188 2939 igitur,
1210 2871 1305 2918 utno-

142 2951 212 2989 vnm
231 2934 373 3012 templum
392 2931 484 3015 longe
503 2932 697 3024 splendidius2
715 2945 746 2994 et
763 2933 969 2994 florentiorem
985 2955 1016 2992 re
1041 2933 1071 2992 ni
1083 2945 1204 3010 statum,
1223 2935 1306 2996 sicuti
1371 2955 1372 2958 ’

142 3007 327 3085 praedictum
347 3021 410 3068 erat
429 3030 445 3068 a
465 3007 634 3089 Prophetis,
655 3021 792 3092 erigeret.
831 3011 907 3070 Nam
927 3009 969 3070 illi
989 3011 1019 3070 n'
1044 3009 1064 3068 il
1084 3032 1151 3070 cum
1172 3033 1212 3072 eo
1233 3025 1305 3072 tem-

141 3081 211 3160 plo‚
235 3083 266 3142 in
288 3103 347 3163 quo
368 3086 467 3144 omnia
486 3098 571 3146 erant
590 3087 719 3147 adversa.
758 3087 821 3146 Iam
846 3107 919 3146 vero
938 3085 1113 3146 incredibile
1134 3099 1201 3148 erat
1221 3088 1307 3148 disti-

140 3157 230 3237 pulis‚
248 3161 436 3242 magnificum
455 3162 558 3243 templi
576 3163 765 3243 splendorem
788 3162 907 3224 Christo
933 3177 1089 3223 cessurum.
1128 3167 1231 3244 Atque
1250 3166 1307 3223 boc

118 3251 123 3262 ’
142 3231 302 3316 diligenter
320 3239 483 3298 notandum
503 3251 556 3314 est,
576 3261 665 3318 quum
680 3239 717 3299 ad
736 3239 908 3299 miraculum
927 3261 1019 3319 usque
1038 3251 1212 3319 sumptuosa
1234 3248 1306 3301 esset

139 3310 245 3390 templi
265 3311 364 3388 iacies,
384 3317 532 3395 praesenti
550 3316 603 3376 illo
624 3315 743 3398 fulgore
765 3316 935 3396 perstrictos
957 3317 1047 3376 fuisse
1067 3337 1172 3376 eorum
1193 3315 1305 3386 oeulos,

9 3405 11 3410 ·
136 3387 173 3446 bt
188 3388 410 3481 cix-sperarent
429 3413 516 3472 posse
537 3392 648 3454 Christi
668 3413 792 3475 regnum
813 3412 976 3484 emergere.
1005 3393 1075 3452 Nou
1088 3393 1221 3450 latentur
1239 3392 1304 3470 qui-

15 4323 23 4332 ·
133 4309 194 4359 stra
205 4301 314 4379 lapides
324 4307 477 4382 mirantur,
497 4331 622 4389 quorum
640 4329 732 4389 quum
752 4309 855 4370 exiuria
875 4320 950 4368 esset
969 4329 1009 4387 pu

139 3463 207 3524 dem
227 3466 335 3528 diserte
355 3489 434 3528 suam
455 3469 680 3544 dubitationem,
699 3469 751 3528 sed
772 3489 835 3528 earn
855 3481 943 3529 tacite
955 3468 1115 3540 insinuant,
1136 3487 1225 3546 quum
1239 3487 1303 3526 mo·
1369 3513 1370 3518 1

136 3539 197 3602 lem
217 3541 346 3623 lapidum
366 3545 519 3606 obiectant
529 3545 661 3621 Christo,
681 3565 755 3624 quae
775 3545 938 3624 superanda
960 3555 1032 3616 erat,
1051 3543 1112 3602 imo
1131 3544 1164 3602 in
1182 3543 1301 3602 nibilum

136 3618 201 3679 redi
225 3620 315 3694 enda,
335 3621 411 3682 sire
456 3643 505 3682 are
524 3621 623 3684 vellet.
661 3617 743 3681 Talis
764 3619 851 3682 etiarn
871 3621 998 3700 Papatus
1018 3619 1175 3679 admiratio
1195 3620 1299 3678 multos

136 3639 283 3786 simpiices
303 3697 393 3758 bodie
434 3700 541 3760 etinet:
562 3719 629 3759 nam
642 3717 730 3777 quum
742 3697 871 3758 maximis
884 3697 991 3777 opibus
1004 3695 1182 3778 ingentique
1193 3707 1299 3776 poten·
1368 3721 1369 3726 ¹

135 3771 178 3832 tia
198 3785 370 3835 instructum
392 3796 454 3836 esse
474 3775 604 3849 vide-aut,
623 3774 758 3855 protinus
778 3773 999 3853 obstupescunt,
1020 3785 1053 3832 ut
1070 3771 1194 3833 vilescat
1212 3772 1300 3854 igno-

137 3845 206 3909 bilis
226 3861 255 3911 ct
274 3851 405 3934 squalida
425 3851 575 3914 Ecclesiae
596 3851 694 3912 lacies.
732 3851 819 3910 Multi
845 3851 934 3910 etiarn
955 3849 1089 3930 desipere
1111 3871 1167 3909 nos
1188 3861 1301 3930 putant,

137 3925 206 3986 dum
231 3928 293 3990 eius
319 3927 433 3989 ruinam
458 3927 612 4004 molimur,
650 3949 714 3997 non
740 3947 822 3988 secus
848 3927 906 3987 acsi
933 3927 996 4006 quis
1021 3935 1151 3986 tentaret
1170 3927 1301 3986 solenne
1367 3967 1368 4014 p

130 4000 407 4064 -coelodecrabere
441 4007 505 4066 Nec
523 4025 596 4066 vero
613 4005 722 4068 mirum
742 4015 796 4078 est,
815 4003 840 4063 si
859 4014 918 4064 tam
935 4001 1127 4062 nobileillud
1146 4015 1300 4094 spectacu-
1367 4019 1368 4030 ¹

134 4075 195 4166 lurn
209 4069 490 4160 Cbristidiscipulos
510 4081 640 4142 tenuerit
659 4081 815 4141 attonitos:
837 4080 939 4170 quanti
959 4079 1037 4138 enirn
1051 4078 1167 4138 Herodi
1189 4079 1299 4140 consti-

134 4162 207 4211 tent
225 4153 297 4213 illud
318 4157 495 4232 aedilicium,
514 4156 561 4218 vel
582 4157 651 4219 binc
672 4156 758 4216 etiam
780 4151 922 4236 colligere
941 4154 1025 4234 licet,
1051 4156 1132 4234 quod
1154 4177 1211 4234 per
1230 4167 1297 4215 octo

134 4226 293 4288 continuos
313 4251 406 4292 annos
425 4234 527 4296 decem
554 4233 696 4294 artificum
720 4228 811 4294 millia
831 4229 862 4290 iu
884 4250 920 4294 eo
941 4229 1116 4367 occuparit„d
1142 4231 1223 4322 Non·
1236 4231 1295 4366 fdrp-
1366 4285 1367 4314 ,

1020 4319 1096 4367 crrtu
1119 4329 1139 4367 o
1193 4329 1243 4368 run
1279 4343 1292 4352 ·

133 4375 192 4434 cim
211 4377 326 4440 cubitos
338 4381 444 4466 longos
457 4385 556 4464 fuisse,
575 4385 650 4449 altos
661 4385 828 4462 duodecim,
849 4383 924 4448 latos
936 4395 1017 4463 octo,
1036 4329 1191 4464 Inscpblai¹
1198 4381 1290 4445 tradit,
