2764 4846
203 241 243 349 tl
304 333 306 341 .
374 273 527 342 SECTIO
548 275 590 340 ib
628 275 770 339 loansrs
791 274 982 336 Baarasras
1003 289 1167 339 sarsana.
1221 235 1222 239 Ἰ

322 450 386 494 esse
400 423 505 508 idern,
533 440 622 510 atquo
641 429 682 490 ita
701 425 862 490 Zacharias
884 425 1058 512 exprobrat,
1128 429 1170 490 od
1187 429 1220 492 ln
1237 426 1359 490 Deum

205 509 436 572 contumeliosus
455 508 554 569 luerit
574 505 706 566 Adam
723 525 825 566 soram
834 503 902 566 Deo
943 506 1048 566 erinde
1066 527 1101 568 va
1115 516 1146 568 et
1162 527 1198 568 ac
1216 519 1359 588 praesto

204 607 223 648 e
289 587 326 648 ad
346 584 538 664 obsequium,
557 583 617 644 acsi
636 579 766 656 diceret,
784 601 817 642 se
836 601 899 642 non
919 525 1070 643 hominem
1089 601 1153 644 esse
1170 583 1360 660 mortalem,

202 685 235 727 se
275 663 434 725 coelestem
454 661 604 741 spiritum,
623 657 679 720 n'ec
698 669 811 718 temere
831 656 1000 732 advolasse,
1019 659 1070 730 sed
1089 671 1123 718 ut
1143 660 1229 720 dccet
1247 661 1357 720 mini-

201 753 294 802 strum
319 738 393 813 Dei,
424 736 552 799 fideliter
567 736 745 798 ‘defunctum
773 751 835 796 essa
860 753 914 794 suo
942 731 1058 796 officio:
1091 736 1170 796 unde
1194 737 1357 816 sequitur,

134 855 138 864 ·
200 813 300 878 Deum
320 813 524 896 promissionis
542 824 694 874 auctorem
712 811 744 871 in
758 831 885 892 persona
903 811 948 872 sui
968 813 1065 873 nuntii
1083 813 1207 896 indigne
1227 814 1355 874 laesum

201 905 235 955 et
260 902 463 953 contemtum
489 909 560 952 csse.
598 888 714 949 Eodem
737 888 836 948 tendit
859 886 909 947 illa
935 886 1046 949 Christi
1073 890 1220 950 sententia
1250 891 1356 971 (Luc.

201 976 251 1044 10,
270 971 348 1045 16.),
368 911 431 1042 ὅυὶ
450 987 504 1028 vos
522 965 651 1048 spernit,
669 981 718 1026 me
737 964 861 1100 spernit,
881 975 953 1028 etot
979 964 1156 1045 Quanquam
1172 968 1255 1027 enim
1276 987 1356 1028 non

201 1066 221 1106 e
241 1043 385 1106 coelom
405 1063 460 1106 nos
480 1043 613 1106 defertur
631 1043 754 1124 Evange
766 1040 788 1101 ii
808 1041 993 1133 praedicatio
1014 1063 1069 1122 per
1087 1043 1246 1178 Angelos,¹
1270 1045 1354 1124 quia

198 1133 300 1184 tamen
324 1136 390 1181 eam
414 1141 432 1180 a
454 1139 487 1180 se
512 1120 678 1202 prolectam
705 1127 754 1178 tot
780 1115 928 1178 miraculis
956 1127 1079 1178 testatus
1107 1139 1138 1180 es
1176 1119 1276 1195 Deus,
1313 1133 1354 1182 et

202 1197 348 1273 Christus,
367 1197 506 1280 princeps
525 1195 717 1285 Angelorum·
729 1213 765 1254 ac
783 1203 882 1275 capnt,
902 1213 965 1285 eqm
984 1187 1077 1256 semel
1096 1215 1151 1260 ore
1169 1215 1223 1256 suo
1235 1196 1350 1278 publi-

202 1275 295 1349 cavit,
322 1284 357 1334 ut
379 1275 420 1334 ir
436 1283 612 1354 perpetuum
637 1281 782 1346 sancrrct,
807 1282 872 1331 nnn
897 1289 997 1331 minor
1017 1271 1065 1332 illi
1090 1283 1226 1334 constare
1245 1273 1351 1333 debet

79 1363 81 1371 ’
198 1351 352 1426 maiestas,
378 1349 517 1432 quamsi
541 1359 632 1410 testes
657 1345 783 1408 haberet
808 1363 911 1408 omnes
934 1347 983 1407 An
1007 1346 1070 1408 elna
1093 1347 1189 1430 palam
1209 1369 1228 1409 e
1246 1349 1350 1412 coelo

200 1427 369 1490 clamantes.
408 1427 474 1488 lmo
493 1425 656 1508 Apostolus
674 1425 707 1486 in
727 1421 862 1504 Epistola
882 1422 919 1484 ad
938 1366 1093 1485 Hebraeos
1112 1443 1216 1486 vocem
1235 1427 1348 1486 Evau-

198 1503 289 1588 gelii,
320 1521 397 1584 quae
421 1503 532 1564 inore
557 1501 708 1563 hominum
732 1511 889 1580 personat,
917 1499 995 1584 Legi
1020 1521 1075 1582 per
1098 1501 1232 1584 Angelos
1258 1501 1347 1564 latae

197 1599 351 1718 iilis-²10
360 1587 875 1735 ”ttqtdtt‘ttt‘ttt‘ffld
891 1576 1115 1735 bibile?
1117 1578 1256 1718 {held
1256 1581 1346 1732 iiij

196 1733 294 1795 multo
318 1699 415 1793 unibus
434 1697 593 1797 vindictam
613 1749 631 1792 e
658 1731 786 1814 ugient,
803 1729 854 1810 qni
873 1741 1019 1812 spernunt
1036 1730 1127 1792 hodie
1147 1729 1260 1792 Christi
1279 1751 1344 1794 vo-

196 1829 275 1885 cem,
294 1809 376 1870 cuius
394 1817 441 1868 est
458 1803 576 1868 coelum
595 1817 744 1874 etterrarn
757 1816 920 1868 concutere
954 1804 1047 1868 Hebr.
1059 1813 1107 1882 18,
1126 1811 1173 1874 28.
1193 1813 1241 1883 1².
1260 1810 1342 1900 Ἀ).

85 1932 87 1940 ,
197 1885 352 1947 Diseanrus
371 1882 536 1976 ergobdei
555 1881 757 1946 obedlentiam
776 1893 927 1962 praestare
976 1899 1028 1958 eo,
1044 1885 1131 1964 quam
1151 1883 1242 1965 pluris
1262 1885 1345 1947 iacnt

196 1959 336 2025 omnibus
354 1972 490 2023 vrcnmra.
532 1959 655 2021 Gabriel
669 1973 757 2023 sonat
774 1957 878 2034 robur,
896 1969 948 2018 aut
957 1959 1172 2036 fortitudinem,
1188 1959 1238 2021 vel
1249 1963 1342 2042 prin-

198 2039 327 2122 cipatum
345 2036 417 2114 Dei,
437 2057 471 2098 ac
490 2055 603 2097 nomen
622 2037 680 2098 boc
699 2031 821 2123 Angelo
840 2046 941 2097 nostra
960 2055 1045 2098 carna
1064 2036 1121 2097 suit
1139 2037 1281 2114 inditum,
1302 2050 1344 2100 ut

190 2115 341 2182 ,discamus
360 2112 435 2173 nibil
446 2113 570 2196 Angelis
605 2112 737 2194 roprium
758 2111 913 2196 affingere,
932 2133 1021 2192 mnus
1040 2113 1171 2174 divinum
1189 2115 1229 2174 sit
1247 2116 1340 2195 quic-

196 2178 270 2272 quid
289 2189 401 2251 habent
418 2189 543 2250 virtutis.
584 2127 780 2271 lacticipium
798 2195 964 2272 παρεςηκῶς
977 2190 1122 2271 temporis
1148 2191 1268 2270 quidem
1288 2204 1340 2252 est

135 2331 139 2344 ‚
194 2261 362 2352 praeteriti,
382 2265 484 2327 sedin
505 2265 650 2326 eiusmodi
668 2265 846 2330 verbissatis
859 2277 962 2328 notum
982 2277 1027 2326 est
1045 2269 1236 2348 praeteritum
1256 2269 1338 2328 sumi

218 2344 360 2404 raesentis
384 2342 472 2417 loco,
500 2341 673 2423 praesertim
698 2343 750 2405 nbi
775 2352 856 2404 actus
882 2341 1039 2416 continuus
1064 2355 1193 2405 nnuma.
1231 2344 1339 2406 Porro

247 2419 346 2558 gelus,
375 2431 409 2479 ut
432 2439 530 2509 nuper
553 2419 740 2496 dictumest,
763 2429 948 2514 ‘perpetuum
971 2439 1004 2481 se
1022 2419 1082 2480 Dei
1101 2421 1265 2482 ministrum
1286 2423 1337 2482 his
1367 2445 1368 2450 ¹

194 2517 248 2560 rer
269 2498 294 2558 is
314 2515 377 2558 esse
397 2506 507 2556 asserrt.
545 2495 629 2558 Euan
652 2495 778 2559 elinandi
801 2494 925 2559 verbum
949 2496 1061 2557 cumen
1083 2491 1243 2558 Zachariae
1267 2519 1335 2558 arn-

193 2575 320 2668 plificat‚
345 2573 434 2708 fquod
452 2571 522 2636 Deo
546 2515 742 2638 remiseram
766 2584 798 2635 et
825 2571 988 2654 optabilem
1012 2571 1145 2656 benigne
1173 2573 1335 2654 pollicenti

192 2673 225 2717 rn
263 2661 326 2712 atus
358 2661 444 2710 uerat.

97 2785 102 2796 ,
227 2671 317 2791 grid.
355 2727 397 2786 Et
421 2747 485 2786 eccs
506 2729 565 2786 eris
586 2729 697 2786 tortam
738 2725 841 2788 Genus
868 2723 926 2786 hoc
951 2744 1068 2817 poenae
1096 2737 1333 2788 cousentaneum

190 2803 252 2866 fult
273 2802 433 2864 Zachariae
458 2802 570 2883 infligi,
599 2813 633 2862 ut
655 2815 751 2863 mutus
777 2801 979 2883 promissionis
1005 2812 1142 2864 eventum
1168 2816 1334 2886 exspectet,

193 2898 297 2962 qnam,
335 2899 424 2956 quum
448 2877 568 2940 silentio
593 2877 695 2940 audire
719 2876 858 2954 deberet,
895 2877 1071 2960 obstrepere
1095 2899 1150 2940 suo
1177 2901 1334 2944 murmure

215 2955 276 3014 nasi
296 2954 463 3034 abruperat
500 2951 589 3015 Fides
613 2975 695 3014 suum
719 2955 867 3018 silentium
887 2952 993 3030 babet,
1023 2966 1057 3016 ut
1074 2955 1135 3017 Dei
1158 2955 1255 3017 verbo
1273 2977 1331 3017 au-

177 2975 337 3092 ‘bientiam
356 3031 453 3091 iaciat
490 3030 610 3091 Deinde
628 3051 693 3091 snas
711 3051 773 3111 quo
814 3028 938 3092 ehabet
955 3029 1098 3112 loquendi
1116 3031 1206 3108 vices,
1225 3045 1260 3092 ut
1276 3053 1330 3096 re-

191 3106 349 3190 spondeat,
368 3108 475 3182 Amen,
488 3103 653 3169 ‘secundum
673 3106 746 3168 illud
765 3051 853 3198 (llos.
870 3115 899 3182 2,
918 3109 991 3184 Za),
1009 3107 1116 3168 Dicam
1134 3107 1203 3184 illis,
1222 3109 1331 3190 Popu-

147 3241 151 3252 ,
192 3183 238 3260 lus
257 3199 340 3242 meus
358 3203 425 3244 vos:
457 3195 488 3244 et
512 3183 569 3266 ipsi
595 3183 696 3244 dicent
712 3183 802 3258 mihi,
832 3183 881 3244 Tu
898 3181 981 3244 Deus
1000 3196 1111 3246 noster.
1152 3184 1233 3260 Quia
1250 3205 1331 3249 vero

191 3259 253 3320 Dei
272 3258 366 3320 verbo
384 3271 498 3322 temere
517 3259 698 3339 obloquutus
717 3270 781 3322 erat
799 3259 970 3336 Zacharias,
1000 3259 1074 3323 baec
1098 3259 1127 3321 'ei
1146 3261 1242 3344 gratia
1260 3281 1329 3323 nou

191 3336 384 3418 conceditur,
412 3337 559 3397 utstatim
579 3348 754 3418 prorumpat
776 3336 808 3396 in
833 3335 993 3421 gratiarum
1011 3337 1178 3413 actionem,
1207 3331 1261 3402 sed
1280 3339 1329 3400 illi

189 3412 230 3473 ad
249 3423 363 3494 tempus
384 3412 647 3496 eripiturlinguae
666 3433 747 3490 usus,
769 3433 846 3508 quae
868 3413 991 3475 nimium
1011 3413 1210 3476 festinaverat
1250 3413 1326 3495 Cle-

190 3500 309 3550 menter
338 3501 437 3550 tamen
462 3488 544 3549 Deus
597 3505 703 3549 oenum
728 3490 854 3574 mitrgat.
901 3489 1048 3566 Primum,
1118 3491 1145 3551 'a
1173 3511 1238 3552 earn
1269 3492 1325 3552 de-

191 3587 256 3628 cem
279 3566 531 3627 mensibusfinit:
583 3564 686 3640 einde,
713 3568 783 3646 quia
803 3567 976 3627 dacheriani
1000 3561 1078 3634 bene
1101 3567 1164 3641 cio,
1215 3587 1255 3627 uo
1274 3567 1325 3628 in-

190 3641 220 3703 di
244 3661 297 3704 nus
327 3654 407 3717 erat,¹
439 3641 548 3734 privari
576 3651 675 3703 tamen
703 3660 767 3702 non
800 3642 918 3725 patitur.
968 3643 1081 3704 Eadem
1110 3587 1245 3723 qnotibie
1274 3645 1324 3704 in-

71 3753 106 3779 t·
187 3663 342 3804 dulgentia
380 3718 534 3778 nobiseum
572 3717 648 3800 agit:
685 3739 753 3779 nam
790 3732 825 3787 ut
861 3731 983 3802 angusta
1016 3731 1063 3780 est
1099 3729 1200 3781 nostra
1239 3719 1325 3794 tides,

190 3807 222 3857 et
240 3817 295 3856 nos
314 3796 404 3855 multa
428 3794 637 3874 impedimenta
662 3793 834 3872 obiicimus,
869 3797 1026 3858 veritatem
1045 3795 1105 3858 Dei
1124 3803 1250 3858 'necesse
1277 3810 1324 3857 est

188 3872 408 3964 quodammodo
440 3871 469 3932 vi
498 3883 705 3952 perrumpere,
744 3885 777 3933 ut
807 3893 921 3934 cursum
946 3893 1017 3956 erga
1048 3892 1104 3934 nos
1133 3893 1217 3932 suum
1245 3893 1322 3933 con-

187 3959 293 4013 annea
342 3947 376 4007 ld
406 3946 463 4008 sibi
492 3945 556 4006 vult
584 3948 732 4032 Angelus,
771 3971 860 4031 quum
893 3949 1054 4010 Zachariae
1083 3948 1321 4010 incredulitatem

138 4055 147 4072 r
187 4043 325 4086 accusans
345 4023 519 4104 pronuntiat
536 4033 646 4100 tamem
665 4026 817 4107 impletum
835 4027 874 4088 iri
895 4027 975 4106 quod
996 4025 1149 4087 Zacharias
1169 4045 1231 4085 non
1252 4047 1319 4092 ore-

105 4163 114 4172 ,
188 4103 274 4162 didit:
301 4101 341 4160 ita
361 4121 422 4161 non
443 4121 544 4182 parum
564 4100 733 4164 sublevatur
751 4105 920 4178 Zacharias,
944 4124 1032 4182 quum
1052 4102 1150 4177 audit,
1169 4123 1225 4162 sun
1243 4103 1319 4164 vitio

185 4199 249 4239 non
276 4196 338 4237 esse
363 4178 541 4238 emnanitam
561 4175 748 4256 Dei'fidem,
778 4181 850 4261 quin
873 4179 1010 4260 superior
1033 4179 1149 4239 demcnn
1176 4191 1319 4262 emergat.

183 4253 235 4314 Fit
278 4255 377 4316 uidem
400 4253 564 4330 interdum,
594 4267 628 4314 ut
652 4251 782 4337 praestet
805 4256 951 4317 Dominus
975 4267 1064 4336 atque
1087 4254 1211 4336 impleat
1278 4257 1318 4315 od

183 4276 341 4392 lncrehnlis
360 4331 511 4414 promisit,
527 4333 725 4423 'quantumvis
749 4333 901 4394 obsistant.
941 4329 1033 4393 Cuius
1057 4332 1101 4392 rei
1119 4353 1252 4392 memora
1276 4331 1316 4392 ile

68 4432 71 4454 r
128 4427 131 4432 ·
171 4405 331 4471 'babemus
343 4408 506 4490 exemplum
525 4429 556 4470 sn
576 4429 649 4492 rege
668 4409 781 4487 Achae,
805 4410 872 4490 qui,
890 4403 980 4490 quuna'
999 4410 1173 4490 promissam
1189 4407 1315 4470 salutem
