2790 4838
177 231 243 298 Ἠ
436 223 590 320 sactu
609 227 648 288 x.
685 171 1055 322 transmeantem.
1182 242 1184 251 ¹

56 413 58 419 ,
181 393 265 449 tortu
284 380 358 444 lateo
378 391 410 443 et
426 379 536 444 inrulm
555 381 672 462 quidam
690 379 897 462 praetendunt,
915 381 1081 462 promiscue
1100 383 1322 449 cumomnihua
1387 395 1388 400 ’

183 457 426 534 tenendamesae
444 459 713 534 mansuetudinem,
732 456 894 520 notandum
914 469 961 518 est
979 459 1148 540 discrimen,
1167 463 1252 540 qnod
1272 463 1321 522 di-

183 547 264 602 serta
291 537 392 596 statuit
414 536 565 615 Propheta
588 536 665 597 inter
683 533 814 596 infirmos
833 545 864 594 et
882 534 1045 628 impgobos.
1082 537 1158 597 Nam
1178 537 1230 617 qui
1251 538 1319 620 plue
1387 563 1388 566 ¹

183 613 253 674 eatis
278 610 393 673 robusti
416 624 499 686 sunt,
519 631 630 673 ‘eorum
649 608 785 672 duritiem
804 609 910 672 malleo
929 612 1079 672 violenter
1097 614 1244 674 contundi
1263 623 1319 696 pat·

183 686 831 846 {ittttltlttttl‘²ttltt‘stlgtttt‘
840 688 1261 826 ttttt²tt’'ttlltt²⁸ttt²
1279 693 1318 783 ²⁶·

162 845 304 902 ‘neeesse
324 849 376 900 est.
404 840 488 923 Ergo
499 808 594 902 ’sicuti
613 840 708 902 danda
727 850 771 899 est
790 859 882 920 opera
899 839 1035 902 fidelibus
1053 841 1147 902 Verbi
1165 788 1317 919 miniantibu:

182 929 216 977 nt
234 917 356 978 infirmis
375 918 526 996 parcendo
547 917 671 999 gratiam
689 917 749 977 Dei
767 918 862 995 (quae
882 915 977 978 adhue
997 917 1106 980 inillis
1126 919 1170 979 exi
1195 941 1231 980 ua
1252 923 1315 999 est)

181 993 304 1055 foveant
331 1003 362 1053 at
383 1013 420 1054 ue
443 1004 588 1076 augeant,
623 993 663 1053 ita
686 992 849 1074 prudenter
873 994 1050 1070 pavendum,
1082 1015 1120 1054 ue
1149 939 1314 1058 oisfinaue

181 1089 285 1132 eorum
313 1014 441 1133 malitiae
471 1068 658 1151 indulgeant,
697 1067 748 1149 qui
778 1067 852 1148 nihil
881 1067 993 1132 hahent
1021 1069 1111 1132 affine
1138 1091 1205 1134 cum
1230 1073 1315 1135 straeo

180 1145 331 1228 ellychnio
351 1145 399 1206 vel
417 1145 563 1206 arundine
582 1156 723 1229 quassata.
1242 1153 1244 1156 ’

185 1263 188 1266 -
236 1229 303 1292 20.
322 1221 427 1283 Doneo
434 1221 580 1284 eia'oiatnd
585 1225 732 1284 aarum
740 1219 885 1283 belidum
903 1221 998 1284 Paulo
1009 1223 1094 1286 aliter
1102 1221 1213 1286 hahent
1221 1223 1313 1286 rerba

86 1341 91 1360 .
179 1297 365 1380 Prophetae,
396 1300 486 1379 quod¹
501 1299 614 1360 scilicet
630 1299 770 1360 iudicium
787 1299 819 1359 iu
838 1299 961 1360 veritate
980 1301 1115 1380 proferet
1130 1301 1178 1364 vel
1196 1301 1312 1365 educet.

72 4081 76 4090 .
167 4019 349 4092 daemonia.

157 1441 158 1446 χ
179 1376 331 1458 Loquutio
350 1387 465 1450 tamen,
485 1397 543 1456 qua
562 1397 628 1438 usus
648 1388 693 1437 est
711 1375 889 1452 Matthaeus„
907 1376 993 1438 valde
1012 1377 1178 1458 emphatica
1196 1389 1254 1438 est:
1278 1390 1313 1438 ut

179 1453 319 1528 aciamus,
344 1471 407 1514 non
424 1451 488 1514 siue
507 1473 552 1512 rua
598 1473 616 1512 o
636 1451 796 1514 certamine
816 1463 846 1513 et
866 1464 974 1514 conatu
993 1454 1131 1516 constitui
1149 1452 1181 1512 iu
1199 1455 1313 1515 mundo

179 1528 329 1594 iustitiam«
366 1529 443 1588 Nam
463 1528 551 1592 diubo
566 1549 597 1590 us
617 1549 805 1620 quascunque
825 1540 924 1609 potest
943 1523 1129 1594 difficultates
1139 1529 1261 1622 ingerit,
1280 1543 1314 1590 ut

178 1605 229 1666 illa
255 1627 318 1666 uon
337 1603 392 1666 nisi
412 1603 551 1666 iucundo
566 1617 721 1690 ,erumpam
749 1604 838 1684 adque
858 1605 1013 1668 coufirmat
1030 1625 1142 1668 nomeu
1160 1606 1312 1682 victoriae,

131 1729 140 1750 ,
179 1702 255 1762 quae
280 1702 341 1748 nou
367 1679 424 1740 nisi
469 1682 610 1762 ugnando
636 1679 805 1770 acquiritur.
843 1680 905 1742 Pro
925 1703 964 1744 eo
983 1685 1064 1764 quod
1082 1704 1151 1744 mox
1168 1683 1312 1763 sequitur,

138 1797 142 1806 ·
178 1757 269 1821 habet
278 1755 440 1836 Propheta,
486 1777 572 1838 egem
592 1756 652 1816 eius
671 1755 782 1818 msulae
803 1757 1020 1838 exspectabunt
1051 1757 1239 1840 ,Quanquam
1259 1781 1312 1818 au-

177 1843 239 1894 tem
258 1830 423 1892 Matthaeus
441 1832 533 1894 verba
551 1833 720 1908 mutaverit,
743 1831 775 1894 iu
794 1853 882 1896 sensu
900 1846 999 1899 tamen
1019 1836 1176 1914 convenit,
1202 1835 1312 1900 Christi

178 1908 302 1992 gratiam
321 1907 459 1992 gentibru
476 1927 663 1971 communem
680 1909 758 1972 lore.

219 2179 324 2262 (101.)
369 2179 540 2250 ΜΑΤΤΗ.
564 2183 633 2250 Xll.
679 2183 730 2249 22.
762 2183 857 2250 Tune
889 2183 1047 2252 adductus
1080 2193 1128 2250 est
1158 2182 1200 2250 ael
1229 2204 1312 2264 eum,

177 2285 238 2369 qni
261 2281 433 2349 daemonio
461 2281 641 2369 agitabatur
665 2305 783 2366 coecus
804 2295 837 2350 et
857 2297 976 2367 mutue,
1008 2285 1043 2352 et
1061 2285 1186 2352 sanavit
1200 2283 1310 2364 illum,

174 2384 221 2448 ita
247 2392 283 2448 ut
309 2403 427 2448 coecus
455 2395 624 2452 neomutus
649 2385 840 2475 loqueretur
861 2396 894 2452 et
913 2396 1070 2453 cerneret.
1102 2355 1163 2452 Ἃ.
1189 2385 1231 2450 Et
1252 2383 1311 2452 ob-

174 2491 368 2570 stupuerunt
395 2504 508 2550 omnes
534 2485 665 2566 turbae,
699 2485 929 2575 dicebantque,
952 2489 1047 2554 ‘Num
1073 2487 1126 2551 hie
1154 2496 1203 2552 est
1222 2484 1312 2564 filine

173 2583 303 2652 David?
364 2581 417 2650 24.
447 2587 492 2651 At
512 2585 690 2668 Pharisaei,
724 2609 822 2676 quum
844 2587 1023 2668 audissent,
1056 2583 1223 2676 dicebant,
1246 2587 1312 2652 Hie

173 2703 242 2753 non
264 2681 556 2768 eiicit'daemonia,
582 2691 646 2755 uisi
666 2690 726 2774 per
745 2687 951 2770 Beelzebub,
977 2685 1156 2780 prinoipem
1179 2685 1312 2755 daemo-

171 2807 310 2856 urorum.

96 2915 98 2922 ’
256 2897 396 2972 Maec.
418 2902 472 2969 111.
513 2903 564 2970 20.
588 2903 631 2970 Et
651 2907 788 2975 veniunt
807 2909 841 2976 iu
859 2905 1003 2987 domum,
1025 2917 1058 2974 et
1077 2907 1231 2974 convenit
1249 2909 1311 2974 ite·

172 3025 243 3070 rum
264 3001 373 3081 turba,
394 3005 442 3068 aio
461 3011 498 3068 ut
516 3023 585 3070 nou
605 3002 720 3070 liceret
741 3005 804 3072 illis
824 3006 879 3074 vel
899 3029 1016 3096 panem
1037 3006 1147 3073 edere.
1188 3008 1239 3074 21.
1266 3008 1311 3074 Et

84 3139 85 3146 ι
171 3126 270 3191 quum
293 3103 469 3179 audissent,
501 3105 558 3190 qui
580 3102 623 3169 ad
642 3103 734 3172 illum
755 3105 945 3188 attinebant,
974 3111 1120 3176 exiemnt
1139 3117 1174 3172 ut
1193 3129 1310 3176 manus

170 3199 345 3272 iniicerent
373 3205 408 3269 iu
440 3224 529 3270 eum:
563 3201 727 3273 dicebant,
743 3211 841 3290 enim,
857 3199 861 3258 .‘
877 3197 915 3276 hi
942 3207 1084 3278 furorem
1110 3229 1223 3274 verena
1251 3219 1309 3278 eat.

170 3303 223 3371 22
243 3303 286 3370 Et
306 3299 458 3381 Soribze,
479 3307 535 3391 qui
557 3301 598 3371 ab
620 3307 860 3397 Hierosolymis
880 3309 1125 3389 descenderant,
1145 3307 1310 3384 dicebant,

170 3401 364 3470 Beelzebub
384 3400 499 3486 habet,
520 3417 553 3473 et
571 3427 632 3496 per
651 3411 829 3496 principem
851 3408 1096 3496 daemoniorum
1122 3413 1211 3478 eiioit
1232 3411 1311 3480 dae·

170 3506 289 3570 monia.

253 3618 355 3688 LUC.
375 3623 429 3688 xt.
465 3623 516 3689 14.
535 3623 577 3689 Et
598 3636 667 3692 erut
687 3629 819 3712 eliciens
841 3624 1056 3706 daemonium,
1078 3637 1111 3694 et
1130 3626 1216 3696 illud
1238 3639 1311 3697 erat

168 3733 298 3790 mutum.
341 3719 517 3811 Quumque
538 3726 687 3795 eiecisset
707 3727 926 3810 daemonium,
945 3728 1171 3816 loquutuaeet
1191 3741 1310 3810 mutua,

169 3833 203 3890 et
229 3823 416 3892 admiratae*
429 3833 504 3890 aunt
528 3823 652 3894 turbae.
698 3828 749 3894 15.
783 3828 931 3915 Quidun·
953 3843 1059 3898 autem
1086 3849 1128 3895 ex
1149 3826 1196 3897 eia
1218 3829 1312 3898 dixe·
1387 3845 1388 3852 ’

166 3933 262 4003 aaut,
312 3923 377 3991 Par
421 3921 632 4055 Beelzebub,
680 3931 860 4026 prinoipem
908 3929 1166 4012 daemoniorum,
1220 3934 1311 3999 elicit
1387 4001 1388 4008 ,

198 4255 202 4264 .
243 4191 334 4264 Maro
353 4207 401 4270 20·
431 4201 474 4266 Et
491 4197 605 4270 veniunt
621 4211 655 4270 ιἰι
672 4206 796 4273 &aarum
825 4209 897 4274 Non
916 4211 1037 4277 dubium
1057 4223 1111 4290 est,
1131 4213 1204 4292 quin
1224 4213 1309 4276 Mar-

166 4299 217 4340 cus
241 4279 368 4370 epatium
393 4279 516 4376 aliquoi
536 4286 690 4380 temporie·
702 4289 770 4352 satia
790 4290 922 4382 longum·
933 4287 1181 4370 comprehendat,
1213 4312 1308 4370 quum

167 4376 183 4424 a
209 4355 356 4430 miracula
380 4358 532 4429 deseendit
556 4363 595 4432 ad
618 4385 738 4449 mpruu
762 4378 1029 4450 conspirationem,
1059 4387 1147 4450 quarn
1172 4368 1255 4432 iuter
1274 4389 1309 4433 se
