<?xml version="1.0" encoding="UTF-8"?>
<!DOCTYPE html PUBLIC "-//W3C//DTD XHTML 1.0 Transitional//EN"
    "http://www.w3.org/TR/xhtml1/DTD/xhtml1-transitional.dtd">
<html xmlns="http://www.w3.org/1999/xhtml" xml:lang="en" lang="en">
 <head>
  <title>
</title>
<meta http-equiv="Content-Type" content="text/html;charset=utf-8" />
  <meta name='ocr-system' content='tesseract 3.04.00' />
  <meta name='ocr-capabilities' content='ocr_page ocr_carea ocr_par ocr_line ocrx_word'/>
</head>
<body>
  <div class='ocr_page' id='page_1' title='image "./innovumtestamen00calvgoog_0278.png"; bbox 0 0 2790 4838; ppageno 0'>
   <div class='ocr_carea' id='block_1_1' title="bbox 352 218 1212 337">
    <p class='ocr_par' dir='ltr' id='par_1_1' title="bbox 352 218 1212 337">
     <span class='ocr_line' id='line_1_1' title="bbox 352 218 1212 337; baseline 0.002 -21"><span class='ocrx_word' id='word_1_1' title='bbox 352 218 357 235; x_wconf 42' lang='lat'><strong><em>¹</em></strong></span> <span class='ocrx_word' id='word_1_2' title='bbox 418 257 480 337; x_wconf 83' lang='grc'><strong>(71.</strong></span> <span class='ocrx_word' id='word_1_3' title='bbox 500 253 636 317; x_wconf 80' lang='lat' dir='ltr'><strong>Falnulus</strong></span> <span class='ocrx_word' id='word_1_4' title='bbox 656 222 876 333; x_wconf 85' lang='lat' dir='ltr'><strong>Centurionis.)</strong></span> <span class='ocrx_word' id='word_1_5' title='bbox 915 244 921 262; x_wconf 87' lang='grc'>’</span> <span class='ocrx_word' id='word_1_6' title='bbox 1153 261 1212 325; x_wconf 83' lang='grc'><strong>199</strong></span> 
     </span>
    </p>
   </div>
   <div class='ocr_carea' id='block_1_2' title="bbox 62 403 1308 1255">
    <p class='ocr_par' dir='ltr' id='par_1_2' title="bbox 62 403 1308 1255">
     <span class='ocr_line' id='line_1_2' title="bbox 142 403 1208 489; baseline 0.001 -19"><span class='ocrx_word' id='word_1_7' title='bbox 142 411 241 470; x_wconf 76' lang='lat' dir='ltr'><strong>itare.</strong></span> <span class='ocrx_word' id='word_1_8' title='bbox 267 414 315 474; x_wconf 74' lang='grc'><strong>44.</strong></span> <span class='ocrx_word' id='word_1_9' title='bbox 373 405 416 466; x_wconf 73' lang='lat' dir='ltr'><strong>In</strong></span> <span class='ocrx_word' id='word_1_10' title='bbox 436 411 624 468; x_wconf 58' lang='lat' dir='ltr'><strong>monium</strong></span> <span class='ocrx_word' id='word_1_11' title='bbox 646 409 716 469; x_wconf 69' lang='lat' dir='ltr'><strong>tlte.</strong></span> <span class='ocrx_word' id='word_1_12' title='bbox 777 403 986 472; x_wconf 72' lang='lat' dir='ltr'><strong>Testimonim</strong></span> <span class='ocrx_word' id='word_1_13' title='bbox 1010 408 1127 487; x_wconf 83' lang='lat' dir='ltr'><strong>quidam</strong></span> <span class='ocrx_word' id='word_1_14' title='bbox 1152 431 1208 489; x_wconf 91' lang='lat' dir='ltr'><strong>pro</strong></span> 
     </span>
     <span class='ocr_line' id='line_1_3' title="bbox 66 484 1273 568; baseline 0 -22"><span class='ocrx_word' id='word_1_15' title='bbox 66 489 133 568; x_wconf 84' lang='lat' dir='ltr'><strong>lege</strong></span> <span class='ocrx_word' id='word_1_16' title='bbox 153 484 208 546; x_wconf 83' lang='lat' dir='ltr'><strong>rel</strong></span> <span class='ocrx_word' id='word_1_17' title='bbox 227 495 340 546; x_wconf 89' lang='lat' dir='ltr'><strong>statuto</strong></span> <span class='ocrx_word' id='word_1_18' title='bbox 361 485 519 565; x_wconf 81' lang='lat' dir='ltr'><strong>accipiunt,</strong></span> <span class='ocrx_word' id='word_1_19' title='bbox 540 487 784 565; x_wconf 84' lang='lat' dir='ltr'><strong>quemadmodum</strong></span> <span class='ocrx_word' id='word_1_20' title='bbox 803 486 834 546; x_wconf 92' lang='lat' dir='ltr'><strong>in</strong></span> <span class='ocrx_word' id='word_1_21' title='bbox 853 486 971 552; x_wconf 81' lang='lat' dir='ltr'><strong>Psalmo</strong></span> <span class='ocrx_word' id='word_1_22' title='bbox 992 485 1099 548; x_wconf 89' lang='lat' dir='ltr'><strong>dicitur</strong></span> <span class='ocrx_word' id='word_1_23' title='bbox 1116 486 1207 563; x_wconf 85' lang='lat' dir='ltr'><strong>(Psal.</strong></span> <span class='ocrx_word' id='word_1_24' title='bbox 1272 497 1273 506; x_wconf 59' lang='lat'>¹</span> 
     </span>
     <span class='ocr_line' id='line_1_4' title="bbox 66 561 1308 639; baseline 0.002 -19"><span class='ocrx_word' id='word_1_25' title='bbox 66 571 137 639; x_wconf 67' lang='lat'><strong>121,</strong></span> <span class='ocrx_word' id='word_1_26' title='bbox 158 567 230 636; x_wconf 78' lang='grc'><strong>4.),</strong></span> <span class='ocrx_word' id='word_1_27' title='bbox 262 561 369 621; x_wconf 85' lang='lat' dir='ltr'><strong>Posuit</strong></span> <span class='ocrx_word' id='word_1_28' title='bbox 393 561 450 621; x_wconf 89' lang='lat' dir='ltr'><strong>boc</strong></span> <span class='ocrx_word' id='word_1_29' title='bbox 476 561 558 622; x_wconf 88' lang='lat' dir='ltr'><strong>Deus</strong></span> <span class='ocrx_word' id='word_1_30' title='bbox 581 563 611 622; x_wconf 91' lang='lat' dir='ltr'><strong>iu</strong></span> <span class='ocrx_word' id='word_1_31' title='bbox 635 563 837 625; x_wconf 89' lang='lat' dir='ltr'><strong>testimonium</strong></span> <span class='ocrx_word' id='word_1_32' title='bbox 864 562 963 624; x_wconf 89' lang='lat' dir='ltr'><strong>lsrael.</strong></span> <span class='ocrx_word' id='word_1_33' title='bbox 1011 561 1085 620; x_wconf 85' lang='lat' dir='ltr'>Mihi</span> <span class='ocrx_word' id='word_1_34' title='bbox 1109 573 1208 624; x_wconf 72' lang='lat' dir='ltr'><strong>umen</strong></span> <span class='ocrx_word' id='word_1_35' title='bbox 1303 607 1308 614; x_wconf 82' lang='grc'><strong>.</strong></span> 
     </span>
     <span class='ocr_line' id='line_1_5' title="bbox 65 636 1208 730; baseline -0.001 -31"><span class='ocrx_word' id='word_1_36' title='bbox 65 641 121 699; x_wconf 91' lang='lat' dir='ltr'><strong>boc</strong></span> <span class='ocrx_word' id='word_1_37' title='bbox 155 639 281 702; x_wconf 83' lang='lat' dir='ltr'><strong>videtur</strong></span> <span class='ocrx_word' id='word_1_38' title='bbox 306 657 369 698; x_wconf 89' lang='lat' dir='ltr'><strong>esse</strong></span> <span class='ocrx_word' id='word_1_39' title='bbox 396 636 550 720; x_wconf 80' lang='lat' dir='ltr'><strong>frigidum:</strong></span> <span class='ocrx_word' id='word_1_40' title='bbox 589 660 686 720; x_wconf 89' lang='lat' dir='ltr'><strong>neque</strong></span> <span class='ocrx_word' id='word_1_41' title='bbox 711 640 788 698; x_wconf 89' lang='lat' dir='ltr'><strong>enim</strong></span> <span class='ocrx_word' id='word_1_42' title='bbox 815 639 919 700; x_wconf 91' lang='lat' dir='ltr'><strong>dubito</strong></span> <span class='ocrx_word' id='word_1_43' title='bbox 944 639 1015 718; x_wconf 90' lang='lat' dir='ltr'><strong>quin</strong></span> <span class='ocrx_word' id='word_1_44' title='bbox 1035 658 1208 730; x_wconf 82' lang='lat' dir='ltr'><strong>pronomen</strong></span> 
     </span>
     <span class='ocr_line' id='line_1_6' title="bbox 63 715 1206 796; baseline 0 -22"><span class='ocrx_word' id='word_1_45' title='bbox 63 717 120 776; x_wconf 78' lang='lat' dir='ltr'><strong>illis</strong></span> <span class='ocrx_word' id='word_1_46' title='bbox 146 717 189 776; x_wconf 83' lang='lat' dir='ltr'><strong>ad</strong></span> <span class='ocrx_word' id='word_1_47' title='bbox 215 715 387 775; x_wconf 78' lang='lat' dir='ltr'><strong>sacerdotes</strong></span> <span class='ocrx_word' id='word_1_48' title='bbox 408 725 531 795; x_wconf 75' lang='lat' dir='ltr'><strong>spectet.</strong></span> <span class='ocrx_word' id='word_1_49' title='bbox 577 717 681 796; x_wconf 88' lang='lat' dir='ltr'><strong>ltaque</strong></span> <span class='ocrx_word' id='word_1_50' title='bbox 707 717 742 776; x_wconf 93' lang='lat' dir='ltr'><strong>ad</strong></span> <span class='ocrx_word' id='word_1_51' title='bbox 767 716 928 796; x_wconf 88' lang='lat' dir='ltr'><strong>praesentis</strong></span> <span class='ocrx_word' id='word_1_52' title='bbox 951 716 995 774; x_wconf 90' lang='lat' dir='ltr'><strong>rei</strong></span> <span class='ocrx_word' id='word_1_53' title='bbox 1016 727 1206 774; x_wconf 82' lang='lat' dir='ltr'><strong>circumstan-</strong></span> 
     </span>
     <span class='ocr_line' id='line_1_7' title="bbox 63 791 1243 884; baseline -0.002 -30"><span class='ocrx_word' id='word_1_54' title='bbox 63 795 132 854; x_wconf 81' lang='lat' dir='ltr'><strong>tiam</strong></span> <span class='ocrx_word' id='word_1_55' title='bbox 153 811 228 854; x_wconf 85' lang='lat' dir='ltr'><strong>meo</strong></span> <span class='ocrx_word' id='word_1_56' title='bbox 250 791 362 852; x_wconf 87' lang='lat' dir='ltr'><strong>iudicio</strong></span> <span class='ocrx_word' id='word_1_57' title='bbox 384 791 517 852; x_wconf 85' lang='lat' dir='ltr'><strong>Christus</strong></span> <span class='ocrx_word' id='word_1_58' title='bbox 537 793 676 872; x_wconf 74' lang='lat' dir='ltr'><strong>respexit,</strong></span> <span class='ocrx_word' id='word_1_59' title='bbox 708 794 777 884; x_wconf 83' lang='lat' dir='ltr'><strong>quia</strong></span> <span class='ocrx_word' id='word_1_60' title='bbox 795 794 833 853; x_wconf 86' lang='lat' dir='ltr'><strong>ad</strong></span> <span class='ocrx_word' id='word_1_61' title='bbox 851 792 1085 854; x_wconf 80' lang='lat' dir='ltr'><strong>convincendam</strong></span> <span class='ocrx_word' id='word_1_62' title='bbox 1104 811 1207 852; x_wconf 82' lang='lat' dir='ltr'><strong>cortun</strong></span> <span class='ocrx_word' id='word_1_63' title='bbox 1236 834 1243 864; x_wconf 71' lang='grc'><strong>,.</strong></span> 
     </span>
     <span class='ocr_line' id='line_1_8' title="bbox 62 867 1206 952; baseline 0 -24"><span class='ocrx_word' id='word_1_64' title='bbox 62 869 315 952; x_wconf 82' lang='lat' dir='ltr'><strong>ingratitudinem</strong></span> <span class='ocrx_word' id='word_1_65' title='bbox 345 868 378 927; x_wconf 90' lang='lat' dir='ltr'><strong>in</strong></span> <span class='ocrx_word' id='word_1_66' title='bbox 409 867 466 928; x_wconf 91' lang='lat' dir='ltr'><strong>boc</strong></span> <span class='ocrx_word' id='word_1_67' title='bbox 496 867 638 930; x_wconf 87' lang='lat' dir='ltr'><strong>miraculo</strong></span> <span class='ocrx_word' id='word_1_68' title='bbox 672 878 740 928; x_wconf 83' lang='lat' dir='ltr'><strong>satis</strong></span> <span class='ocrx_word' id='word_1_69' title='bbox 770 870 920 930; x_wconf 88' lang='lat' dir='ltr'><strong>luculenta</strong></span> <span class='ocrx_word' id='word_1_70' title='bbox 944 868 1083 950; x_wconf 90' lang='lat' dir='ltr'><strong>probatio</strong></span> <span class='ocrx_word' id='word_1_71' title='bbox 1108 868 1206 928; x_wconf 87' lang='lat' dir='ltr'><strong>lutura</strong></span> 
     </span>
     <span class='ocr_line' id='line_1_9' title="bbox 64 943 1258 1024; baseline -0.003 -19"><span class='ocrx_word' id='word_1_72' title='bbox 64 959 133 1006; x_wconf 86' lang='lat' dir='ltr'><strong>erat.</strong></span> <span class='ocrx_word' id='word_1_73' title='bbox 165 947 238 1006; x_wconf 87' lang='lat' dir='ltr'><strong>Nee</strong></span> <span class='ocrx_word' id='word_1_74' title='bbox 257 943 369 1019; x_wconf 87' lang='lat' dir='ltr'><strong>obstat,</strong></span> <span class='ocrx_word' id='word_1_75' title='bbox 390 945 469 1024; x_wconf 88' lang='lat' dir='ltr'><strong>quod</strong></span> <span class='ocrx_word' id='word_1_76' title='bbox 490 945 637 1024; x_wconf 89' lang='lat' dir='ltr'><strong>leprosum</strong></span> <span class='ocrx_word' id='word_1_77' title='bbox 655 955 754 1006; x_wconf 86' lang='lat' dir='ltr'><strong>tacere</strong></span> <span class='ocrx_word' id='word_1_78' title='bbox 766 943 897 1008; x_wconf 87' lang='lat' dir='ltr'><strong>Christus</strong></span> <span class='ocrx_word' id='word_1_79' title='bbox 918 945 1010 1021; x_wconf 84' lang='lat' dir='ltr'><strong>iussit,</strong></span> <span class='ocrx_word' id='word_1_80' title='bbox 1031 944 1096 1024; x_wconf 89' lang='lat' dir='ltr'><strong>quia</strong></span> <span class='ocrx_word' id='word_1_81' title='bbox 1110 943 1207 1003; x_wconf 89' lang='lat' dir='ltr'><strong>uoluit</strong></span> <span class='ocrx_word' id='word_1_82' title='bbox 1255 1008 1258 1019; x_wconf 54' lang='grc'><strong><em>,</em></strong></span> 
     </span>
     <span class='ocr_line' id='line_1_10' title="bbox 81 1019 1207 1102; baseline -0.001 -21"><span class='ocrx_word' id='word_1_83' title='bbox 81 1035 215 1102; x_wconf 84' lang='lat' dir='ltr'><strong>erpetuo</strong></span> <span class='ocrx_word' id='word_1_84' title='bbox 247 1019 392 1101; x_wconf 87' lang='lat' dir='ltr'><strong>sepultam</strong></span> <span class='ocrx_word' id='word_1_85' title='bbox 422 1022 465 1081; x_wconf 90' lang='lat' dir='ltr'><strong>sui</strong></span> <span class='ocrx_word' id='word_1_86' title='bbox 495 1021 628 1082; x_wconf 81' lang='lat' dir='ltr'><strong>miraculi</strong></span> <span class='ocrx_word' id='word_1_87' title='bbox 656 1023 835 1083; x_wconf 85' lang='lat' dir='ltr'><strong>memoriam.</strong></span> <span class='ocrx_word' id='word_1_88' title='bbox 894 1021 995 1097; x_wconf 86' lang='lat' dir='ltr'><strong>Quum</strong></span> <span class='ocrx_word' id='word_1_89' title='bbox 1026 1041 1099 1081; x_wconf 89' lang='lat' dir='ltr'><strong>ero</strong></span> <span class='ocrx_word' id='word_1_90' title='bbox 1129 1021 1207 1080; x_wconf 87' lang='lat' dir='ltr'><strong>iussu</strong></span> 
     </span>
     <span class='ocr_line' id='line_1_11' title="bbox 62 1045 1204 1180; baseline -0.004 -20"><span class='ocrx_word' id='word_1_91' title='bbox 62 1045 178 1160; x_wconf 64' lang='lat' dir='ltr'><strong>ibristi</strong></span> <span class='ocrx_word' id='word_1_92' title='bbox 196 1101 233 1160; x_wconf 92' lang='lat' dir='ltr'><strong>in</strong></span> <span class='ocrx_word' id='word_1_93' title='bbox 253 1098 415 1160; x_wconf 83' lang='lat' dir='ltr'><strong>sacerdotis</strong></span> <span class='ocrx_word' id='word_1_94' title='bbox 435 1109 627 1180; x_wconf 88' lang='lat' dir='ltr'><strong>conspectum</strong></span> <span class='ocrx_word' id='word_1_95' title='bbox 646 1098 728 1159; x_wconf 86' lang='lat' dir='ltr'><strong>venit</strong></span> <span class='ocrx_word' id='word_1_96' title='bbox 746 1094 893 1180; x_wconf 74' lang='lat' dir='ltr'><strong>leprosis,</strong></span> <span class='ocrx_word' id='word_1_97' title='bbox 919 1099 975 1159; x_wconf 89' lang='lat' dir='ltr'><strong>boc</strong></span> <span class='ocrx_word' id='word_1_98' title='bbox 994 1097 1052 1158; x_wconf 86' lang='lat' dir='ltr'><strong>illis</strong></span> <span class='ocrx_word' id='word_1_99' title='bbox 1071 1119 1104 1158; x_wconf 88' lang='lat' dir='ltr'><strong>rn</strong></span> <span class='ocrx_word' id='word_1_100' title='bbox 1121 1097 1204 1157; x_wconf 88' lang='lat' dir='ltr'><strong>testi-</strong></span> 
     </span>
     <span class='ocr_line' id='line_1_12' title="bbox 62 1173 1218 1255; baseline -0.001 -21"><span class='ocrx_word' id='word_1_101' title='bbox 62 1177 198 1236; x_wconf 88' lang='lat' dir='ltr'><strong>monium</strong></span> <span class='ocrx_word' id='word_1_102' title='bbox 228 1174 300 1250; x_wconf 88' lang='lat' dir='ltr'><strong>luit,</strong></span> <span class='ocrx_word' id='word_1_103' title='bbox 330 1175 412 1253; x_wconf 91' lang='lat' dir='ltr'><strong>quod</strong></span> <span class='ocrx_word' id='word_1_104' title='bbox 436 1174 645 1236; x_wconf 80' lang='lat' dir='ltr'><strong>inexcusabiles</strong></span> <span class='ocrx_word' id='word_1_105' title='bbox 670 1176 821 1235; x_wconf 85' lang='lat' dir='ltr'><strong>redderet:</strong></span> <span class='ocrx_word' id='word_1_106' title='bbox 851 1176 876 1236; x_wconf 91' lang='lat' dir='ltr'><strong>si</strong></span> <span class='ocrx_word' id='word_1_107' title='bbox 902 1173 1051 1236; x_wconf 83' lang='lat' dir='ltr'><strong>Christum</strong></span> <span class='ocrx_word' id='word_1_108' title='bbox 1070 1195 1126 1255; x_wconf 90' lang='lat' dir='ltr'><strong>pro</strong></span> <span class='ocrx_word' id='word_1_109' title='bbox 1145 1173 1218 1234; x_wconf 90' lang='lat' dir='ltr'><strong>Dei·</strong></span> 
     </span>
    </p>
   </div>
   <div class='ocr_carea' id='block_1_3' title="bbox 62 1249 1341 1332">
    <p class='ocr_par' dir='ltr' id='par_1_3' title="bbox 62 1249 1341 1332">
     <span class='ocr_line' id='line_1_13' title="bbox 62 1249 1341 1332; baseline -0.003 -21"><span class='ocrx_word' id='word_1_110' title='bbox 62 1253 202 1312; x_wconf 88' lang='lat' dir='ltr'><strong>ministro</strong></span> <span class='ocrx_word' id='word_1_111' title='bbox 232 1249 371 1332; x_wconf 80' lang='lat' dir='ltr'><strong>amplecti</strong></span> <span class='ocrx_word' id='word_1_112' title='bbox 395 1251 528 1326; x_wconf 88' lang='lat' dir='ltr'><strong>nollent,</strong></span> <span class='ocrx_word' id='word_1_113' title='bbox 565 1262 595 1311; x_wconf 89' lang='lat' dir='ltr'><strong>et</strong></span> <span class='ocrx_word' id='word_1_114' title='bbox 618 1251 701 1312; x_wconf 91' lang='lat' dir='ltr'><strong>simul</strong></span> <span class='ocrx_word' id='word_1_115' title='bbox 730 1250 824 1311; x_wconf 90' lang='lat' dir='ltr'><strong>ablata</strong></span> <span class='ocrx_word' id='word_1_116' title='bbox 848 1251 905 1310; x_wconf 88' lang='lat' dir='ltr'><strong>illis</strong></span> <span class='ocrx_word' id='word_1_117' title='bbox 930 1264 993 1310; x_wconf 89' lang='lat' dir='ltr'><strong>erat</strong></span> <span class='ocrx_word' id='word_1_118' title='bbox 1018 1249 1205 1311; x_wconf 87' lang='lat' dir='ltr'><strong>obtrectandi</strong></span> <span class='ocrx_word' id='word_1_119' title='bbox 1279 1279 1282 1292; x_wconf 93' lang='lat'><em>·</em></span> <span class='ocrx_word' id='word_1_120' title='bbox 1329 1253 1341 1262; x_wconf 86' lang='grc'><em>“</em></span> 
     </span>
    </p>
   </div>
   <div class='ocr_carea' id='block_1_4' title="bbox 61 1326 1292 2022">
    <p class='ocr_par' dir='ltr' id='par_1_4' title="bbox 62 1326 1206 1542">
     <span class='ocr_line' id='line_1_14' title="bbox 62 1326 1206 1409; baseline -0.003 -21"><span class='ocrx_word' id='word_1_121' title='bbox 62 1331 194 1404; x_wconf 78' lang='lat' dir='ltr'><strong>occasio,</strong></span> <span class='ocrx_word' id='word_1_122' title='bbox 217 1349 310 1408; x_wconf 88' lang='lat' dir='ltr'><strong>quum</strong></span> <span class='ocrx_word' id='word_1_123' title='bbox 329 1327 441 1392; x_wconf 87' lang='lat' dir='ltr'><strong>nullum</strong></span> <span class='ocrx_word' id='word_1_124' title='bbox 453 1327 541 1409; x_wconf 82' lang='lat' dir='ltr'><strong>Legis</strong></span> <span class='ocrx_word' id='word_1_125' title='bbox 561 1349 575 1386; x_wconf 92' lang='lat' dir='ltr'><strong>a</strong></span> <span class='ocrx_word' id='word_1_126' title='bbox 600 1328 673 1388; x_wconf 88' lang='lat' dir='ltr'><strong>icem</strong></span> <span class='ocrx_word' id='word_1_127' title='bbox 688 1327 822 1386; x_wconf 83' lang='lat' dir='ltr'><strong>Ghristus</strong></span> <span class='ocrx_word' id='word_1_128' title='bbox 842 1327 1000 1386; x_wconf 87' lang='lat' dir='ltr'><strong>omitteret.</strong></span> <span class='ocrx_word' id='word_1_129' title='bbox 1028 1326 1064 1386; x_wconf 91' lang='lat' dir='ltr'><strong>ln</strong></span> <span class='ocrx_word' id='word_1_130' title='bbox 1085 1347 1206 1400; x_wconf 89' lang='lat' dir='ltr'><strong>summa,</strong></span> 
     </span>
     <span class='ocr_line' id='line_1_15' title="bbox 62 1348 1204 1480; baseline -0.003 -14"><span class='ocrx_word' id='word_1_131' title='bbox 62 1406 84 1466; x_wconf 86' lang='lat' dir='ltr'><strong>si</strong></span> <span class='ocrx_word' id='word_1_132' title='bbox 102 1405 236 1466; x_wconf 84' lang='lat' dir='ltr'><strong>luissent</strong></span> <span class='ocrx_word' id='word_1_133' title='bbox 255 1403 412 1480; x_wconf 83' lang='lat' dir='ltr'><strong>sanabiles,</strong></span> <span class='ocrx_word' id='word_1_134' title='bbox 432 1403 536 1464; x_wconf 85' lang='lat' dir='ltr'><strong>adduci</strong></span> <span class='ocrx_word' id='word_1_135' title='bbox 557 1348 596 1464; x_wconf 83' lang='lat' dir='ltr'><strong>ad</strong></span> <span class='ocrx_word' id='word_1_136' title='bbox 614 1403 765 1465; x_wconf 84' lang='lat' dir='ltr'><strong>Christum</strong></span> <span class='ocrx_word' id='word_1_137' title='bbox 807 1413 939 1462; x_wconf 89' lang='lat' dir='ltr'><strong>oterant:</strong></span> <span class='ocrx_word' id='word_1_138' title='bbox 959 1403 1117 1464; x_wconf 87' lang='lat' dir='ltr'><strong>incredulis</strong></span> <span class='ocrx_word' id='word_1_139' title='bbox 1132 1421 1204 1463; x_wconf 84' lang='lat' dir='ltr'><strong>vero</strong></span> 
     </span>
     <span class='ocr_line' id='line_1_16' title="bbox 62 1479 1062 1542; baseline -0.003 -1"><span class='ocrx_word' id='word_1_140' title='bbox 62 1479 241 1542; x_wconf 85' lang='lat' dir='ltr'><strong>damnandis</strong></span> <span class='ocrx_word' id='word_1_141' title='bbox 260 1481 330 1542; x_wconf 85' lang='lat' dir='ltr'><strong>satis</strong></span> <span class='ocrx_word' id='word_1_142' title='bbox 352 1481 453 1541; x_wconf 81' lang='lat' dir='ltr'><strong>efficax</strong></span> <span class='ocrx_word' id='word_1_143' title='bbox 474 1491 538 1540; x_wconf 85' lang='lat' dir='ltr'><strong>erat</strong></span> <span class='ocrx_word' id='word_1_144' title='bbox 555 1491 614 1540; x_wconf 88' lang='lat' dir='ltr'><strong>tam</strong></span> <span class='ocrx_word' id='word_1_145' title='bbox 634 1480 775 1540; x_wconf 91' lang='lat' dir='ltr'><strong>sollennis</strong></span> <span class='ocrx_word' id='word_1_146' title='bbox 826 1481 853 1540; x_wconf 89' lang='lat' dir='ltr'><strong>ei</strong></span> <span class='ocrx_word' id='word_1_147' title='bbox 874 1479 1062 1540; x_wconf 82' lang='lat' dir='ltr'><strong>contestatio.</strong></span> 
     </span>
    </p>

    <p class='ocr_par' dir='ltr' id='par_1_5' title="bbox 61 1553 1292 2022">
     <span class='ocr_line' id='line_1_17' title="bbox 135 1553 1204 1633; baseline -0.005 -16"><span class='ocrx_word' id='word_1_148' title='bbox 135 1565 190 1624; x_wconf 77' lang='grc'><strong>45.</strong></span> <span class='ocrx_word' id='word_1_149' title='bbox 231 1555 272 1616; x_wconf 86' lang='lat' dir='ltr'><strong>Ut</strong></span> <span class='ocrx_word' id='word_1_150' title='bbox 288 1579 350 1617; x_wconf 74' lang='lat' dir='ltr'><strong>uun</strong></span> <span class='ocrx_word' id='word_1_151' title='bbox 366 1555 552 1633; x_wconf 79' lang='lat' dir='ltr'><strong>possetlesus</strong></span> <span class='ocrx_word' id='word_1_152' title='bbox 563 1560 692 1617; x_wconf 65' lang='lat' dir='ltr'><strong>uiniae.</strong></span> <span class='ocrx_word' id='word_1_153' title='bbox 723 1555 885 1618; x_wconf 89' lang='lat' dir='ltr'><strong>Hinccolli</strong></span> <span class='ocrx_word' id='word_1_154' title='bbox 909 1555 979 1615; x_wconf 79' lang='lat' dir='ltr'><strong>linus</strong></span> <span class='ocrx_word' id='word_1_155' title='bbox 1010 1567 1131 1615; x_wconf 87' lang='lat' dir='ltr'><strong>curtam</strong></span> <span class='ocrx_word' id='word_1_156' title='bbox 1144 1553 1204 1614; x_wconf 89' lang='lat' dir='ltr'><strong>cito</strong></span> 
     </span>
     <span class='ocr_line' id='line_1_18' title="bbox 61 1575 1205 1712; baseline -0.004 -18"><span class='ocrx_word' id='word_1_157' title='bbox 61 1635 240 1695; x_wconf 73' lang='lat' dir='ltr'><strong>musculum</strong></span> <span class='ocrx_word' id='word_1_158' title='bbox 266 1634 411 1694; x_wconf 92' lang='lat' dir='ltr'><strong>celebrari</strong></span> <span class='ocrx_word' id='word_1_159' title='bbox 436 1632 565 1693; x_wconf 89' lang='lat' dir='ltr'><strong>noluerit</strong></span> <span class='ocrx_word' id='word_1_160' title='bbox 592 1632 739 1708; x_wconf 84' lang='lat' dir='ltr'><strong>Christus,</strong></span> <span class='ocrx_word' id='word_1_161' title='bbox 770 1653 829 1712; x_wconf 92' lang='lat' dir='ltr'><strong>quo</strong></span> <span class='ocrx_word' id='word_1_162' title='bbox 849 1575 961 1692; x_wconf 77' lang='lat' dir='ltr'><strong>scilicet</strong></span> <span class='ocrx_word' id='word_1_163' title='bbox 980 1599 1106 1691; x_wconf 80' lang='lat' dir='ltr'><strong>liberior</strong></span> <span class='ocrx_word' id='word_1_164' title='bbox 1123 1631 1205 1689; x_wconf 82' lang='lat' dir='ltr'><strong>foret</strong></span> 
     </span>
     <span class='ocr_line' id='line_1_19' title="bbox 62 1706 1204 1789; baseline -0.004 -19"><span class='ocrx_word' id='word_1_165' title='bbox 62 1711 193 1772; x_wconf 85' lang='lat' dir='ltr'><strong>docendi</strong></span> <span class='ocrx_word' id='word_1_166' title='bbox 222 1710 360 1770; x_wconf 82' lang='lat' dir='ltr'><strong>facultas:</strong></span> <span class='ocrx_word' id='word_1_167' title='bbox 392 1730 454 1788; x_wconf 77' lang='lat' dir='ltr'><strong>non</strong></span> <span class='ocrx_word' id='word_1_168' title='bbox 481 1710 561 1789; x_wconf 90' lang='lat' dir='ltr'><strong>quod</strong></span> <span class='ocrx_word' id='word_1_169' title='bbox 587 1710 799 1770; x_wconf 83' lang='lat' dir='ltr'><strong>insurrexerint</strong></span> <span class='ocrx_word' id='word_1_170' title='bbox 817 1710 932 1784; x_wconf 90' lang='lat' dir='ltr'><strong>bostes,</strong></span> <span class='ocrx_word' id='word_1_171' title='bbox 961 1707 1011 1788; x_wconf 89' lang='lat' dir='ltr'><strong>qui</strong></span> <span class='ocrx_word' id='word_1_172' title='bbox 1030 1707 1073 1768; x_wconf 85' lang='lat' dir='ltr'><strong>illi</strong></span> <span class='ocrx_word' id='word_1_173' title='bbox 1094 1728 1126 1767; x_wconf 93' lang='lat' dir='ltr'><strong>os</strong></span> <span class='ocrx_word' id='word_1_174' title='bbox 1148 1706 1204 1766; x_wconf 86' lang='lat' dir='ltr'><strong>ob-</strong></span> 
     </span>
     <span class='ocr_line' id='line_1_20' title="bbox 62 1783 1203 1868; baseline -0.005 -22"><span class='ocrx_word' id='word_1_175' title='bbox 62 1799 176 1850; x_wconf 82' lang='lat' dir='ltr'><strong>struere</strong></span> <span class='ocrx_word' id='word_1_176' title='bbox 199 1787 302 1847; x_wconf 88' lang='lat' dir='ltr'><strong>conati</strong></span> <span class='ocrx_word' id='word_1_177' title='bbox 321 1787 389 1862; x_wconf 87' lang='lat' dir='ltr'><strong>sint,</strong></span> <span class='ocrx_word' id='word_1_178' title='bbox 408 1785 459 1848; x_wconf 91' lang='lat' dir='ltr'><strong>sed</strong></span> <span class='ocrx_word' id='word_1_179' title='bbox 472 1787 540 1866; x_wconf 87' lang='lat' dir='ltr'><strong>quia</strong></span> <span class='ocrx_word' id='word_1_180' title='bbox 553 1796 633 1847; x_wconf 90' lang='lat' dir='ltr'><strong>tanta</strong></span> <span class='ocrx_word' id='word_1_181' title='bbox 644 1799 707 1846; x_wconf 87' lang='lat' dir='ltr'><strong>erat</strong></span> <span class='ocrx_word' id='word_1_182' title='bbox 717 1787 798 1868; x_wconf 84' lang='lat' dir='ltr'><strong>vulgi</strong></span> <span class='ocrx_word' id='word_1_183' title='bbox 809 1787 848 1846; x_wconf 91' lang='lat' dir='ltr'><strong>im</strong></span> <span class='ocrx_word' id='word_1_184' title='bbox 872 1785 1015 1846; x_wconf 88' lang='lat' dir='ltr'><strong>ortunitas</strong></span> <span class='ocrx_word' id='word_1_185' title='bbox 1025 1784 1055 1844; x_wconf 91' lang='lat' dir='ltr'><strong>in</strong></span> <span class='ocrx_word' id='word_1_186' title='bbox 1066 1783 1203 1868; x_wconf 84' lang='lat' dir='ltr'><strong>flagitan-</strong></span> 
     </span>
     <span class='ocr_line' id='line_1_21' title="bbox 62 1860 1203 1936; baseline -0.002 -14"><span class='ocrx_word' id='word_1_187' title='bbox 62 1865 109 1923; x_wconf 85' lang='lat' dir='ltr'><strong>dis&#39;</strong></span> <span class='ocrx_word' id='word_1_188' title='bbox 121 1863 289 1936; x_wconf 85' lang='lat' dir='ltr'><strong>miraculis,</strong></span> <span class='ocrx_word' id='word_1_189' title='bbox 309 1875 342 1923; x_wconf 92' lang='lat' dir='ltr'><strong>ut</strong></span> <span class='ocrx_word' id='word_1_190' title='bbox 355 1885 418 1924; x_wconf 94' lang='lat' dir='ltr'><strong>non</strong></span> <span class='ocrx_word' id='word_1_191' title='bbox 429 1875 553 1922; x_wconf 88' lang='lat' dir='ltr'><strong>restaret</strong></span> <span class='ocrx_word' id='word_1_192' title='bbox 565 1864 716 1924; x_wconf 85' lang='lat' dir='ltr'><strong>doetrinae</strong></span> <span class='ocrx_word' id='word_1_193' title='bbox 728 1863 819 1932; x_wconf 87' lang='lat' dir='ltr'><strong>locus.</strong></span> <span class='ocrx_word' id='word_1_194' title='bbox 880 1860 981 1922; x_wconf 89' lang='lat' dir='ltr'><strong>olebat</strong></span> <span class='ocrx_word' id='word_1_195' title='bbox 993 1871 1089 1922; x_wconf 87' lang='lat' dir='ltr'><strong>autem</strong></span> <span class='ocrx_word' id='word_1_196' title='bbox 1101 1880 1203 1920; x_wconf 89' lang='lat' dir='ltr'><strong>omnes</strong></span> 
     </span>
     <span class='ocr_line' id='line_1_22' title="bbox 63 1936 1292 2022; baseline -0.003 -23"><span class='ocrx_word' id='word_1_197' title='bbox 63 1941 174 2002; x_wconf 88' lang='lat' dir='ltr'><strong>babere</strong></span> <span class='ocrx_word' id='word_1_198' title='bbox 196 1941 234 1999; x_wconf 89' lang='lat' dir='ltr'><strong>ad</strong></span> <span class='ocrx_word' id='word_1_199' title='bbox 255 1940 377 2001; x_wconf 87' lang='lat' dir='ltr'><strong>verbum</strong></span> <span class='ocrx_word' id='word_1_200' title='bbox 395 1939 593 2022; x_wconf 82' lang='lat' dir='ltr'><strong>magisquam</strong></span> <span class='ocrx_word' id='word_1_201' title='bbox 613 1940 752 2022; x_wconf 75' lang='lat' dir='ltr'><strong>adsigna</strong></span> <span class='ocrx_word' id='word_1_202' title='bbox 772 1940 912 2000; x_wconf 87' lang='lat' dir='ltr'><strong>intentos.</strong></span> <span class='ocrx_word' id='word_1_203' title='bbox 955 1939 1031 1998; x_wconf 89' lang='lat' dir='ltr'><strong>Ideo</strong></span> <span class='ocrx_word' id='word_1_204' title='bbox 1051 1937 1122 1998; x_wconf 88' lang='lat' dir='ltr'><strong>dicit</strong></span> <span class='ocrx_word' id='word_1_205' title='bbox 1141 1936 1202 1995; x_wconf 85' lang='lat' dir='ltr'><strong>Lu·</strong></span> <span class='ocrx_word' id='word_1_206' title='bbox 1290 1941 1292 1946; x_wconf 81' lang='grc'>’</span> 
     </span>
    </p>
   </div>
   <div class='ocr_carea' id='block_1_5' title="bbox 62 2013 1364 2096">
    <p class='ocr_par' dir='ltr' id='par_1_6' title="bbox 62 2013 1364 2096">
     <span class='ocr_line' id='line_1_23' title="bbox 62 2013 1364 2096; baseline -0.008 -18"><span class='ocrx_word' id='word_1_207' title='bbox 62 2039 123 2092; x_wconf 85' lang='lat' dir='ltr'><strong>cas,</strong></span> <span class='ocrx_word' id='word_1_208' title='bbox 156 2037 227 2078; x_wconf 89' lang='lat' dir='ltr'><strong>cum</strong></span> <span class='ocrx_word' id='word_1_209' title='bbox 255 2015 401 2076; x_wconf 82' lang='lat' dir='ltr'><strong>habitasse</strong></span> <span class='ocrx_word' id='word_1_210' title='bbox 427 2016 458 2076; x_wconf 91' lang='lat' dir='ltr'><strong>in</strong></span> <span class='ocrx_word' id='word_1_211' title='bbox 483 2016 613 2078; x_wconf 87' lang='lat' dir='ltr'><strong>desertis.</strong></span> <span class='ocrx_word' id='word_1_212' title='bbox 656 2017 865 2096; x_wconf 88' lang='lat' dir='ltr'><strong>Frequentiam</strong></span> <span class='ocrx_word' id='word_1_213' title='bbox 886 2015 964 2076; x_wconf 85' lang='lat' dir='ltr'><strong>enim</strong></span> <span class='ocrx_word' id='word_1_214' title='bbox 985 2014 1135 2074; x_wconf 90' lang='lat' dir='ltr'><strong>bominum</strong></span> <span class='ocrx_word' id='word_1_215' title='bbox 1155 2013 1202 2074; x_wconf 84' lang='lat' dir='ltr'><strong>lu·</strong></span> <span class='ocrx_word' id='word_1_216' title='bbox 1308 2058 1311 2066; x_wconf 81' lang='lat'><strong>.</strong></span> <span class='ocrx_word' id='word_1_217' title='bbox 1360 2057 1364 2067; x_wconf 91' lang='grc'>,</span> 
     </span>
    </p>
   </div>
   <div class='ocr_carea' id='block_1_6' title="bbox 62 2091 1291 2253">
    <p class='ocr_par' dir='ltr' id='par_1_7' title="bbox 62 2091 1291 2253">
     <span class='ocr_line' id='line_1_24' title="bbox 62 2091 1291 2232; baseline -0.004 -77"><span class='ocrx_word' id='word_1_218' title='bbox 62 2095 181 2232; x_wconf 65' lang='lat' dir='ltr'><strong>pubet,</strong></span> <span class='ocrx_word' id='word_1_219' title='bbox 202 2093 274 2191; x_wconf 73' lang='lat' dir='ltr'><strong>qpia</strong></span> <span class='ocrx_word' id='word_1_220' title='bbox 291 2113 322 2154; x_wconf 92' lang='lat' dir='ltr'><strong>se</strong></span> <span class='ocrx_word' id='word_1_221' title='bbox 341 2091 462 2154; x_wconf 83' lang='lat' dir='ltr'><strong>videbat</strong></span> <span class='ocrx_word' id='word_1_222' title='bbox 478 2093 583 2184; x_wconf 82' lang='lat' dir='ltr'><strong>populi</strong></span> <span class='ocrx_word' id='word_1_223' title='bbox 602 2093 679 2154; x_wconf 85' lang='lat' dir='ltr'><strong>votis</strong></span> <span class='ocrx_word' id='word_1_224' title='bbox 698 2115 761 2154; x_wconf 91' lang='lat' dir='ltr'><strong>nou</strong></span> <span class='ocrx_word' id='word_1_225' title='bbox 779 2092 1012 2174; x_wconf 79' lang='lat' dir='ltr'><strong>satisfacturum,</strong></span> <span class='ocrx_word' id='word_1_226' title='bbox 1031 2091 1102 2174; x_wconf 90' lang='lat' dir='ltr'><strong>quin</strong></span> <span class='ocrx_word' id='word_1_227' title='bbox 1119 2109 1203 2152; x_wconf 86' lang='lat' dir='ltr'><strong>suam</strong></span> <span class='ocrx_word' id='word_1_228' title='bbox 1283 2137 1291 2150; x_wconf 84' lang='lat'><strong>.</strong></span> 
     </span>
     <span class='ocr_line' id='line_1_25' title="bbox 82 2170 679 2253; baseline -0.002 -21"><span class='ocrx_word' id='word_1_229' title='bbox 82 2173 231 2232; x_wconf 84' lang='lat' dir='ltr'><strong>octrinam</strong></span> <span class='ocrx_word' id='word_1_230' title='bbox 250 2191 404 2253; x_wconf 82' lang='lat' dir='ltr'><strong>signorum</strong></span> <span class='ocrx_word' id='word_1_231' title='bbox 423 2189 510 2251; x_wconf 87' lang='lat' dir='ltr'><strong>cupra</strong></span> <span class='ocrx_word' id='word_1_232' title='bbox 529 2170 679 2232; x_wconf 88' lang='lat' dir='ltr'><strong>obrueret.</strong></span> 
     </span>
    </p>
   </div>
   <div class='ocr_carea' id='block_1_7' title="bbox 32 2445 1284 3038">
    <p class='ocr_par' dir='ltr' id='par_1_8' title="bbox 32 2445 1284 3038">
     <span class='ocr_line' id='line_1_26' title="bbox 101 2445 1206 2542; baseline -0.008 -23"><span class='ocrx_word' id='word_1_233' title='bbox 101 2449 198 2532; x_wconf 85' lang='lat'><strong>(71.)</strong></span> <span class='ocrx_word' id='word_1_234' title='bbox 247 2449 418 2516; x_wconf 82' lang='grc' dir='ltr'><strong>ΜΑΤΤΗ.</strong></span> <span class='ocrx_word' id='word_1_235' title='bbox 449 2448 533 2516; x_wconf 87' lang='lat' dir='ltr'><strong>Vlll.</strong></span> <span class='ocrx_word' id='word_1_236' title='bbox 579 2453 609 2516; x_wconf 83' lang='lat'><strong>5.</strong></span> <span class='ocrx_word' id='word_1_237' title='bbox 644 2450 747 2516; x_wconf 86' lang='lat' dir='ltr'><strong>Porro</strong></span> <span class='ocrx_word' id='word_1_238' title='bbox 773 2469 871 2535; x_wconf 91' lang='lat' dir='ltr'><strong>quum</strong></span> <span class='ocrx_word' id='word_1_239' title='bbox 898 2449 1058 2530; x_wconf 79' lang='lat' dir='ltr'><strong>ingressus</strong></span> <span class='ocrx_word' id='word_1_240' title='bbox 1088 2445 1206 2542; x_wconf 80' lang='lat' dir='ltr'><strong>luisset</strong></span> 
     </span>
     <span class='ocr_line' id='line_1_27' title="bbox 64 2545 1201 2639; baseline -0.007 -21"><span class='ocrx_word' id='word_1_241' title='bbox 64 2555 150 2620; x_wconf 89' lang='lat' dir='ltr'><strong>lesus</strong></span> <span class='ocrx_word' id='word_1_242' title='bbox 174 2551 393 2639; x_wconf 72' lang='lat' dir='ltr'><strong>capernaum,</strong></span> <span class='ocrx_word' id='word_1_243' title='bbox 415 2550 496 2618; x_wconf 91' lang='lat' dir='ltr'><strong>adiit</strong></span> <span class='ocrx_word' id='word_1_244' title='bbox 517 2573 589 2616; x_wconf 91' lang='lat' dir='ltr'><strong>eum</strong></span> <span class='ocrx_word' id='word_1_245' title='bbox 613 2551 782 2628; x_wconf 86' lang='lat' dir='ltr'><strong>Centurio,</strong></span> <span class='ocrx_word' id='word_1_246' title='bbox 803 2548 977 2628; x_wconf 70' lang='lat' dir='ltr'><strong>obsecrans</strong></span> <span class='ocrx_word' id='word_1_247' title='bbox 1002 2566 1083 2623; x_wconf 90' lang='lat' dir='ltr'><strong>eum,</strong></span> <span class='ocrx_word' id='word_1_248' title='bbox 1110 2547 1139 2608; x_wconf 83' lang='grc'><strong>6.</strong></span> <span class='ocrx_word' id='word_1_249' title='bbox 1160 2545 1201 2610; x_wconf 85' lang='lat' dir='ltr'><strong>Et</strong></span> 
     </span>
     <span class='ocr_line' id='line_1_28' title="bbox 64 2643 1202 2733; baseline -0.01 -15"><span class='ocrx_word' id='word_1_250' title='bbox 64 2655 193 2733; x_wconf 88' lang='lat' dir='ltr'><strong>dicens,</strong></span> <span class='ocrx_word' id='word_1_251' title='bbox 225 2653 384 2732; x_wconf 87' lang='lat' dir='ltr'><strong>Domine,</strong></span> <span class='ocrx_word' id='word_1_252' title='bbox 417 2651 557 2719; x_wconf 86' lang='lat' dir='ltr'><strong>famulus</strong></span> <span class='ocrx_word' id='word_1_253' title='bbox 584 2673 673 2718; x_wconf 89' lang='lat' dir='ltr'><strong>meus</strong></span> <span class='ocrx_word' id='word_1_254' title='bbox 695 2647 861 2716; x_wconf 86' lang='lat' dir='ltr'><strong>decumbit</strong></span> <span class='ocrx_word' id='word_1_255' title='bbox 883 2647 971 2714; x_wconf 90' lang='lat' dir='ltr'><strong>domi</strong></span> <span class='ocrx_word' id='word_1_256' title='bbox 993 2643 1202 2731; x_wconf 83' lang='lat' dir='ltr'><strong>paralyticus,</strong></span> 
     </span>
     <span class='ocr_line' id='line_1_29' title="bbox 32 2747 1284 2842; baseline -0.009 -24"><span class='ocrx_word' id='word_1_257' title='bbox 32 2763 101 2818; x_wconf 90' lang='lat' dir='ltr'><strong>&#39;ac</strong></span> <span class='ocrx_word' id='word_1_258' title='bbox 124 2756 271 2842; x_wconf 79' lang='lat' dir='ltr'><strong>graviter</strong></span> <span class='ocrx_word' id='word_1_259' title='bbox 295 2751 514 2819; x_wconf 85' lang='lat' dir='ltr'><strong>discrucietur.</strong></span> <span class='ocrx_word' id='word_1_260' title='bbox 564 2754 592 2818; x_wconf 82' lang='lat'><strong>7.</strong></span> <span class='ocrx_word' id='word_1_261' title='bbox 618 2753 661 2817; x_wconf 89' lang='lat' dir='ltr'><strong>Et</strong></span> <span class='ocrx_word' id='word_1_262' title='bbox 688 2753 766 2818; x_wconf 88' lang='lat' dir='ltr'><strong>dicit</strong></span> <span class='ocrx_word' id='word_1_263' title='bbox 794 2749 842 2815; x_wconf 93' lang='lat' dir='ltr'><strong>illi</strong></span> <span class='ocrx_word' id='word_1_264' title='bbox 871 2750 973 2826; x_wconf 87' lang='lat' dir='ltr'><strong>lesus,</strong></span> <span class='ocrx_word' id='word_1_265' title='bbox 1007 2747 1078 2832; x_wconf 81' lang='lat' dir='ltr'><strong>Ego</strong></span> <span class='ocrx_word' id='word_1_266' title='bbox 1103 2767 1200 2836; x_wconf 87' lang='lat' dir='ltr'><strong>quum</strong></span> <span class='ocrx_word' id='word_1_267' title='bbox 1281 2829 1284 2840; x_wconf 60' lang='lat'><strong>.</strong></span> 
     </span>
     <span class='ocr_line' id='line_1_30' title="bbox 65 2847 1238 2941; baseline -0.003 -26"><span class='ocrx_word' id='word_1_268' title='bbox 65 2877 203 2934; x_wconf 87' lang='lat' dir='ltr'><strong>venero,</strong></span> <span class='ocrx_word' id='word_1_269' title='bbox 224 2850 384 2918; x_wconf 90' lang='lat' dir='ltr'><strong>medebor</strong></span> <span class='ocrx_word' id='word_1_270' title='bbox 404 2853 462 2920; x_wconf 90' lang='lat' dir='ltr'><strong>illi.</strong></span> <span class='ocrx_word' id='word_1_271' title='bbox 503 2853 532 2918; x_wconf 84' lang='lat'><strong>8.</strong></span> <span class='ocrx_word' id='word_1_272' title='bbox 553 2855 595 2918; x_wconf 90' lang='lat' dir='ltr'><strong>Et</strong></span> <span class='ocrx_word' id='word_1_273' title='bbox 615 2852 818 2941; x_wconf 90' lang='lat' dir='ltr'><strong>respondens</strong></span> <span class='ocrx_word' id='word_1_274' title='bbox 839 2850 1000 2918; x_wconf 89' lang='lat' dir='ltr'><strong>Centurio</strong></span> <span class='ocrx_word' id='word_1_275' title='bbox 1022 2848 1110 2926; x_wconf 86' lang='lat' dir='ltr'><strong>dixit,</strong></span> <span class='ocrx_word' id='word_1_276' title='bbox 1132 2847 1201 2911; x_wconf 75' lang='lat' dir='ltr'><strong>llo·</strong></span> <span class='ocrx_word' id='word_1_277' title='bbox 1234 2912 1238 2924; x_wconf 22' lang='grc' dir='ltr'><em>Ι</em></span> 
     </span>
     <span class='ocr_line' id='line_1_31' title="bbox 65 2949 1200 3038; baseline -0.009 -18"><span class='ocrx_word' id='word_1_278' title='bbox 65 2960 165 3038; x_wconf 89' lang='lat' dir='ltr'><strong>mine,</strong></span> <span class='ocrx_word' id='word_1_279' title='bbox 196 2976 266 3020; x_wconf 91' lang='lat' dir='ltr'><strong>non</strong></span> <span class='ocrx_word' id='word_1_280' title='bbox 287 2975 356 3018; x_wconf 89' lang='lat' dir='ltr'><strong>sum</strong></span> <span class='ocrx_word' id='word_1_281' title='bbox 378 2953 533 3034; x_wconf 88' lang='lat' dir='ltr'><strong>idoneus,</strong></span> <span class='ocrx_word' id='word_1_282' title='bbox 560 2965 595 3020; x_wconf 91' lang='lat' dir='ltr'><strong>ut</strong></span> <span class='ocrx_word' id='word_1_283' title='bbox 617 2965 733 3020; x_wconf 88' lang='lat' dir='ltr'><strong>tectum</strong></span> <span class='ocrx_word' id='word_1_284' title='bbox 755 2975 859 3019; x_wconf 89' lang='lat' dir='ltr'><strong>meum</strong></span> <span class='ocrx_word' id='word_1_285' title='bbox 881 2949 1015 3016; x_wconf 84' lang='lat' dir='ltr'><strong>subeas:</strong></span> <span class='ocrx_word' id='word_1_286' title='bbox 1045 2951 1111 3014; x_wconf 85' lang='lat' dir='ltr'><strong>imo</strong></span> <span class='ocrx_word' id='word_1_287' title='bbox 1132 2958 1200 3013; x_wconf 90' lang='lat' dir='ltr'><strong>tan-</strong></span> 
     </span>
    </p>
   </div>
   <div class='ocr_carea' id='block_1_8' title="bbox 65 3039 1329 3134">
    <p class='ocr_par' dir='ltr' id='par_1_9' title="bbox 65 3039 1329 3134">
     <span class='ocr_line' id='line_1_32' title="bbox 65 3039 1329 3134; baseline -0.005 -13"><span class='ocrx_word' id='word_1_288' title='bbox 65 3068 127 3121; x_wconf 88' lang='lat' dir='ltr'><strong>tum</strong></span> <span class='ocrx_word' id='word_1_289' title='bbox 151 3055 207 3121; x_wconf 90' lang='lat' dir='ltr'><strong>dic</strong></span> <span class='ocrx_word' id='word_1_290' title='bbox 227 3051 377 3130; x_wconf 86' lang='lat' dir='ltr'><strong>verbum,</strong></span> <span class='ocrx_word' id='word_1_291' title='bbox 399 3065 431 3119; x_wconf 89' lang='lat' dir='ltr'><strong>et</strong></span> <span class='ocrx_word' id='word_1_292' title='bbox 452 3054 619 3120; x_wconf 88' lang='lat' dir='ltr'><strong>sanabitur</strong></span> <span class='ocrx_word' id='word_1_293' title='bbox 639 3054 778 3120; x_wconf 78' lang='lat' dir='ltr'><strong>famulus</strong></span> <span class='ocrx_word' id='word_1_294' title='bbox 798 3073 897 3119; x_wconf 86' lang='lat' dir='ltr'><strong>meus.</strong></span> <span class='ocrx_word' id='word_1_295' title='bbox 939 3039 968 3116; x_wconf 73' lang='lat'><strong>9.</strong></span> <span class='ocrx_word' id='word_1_296' title='bbox 988 3051 1116 3116; x_wconf 86' lang='lat' dir='ltr'><strong>Etenim</strong></span> <span class='ocrx_word' id='word_1_297' title='bbox 1139 3071 1200 3134; x_wconf 78' lang='lat' dir='ltr'><strong>ego</strong></span> <span class='ocrx_word' id='word_1_298' title='bbox 1324 3107 1329 3127; x_wconf 73' lang='grc'>,</span> 
     </span>
    </p>
   </div>
   <div class='ocr_carea' id='block_1_9' title="bbox 65 3149 1273 4234">
    <p class='ocr_par' dir='ltr' id='par_1_10' title="bbox 65 3149 1273 4234">
     <span class='ocr_line' id='line_1_33' title="bbox 65 3149 1268 3242; baseline -0.008 -20"><span class='ocrx_word' id='word_1_299' title='bbox 65 3179 130 3223; x_wconf 88' lang='lat' dir='ltr'><strong>sum</strong></span> <span class='ocrx_word' id='word_1_300' title='bbox 152 3159 253 3223; x_wconf 87' lang='lat' dir='ltr'><strong>bomo</strong></span> <span class='ocrx_word' id='word_1_301' title='bbox 275 3153 407 3219; x_wconf 89' lang='lat' dir='ltr'><strong>alterius</strong></span> <span class='ocrx_word' id='word_1_302' title='bbox 427 3159 577 3242; x_wconf 85' lang='lat' dir='ltr'><strong>potestati</strong></span> <span class='ocrx_word' id='word_1_303' title='bbox 597 3156 760 3235; x_wconf 73' lang='lat' dir='ltr'><strong>subditur,</strong></span> <span class='ocrx_word' id='word_1_304' title='bbox 784 3165 817 3220; x_wconf 91' lang='lat' dir='ltr'><strong>et</strong></span> <span class='ocrx_word' id='word_1_305' title='bbox 836 3152 944 3220; x_wconf 89' lang='lat' dir='ltr'><strong>habco</strong></span> <span class='ocrx_word' id='word_1_306' title='bbox 965 3150 1025 3218; x_wconf 91' lang='lat' dir='ltr'><strong>sub</strong></span> <span class='ocrx_word' id='word_1_307' title='bbox 1047 3175 1098 3216; x_wconf 87' lang='lat' dir='ltr'><strong>me</strong></span> <span class='ocrx_word' id='word_1_308' title='bbox 1119 3149 1202 3215; x_wconf 89' lang='lat' dir='ltr'><strong>mili·</strong></span> <span class='ocrx_word' id='word_1_309' title='bbox 1259 3227 1268 3238; x_wconf 31' lang='grc' dir='ltr'><strong><em>ι</em></strong></span> 
     </span>
     <span class='ocr_line' id='line_1_34' title="bbox 67 3247 1200 3337; baseline -0.006 -15"><span class='ocrx_word' id='word_1_310' title='bbox 67 3271 123 3324; x_wconf 86' lang='lat' dir='ltr'><strong>tes:</strong></span> <span class='ocrx_word' id='word_1_311' title='bbox 153 3269 186 3324; x_wconf 91' lang='lat' dir='ltr'><strong>et</strong></span> <span class='ocrx_word' id='word_1_312' title='bbox 205 3247 282 3322; x_wconf 76' lang='lat' dir='ltr'><strong>‘dico</strong></span> <span class='ocrx_word' id='word_1_313' title='bbox 304 3253 395 3332; x_wconf 91' lang='lat' dir='ltr'><strong>huic,</strong></span> <span class='ocrx_word' id='word_1_314' title='bbox 419 3256 532 3337; x_wconf 87' lang='lat' dir='ltr'><strong>Vade,</strong></span> <span class='ocrx_word' id='word_1_315' title='bbox 559 3267 591 3322; x_wconf 87' lang='lat' dir='ltr'><strong>et</strong></span> <span class='ocrx_word' id='word_1_316' title='bbox 611 3259 713 3324; x_wconf 85' lang='lat' dir='ltr'><strong>vadit:</strong></span> <span class='ocrx_word' id='word_1_317' title='bbox 736 3267 768 3321; x_wconf 92' lang='lat' dir='ltr'><strong>et</strong></span> <span class='ocrx_word' id='word_1_318' title='bbox 790 3257 898 3336; x_wconf 88' lang='lat' dir='ltr'><strong>alteri,</strong></span> <span class='ocrx_word' id='word_1_319' title='bbox 918 3257 1020 3333; x_wconf 86' lang='lat' dir='ltr'><strong>Veni,</strong></span> <span class='ocrx_word' id='word_1_320' title='bbox 1041 3264 1074 3319; x_wconf 87' lang='lat' dir='ltr'><strong>et</strong></span> <span class='ocrx_word' id='word_1_321' title='bbox 1094 3255 1200 3316; x_wconf 79' lang='lat' dir='ltr'><strong>venit:</strong></span> 
     </span>
     <span class='ocr_line' id='line_1_35' title="bbox 68 3355 1200 3442; baseline -0.004 -21"><span class='ocrx_word' id='word_1_322' title='bbox 68 3370 97 3424; x_wconf 91' lang='lat' dir='ltr'><strong>et</strong></span> <span class='ocrx_word' id='word_1_323' title='bbox 114 3381 213 3425; x_wconf 84' lang='lat' dir='ltr'><strong>servo</strong></span> <span class='ocrx_word' id='word_1_324' title='bbox 234 3376 324 3433; x_wconf 87' lang='lat' dir='ltr'><strong>meo,</strong></span> <span class='ocrx_word' id='word_1_325' title='bbox 349 3356 417 3422; x_wconf 84' lang='lat' dir='ltr'><strong>Fac</strong></span> <span class='ocrx_word' id='word_1_326' title='bbox 437 3355 515 3436; x_wconf 89' lang='lat' dir='ltr'><strong>boc,</strong></span> <span class='ocrx_word' id='word_1_327' title='bbox 543 3369 575 3422; x_wconf 91' lang='lat' dir='ltr'><strong>et</strong></span> <span class='ocrx_word' id='word_1_328' title='bbox 594 3357 679 3423; x_wconf 85' lang='lat' dir='ltr'><strong>iacit.</strong></span> <span class='ocrx_word' id='word_1_329' title='bbox 719 3358 769 3424; x_wconf 88' lang='lat'><strong>10.</strong></span> <span class='ocrx_word' id='word_1_330' title='bbox 789 3360 879 3424; x_wconf 84' lang='lat' dir='ltr'><strong>llaec</strong></span> <span class='ocrx_word' id='word_1_331' title='bbox 899 3368 1004 3422; x_wconf 87' lang='lat' dir='ltr'><strong>autem</strong></span> <span class='ocrx_word' id='word_1_332' title='bbox 1022 3375 1122 3442; x_wconf 89' lang='lat' dir='ltr'><strong>quum</strong></span> <span class='ocrx_word' id='word_1_333' title='bbox 1145 3374 1200 3416; x_wconf 88' lang='lat' dir='ltr'><strong>au-</strong></span> 
     </span>
     <span class='ocr_line' id='line_1_36' title="bbox 68 3455 1198 3546; baseline -0.006 -23"><span class='ocrx_word' id='word_1_334' title='bbox 68 3457 163 3526; x_wconf 88' lang='lat' dir='ltr'><strong>disset</strong></span> <span class='ocrx_word' id='word_1_335' title='bbox 176 3461 275 3536; x_wconf 84' lang='lat' dir='ltr'><strong>lesus,</strong></span> <span class='ocrx_word' id='word_1_336' title='bbox 298 3455 473 3522; x_wconf 87' lang='lat' dir='ltr'><strong>admiratus</strong></span> <span class='ocrx_word' id='word_1_337' title='bbox 498 3469 554 3537; x_wconf 89' lang='lat' dir='ltr'><strong>est,</strong></span> <span class='ocrx_word' id='word_1_338' title='bbox 577 3471 610 3525; x_wconf 91' lang='lat' dir='ltr'><strong>ct</strong></span> <span class='ocrx_word' id='word_1_339' title='bbox 630 3461 675 3526; x_wconf 91' lang='lat' dir='ltr'><strong>ait</strong></span> <span class='ocrx_word' id='word_1_340' title='bbox 685 3457 759 3538; x_wconf 90' lang='lat' dir='ltr'><strong>illis,</strong></span> <span class='ocrx_word' id='word_1_341' title='bbox 780 3461 835 3546; x_wconf 92' lang='lat' dir='ltr'><strong>qui</strong></span> <span class='ocrx_word' id='word_1_342' title='bbox 846 3455 1075 3546; x_wconf 85' lang='lat' dir='ltr'><strong>sequebantur,</strong></span> <span class='ocrx_word' id='word_1_343' title='bbox 1095 3455 1198 3519; x_wconf 77' lang='lat' dir='ltr'><strong>Amen</strong></span> 
     </span>
     <span class='ocr_line' id='line_1_37' title="bbox 68 3555 1198 3648; baseline -0.004 -25"><span class='ocrx_word' id='word_1_344' title='bbox 68 3559 139 3626; x_wconf 90' lang='lat' dir='ltr'><strong>dico</strong></span> <span class='ocrx_word' id='word_1_345' title='bbox 160 3557 265 3637; x_wconf 87' lang='lat' dir='ltr'><strong>vobis,</strong></span> <span class='ocrx_word' id='word_1_346' title='bbox 287 3581 329 3625; x_wconf 91' lang='lat' dir='ltr'><strong>ne</strong></span> <span class='ocrx_word' id='word_1_347' title='bbox 350 3563 385 3625; x_wconf 93' lang='lat' dir='ltr'><strong>in</strong></span> <span class='ocrx_word' id='word_1_348' title='bbox 398 3560 496 3626; x_wconf 90' lang='lat' dir='ltr'><strong>lsrael</strong></span> <span class='ocrx_word' id='word_1_349' title='bbox 519 3560 650 3648; x_wconf 87' lang='lat' dir='ltr'><strong>quidem</strong></span> <span class='ocrx_word' id='word_1_350' title='bbox 663 3572 780 3626; x_wconf 88' lang='lat' dir='ltr'><strong>tantam</strong></span> <span class='ocrx_word' id='word_1_351' title='bbox 793 3559 890 3625; x_wconf 85' lang='lat' dir='ltr'><strong>iidem</strong></span> <span class='ocrx_word' id='word_1_352' title='bbox 903 3561 1022 3645; x_wconf 87' lang='lat' dir='ltr'><strong>reperi.</strong></span> <span class='ocrx_word' id='word_1_353' title='bbox 1050 3555 1198 3621; x_wconf 88' lang='lat' dir='ltr'><strong>11.Dico</strong></span> 
     </span>
     <span class='ocr_line' id='line_1_38' title="bbox 67 3653 1201 3747; baseline -0.008 -22"><span class='ocrx_word' id='word_1_354' title='bbox 67 3675 169 3728; x_wconf 83' lang='lat' dir='ltr'><strong>autem</strong></span> <span class='ocrx_word' id='word_1_355' title='bbox 193 3659 302 3740; x_wconf 87' lang='lat' dir='ltr'><strong>vobis,</strong></span> <span class='ocrx_word' id='word_1_356' title='bbox 322 3661 411 3747; x_wconf 81' lang='lat' dir='ltr'><strong>quod</strong></span> <span class='ocrx_word' id='word_1_357' title='bbox 433 3658 524 3726; x_wconf 89' lang='lat' dir='ltr'><strong>multi</strong></span> <span class='ocrx_word' id='word_1_358' title='bbox 546 3659 587 3726; x_wconf 90' lang='lat' dir='ltr'><strong>ab</strong></span> <span class='ocrx_word' id='word_1_359' title='bbox 609 3665 735 3728; x_wconf 86' lang='lat' dir='ltr'><strong>oriente</strong></span> <span class='ocrx_word' id='word_1_360' title='bbox 758 3671 790 3728; x_wconf 91' lang='lat' dir='ltr'><strong>et</strong></span> <span class='ocrx_word' id='word_1_361' title='bbox 810 3659 979 3727; x_wconf 89' lang='lat' dir='ltr'><strong>occidente</strong></span> <span class='ocrx_word' id='word_1_362' title='bbox 1000 3653 1145 3731; x_wconf 82' lang='lat' dir='ltr'><strong>venient,</strong></span> <span class='ocrx_word' id='word_1_363' title='bbox 1167 3662 1201 3717; x_wconf 93' lang='lat' dir='ltr'><strong>et</strong></span> 
     </span>
     <span class='ocr_line' id='line_1_39' title="bbox 68 3752 1273 3844; baseline -0.007 -20"><span class='ocrx_word' id='word_1_364' title='bbox 68 3761 257 3828; x_wconf 84' lang='lat' dir='ltr'><strong>accumbent</strong></span> <span class='ocrx_word' id='word_1_365' title='bbox 283 3785 354 3826; x_wconf 86' lang='lat' dir='ltr'><strong>cum</strong></span> <span class='ocrx_word' id='word_1_366' title='bbox 384 3760 562 3840; x_wconf 87' lang='lat' dir='ltr'><strong>Abrabam,</strong></span> <span class='ocrx_word' id='word_1_367' title='bbox 599 3763 689 3829; x_wconf 85' lang='lat' dir='ltr'><strong>lsaae</strong></span> <span class='ocrx_word' id='word_1_368' title='bbox 715 3773 748 3829; x_wconf 88' lang='lat' dir='ltr'><strong>et</strong></span> <span class='ocrx_word' id='word_1_369' title='bbox 773 3752 872 3829; x_wconf 81' lang='lat' dir='ltr'><strong>iacob</strong></span> <span class='ocrx_word' id='word_1_370' title='bbox 900 3764 933 3826; x_wconf 90' lang='lat' dir='ltr'><strong>in</strong></span> <span class='ocrx_word' id='word_1_371' title='bbox 960 3778 1062 3844; x_wconf 81' lang='lat' dir='ltr'><strong>regno</strong></span> <span class='ocrx_word' id='word_1_372' title='bbox 1089 3752 1200 3818; x_wconf 90' lang='lat' dir='ltr'><strong>coelo·</strong></span> <span class='ocrx_word' id='word_1_373' title='bbox 1267 3775 1273 3780; x_wconf 94' lang='lat'>·</span> 
     </span>
     <span class='ocr_line' id='line_1_40' title="bbox 67 3860 1198 3950; baseline -0.01 -24"><span class='ocrx_word' id='word_1_374' title='bbox 67 3883 147 3928; x_wconf 85' lang='lat' dir='ltr'><strong>run:</strong></span> <span class='ocrx_word' id='word_1_375' title='bbox 192 3863 242 3928; x_wconf 72' lang='lat'><strong>12.</strong></span> <span class='ocrx_word' id='word_1_376' title='bbox 272 3861 350 3928; x_wconf 84' lang='lat' dir='ltr'><strong>Filii</strong></span> <span class='ocrx_word' id='word_1_377' title='bbox 376 3883 456 3930; x_wconf 80' lang='lat' dir='ltr'><strong>vero</strong></span> <span class='ocrx_word' id='word_1_378' title='bbox 485 3865 577 3950; x_wconf 79' lang='lat' dir='ltr'><strong>regni</strong></span> <span class='ocrx_word' id='word_1_379' title='bbox 604 3867 774 3932; x_wconf 89' lang='lat' dir='ltr'><strong>eiicientur</strong></span> <span class='ocrx_word' id='word_1_380' title='bbox 799 3867 842 3930; x_wconf 63' lang='lat' dir='ltr'><strong>in⁴</strong></span> <span class='ocrx_word' id='word_1_381' title='bbox 859 3860 1011 3927; x_wconf 86' lang='lat' dir='ltr'><strong>tenebras</strong></span> <span class='ocrx_word' id='word_1_382' title='bbox 1038 3861 1198 3921; x_wconf 81' lang='lat' dir='ltr'><strong>externas:</strong></span> 
     </span>
     <span class='ocr_line' id='line_1_41' title="bbox 66 3956 1208 4056; baseline -0.006 -30"><span class='ocrx_word' id='word_1_383' title='bbox 66 3962 132 4029; x_wconf 89' lang='lat' dir='ltr'><strong>illic</strong></span> <span class='ocrx_word' id='word_1_384' title='bbox 159 3968 222 4032; x_wconf 89' lang='lat' dir='ltr'><strong>erit</strong></span> <span class='ocrx_word' id='word_1_385' title='bbox 248 3963 344 4030; x_wconf 85' lang='lat' dir='ltr'><strong>fletus</strong></span> <span class='ocrx_word' id='word_1_386' title='bbox 365 3974 397 4030; x_wconf 89' lang='lat' dir='ltr'><strong>et</strong></span> <span class='ocrx_word' id='word_1_387' title='bbox 417 3965 538 4031; x_wconf 89' lang='lat' dir='ltr'><strong>stridor</strong></span> <span class='ocrx_word' id='word_1_388' title='bbox 558 3963 710 4056; x_wconf 78' lang='lat' dir='ltr'><strong>dentium.</strong></span> <span class='ocrx_word' id='word_1_389' title='bbox 754 3967 803 4032; x_wconf 86' lang='lat'><strong>13.</strong></span> <span class='ocrx_word' id='word_1_390' title='bbox 835 3965 877 4028; x_wconf 78' lang='lat' dir='ltr'><strong>Et</strong></span> <span class='ocrx_word' id='word_1_391' title='bbox 898 3963 978 4027; x_wconf 85' lang='lat' dir='ltr'><strong>dixit</strong></span> <span class='ocrx_word' id='word_1_392' title='bbox 998 3961 1087 4033; x_wconf 86' lang='lat' dir='ltr'><strong>Iesus</strong></span> <span class='ocrx_word' id='word_1_393' title='bbox 1109 3956 1208 4034; x_wconf 44' lang='lat' dir='ltr'><strong>cens</strong></span> 
     </span>
     <span class='ocr_line' id='line_1_42' title="bbox 68 4059 1198 4153; baseline -0.005 -26"><span class='ocrx_word' id='word_1_394' title='bbox 68 4068 193 4146; x_wconf 86' lang='lat' dir='ltr'><strong>turioni,</strong></span> <span class='ocrx_word' id='word_1_395' title='bbox 217 4061 292 4144; x_wconf 82' lang='lat' dir='ltr'><strong>Abi,</strong></span> <span class='ocrx_word' id='word_1_396' title='bbox 313 4077 348 4131; x_wconf 81' lang='lat' dir='ltr'><strong>et</strong></span> <span class='ocrx_word' id='word_1_397' title='bbox 368 4064 640 4153; x_wconf 87' lang='lat' dir='ltr'><strong>quemadmodum</strong></span> <span class='ocrx_word' id='word_1_398' title='bbox 654 4067 775 4146; x_wconf 80' lang='lat' dir='ltr'><strong>credis,</strong></span> <span class='ocrx_word' id='word_1_399' title='bbox 795 4071 840 4134; x_wconf 87' lang='lat' dir='ltr'><strong>ita</strong></span> <span class='ocrx_word' id='word_1_400' title='bbox 861 4059 1005 4130; x_wconf 83' lang='lat' dir='ltr'><strong>battibi:</strong></span> <span class='ocrx_word' id='word_1_401' title='bbox 1027 4067 1198 4125; x_wconf 85' lang='lat' dir='ltr'><strong>etsanatus</strong></span> 
     </span>
     <span class='ocr_line' id='line_1_43' title="bbox 69 4163 607 4234; baseline 0.002 -4"><span class='ocrx_word' id='word_1_402' title='bbox 69 4175 113 4230; x_wconf 84' lang='lat' dir='ltr'><strong>est</strong></span> <span class='ocrx_word' id='word_1_403' title='bbox 131 4165 271 4232; x_wconf 82' lang='lat' dir='ltr'><strong>famulus</strong></span> <span class='ocrx_word' id='word_1_404' title='bbox 294 4168 417 4234; x_wconf 59' lang='lat' dir='ltr'><strong>eiusiin</strong></span> <span class='ocrx_word' id='word_1_405' title='bbox 439 4169 518 4234; x_wconf 89' lang='lat' dir='ltr'><strong>bora</strong></span> <span class='ocrx_word' id='word_1_406' title='bbox 541 4163 607 4231; x_wconf 88' lang='lat' dir='ltr'><strong>illa.</strong></span> 
     </span>
    </p>
   </div>
   <div class='ocr_carea' id='block_1_10' title="bbox 69 4267 1202 4489">
    <p class='ocr_par' dir='ltr' id='par_1_11' title="bbox 69 4267 1202 4489">
     <span class='ocr_line' id='line_1_44' title="bbox 147 4267 1201 4388; baseline -0.002 -22"><span class='ocrx_word' id='word_1_407' title='bbox 147 4298 250 4366; x_wconf 88' lang='lat' dir='ltr'><strong>LUC.</strong></span> <span class='ocrx_word' id='word_1_408' title='bbox 270 4299 342 4366; x_wconf 85' lang='lat' dir='ltr'><strong>Vll.</strong></span> <span class='ocrx_word' id='word_1_409' title='bbox 383 4301 411 4364; x_wconf 91' lang='lat'><strong>1.</strong></span> <span class='ocrx_word' id='word_1_410' title='bbox 441 4302 551 4388; x_wconf 81' lang='lat' dir='ltr'><strong>Quum</strong></span> <span class='ocrx_word' id='word_1_411' title='bbox 574 4311 679 4366; x_wconf 87' lang='lat' dir='ltr'><strong>autem</strong></span> <span class='ocrx_word' id='word_1_412' title='bbox 702 4294 951 4368; x_wconf 79' lang='lat' dir='ltr'><strong>cunsrrmmasset</strong></span> <span class='ocrx_word' id='word_1_413' title='bbox 973 4301 1079 4366; x_wconf 88' lang='lat' dir='ltr'><strong>omnia</strong></span> <span class='ocrx_word' id='word_1_414' title='bbox 1099 4267 1201 4381; x_wconf 75' lang='lat' dir='ltr'><strong>verba</strong></span> 
     </span>
     <span class='ocr_line' id='line_1_45' title="bbox 69 4400 1202 4489; baseline 0.001 -27"><span class='ocrx_word' id='word_1_415' title='bbox 69 4417 124 4465; x_wconf 89' lang='lat' dir='ltr'><strong>sua</strong></span> <span class='ocrx_word' id='word_1_416' title='bbox 149 4400 304 4472; x_wconf 83' lang='lat' dir='ltr'><strong>audiente</strong></span> <span class='ocrx_word' id='word_1_417' title='bbox 328 4400 468 4488; x_wconf 85' lang='lat' dir='ltr'><strong>populo,</strong></span> <span class='ocrx_word' id='word_1_418' title='bbox 500 4403 633 4469; x_wconf 80' lang='lat' dir='ltr'><strong>intravit</strong></span> <span class='ocrx_word' id='word_1_419' title='bbox 658 4401 874 4489; x_wconf 86' lang='lat' dir='ltr'><strong>Capcrnaum.</strong></span> <span class='ocrx_word' id='word_1_420' title='bbox 929 4403 957 4468; x_wconf 78' lang='lat'><em>2</em></span> <span class='ocrx_word' id='word_1_421' title='bbox 991 4403 1202 4470; x_wconf 80' lang='lat' dir='ltr'><strong>Centririouis</strong></span> 
     </span>
    </p>
   </div>
   <div class='ocr_carea' id='block_1_11' title="bbox 911 4595 929 4646">
    <p class='ocr_par' dir='ltr' id='par_1_12' title="bbox 911 4595 929 4646">
     <span class='ocr_line' id='line_1_46' title="bbox 911 4595 929 4646; baseline 0 0"><span class='ocrx_word' id='word_1_422' title='bbox 911 4595 929 4646; x_wconf 73' lang='lat' dir='ltr'><strong>b</strong></span> 
     </span>
    </p>
   </div>
   <div class='ocr_carea' id='block_1_12' title="bbox 0 0 1400 4838">
    <p class='ocr_par' dir='ltr' id='par_1_13' title="bbox 0 0 1400 4838">
     <span class='ocr_line' id='line_1_47' title="bbox 0 0 1400 4838; baseline 0 1"><span class='ocrx_word' id='word_1_423' title='bbox 0 0 1400 4838; x_wconf 95' lang='lat' dir='ltr'><strong> </strong></span> 
     </span>
    </p>
   </div>
   <div class='ocr_carea' id='block_1_13' title="bbox 736 4736 826 4780">
    <p class='ocr_par' dir='ltr' id='par_1_14' title="bbox 736 4736 826 4780">
     <span class='ocr_line' id='line_1_48' title="bbox 736 4736 826 4780; baseline 0 0"><span class='ocrx_word' id='word_1_424' title='bbox 736 4757 737 4762; x_wconf 58' lang='lat'>=</span> <span class='ocrx_word' id='word_1_425' title='bbox 820 4736 826 4780; x_wconf 92' lang='lat' dir='ltr'><strong>l</strong></span> 
     </span>
    </p>
   </div>
  </div>
 </body>
</html>
