2766 4840
354 227 436 306 (197.
480 221 721 296 Sacrae'coenae
739 222 912 304 institutio.)
1156 234 1219 295 313

61 379 288 440 munitatiouetn
308 375 588 458 corporiseChristi,
606 373 713 438 deiude
732 373 770 434 ab
790 395 893 436 eorum
913 374 1055 457 figmento
1074 376 1218 444 abhorret

59 459 118 548 ipsa
136 467 240 516 natura
257 455 450 528 sacramenti,
470 453 517 513 eui
537 473 600 513 uon
619 417 767 512 constabit
784 473 835 512 ιιι
853 452 1018 589 integritas,
1037 453 1094 514 nisi
1112 477 1216 519 verum,

59 547 94 592 sit
118 545 267 592 externum
291 530 465 606 symbolum.
503 529 592 589 Unde
613 529 691 590 enim
712 529 871 604 discemus,
896 529 921 592 C
944 529 1006 588 nsti
1026 551 1114 592 carne
1134 536 1214 613 pasci

60 610 164 670 animas
184 621 314 680 nostras,
335 608 359 670 si
377 627 463 669 verus
482 606 566 686 panis
586 626 647 666 non
668 603 811 666 s'tatuatur
829 605 917 666 nobis
936 617 1005 665 ante
1025 607 1142 683 oculos,
1161 611 1214 672 sed

59 687 142 746 inane
161 686 327 778 spectrum?
364 683 412 745 Ad
438 685 511 743 haee
531 682 602 762 quid
622 683 659 743 de
679 681 773 743 altero
793 681 928 764 symbolo
949 682 1068 743 dicent?
1104 685 1214 766 Neque

60 763 134 822 enini
155 763 227 822 dicit
239 761 386 835 Christus,
405 761 473 820 Hoc
493 769 537 822 est
555 758 672 840 sanguis
691 779 784 834 meus,
803 756 920 820 sedhic
937 774 978 820 est
995 760 1088 822 culix.
1127 765 1212 846 Ergo

57 841 213 900 secundum
233 853 302 913 eos,
327 858 389 898 non
414 825 505 896 modb
529 835 647 909 vinum,
668 836 721 896 sed
746 836 914 911 materiam,
938 856 972 896 ex
992 857 1051 916 qua
1068 841 1213 902 conflatus
1277 871 1284 886 ³

57 917 111 976 erit
135 916 224 990 calix,
248 935 369 977 necesse
394 913 452 976 erit
474 909 743 974 transsubstantiari
769 912 800 972 in
824 913 1005 995 sanguinem.
1043 916 1105 978 lain
1131 919 1213 997 quod

60 992 135 1072 apud
154 991 335 1054 matthaeum
354 990 495 1064 babetur,
518 1011 578 1050 nois
596 987 691 1048 bibam
709 987 745 1049 de
761 985 816 1050 hoc
825 991 936 1071 finus
953 993 1033 1064 oi'ti'a,
1058 993 1136 1064 clare
1156 995 1212 1055 de-

56 1081 199 1129 monstrat
216 1070 316 1130 vinum
336 1068 450 1140 luisse,'
465 1067 546 1148 quod
570 1065 732 1126 bibendum
751 1067 891 1146 porrexit.
928 1068 1011 1150 Ergo
1031 1070 1137 1131 modis
1147 1092 1211 1132 oiu-

56 1147 138 1206 nibus
150 1157 252 1226 aperte
264 1145 409 1206 refellitur
419 1143 603 1235 Papistaruin
620 1141 743 1203 inscitia.
783 1141 860 1203 Sunt
878 1155 975 1204 autem
995 1143 1045 1204 alii
1065 1146 1115 1228 qui
1134 1147 1211 1228 fign-
1308 1173 1311 1190 ·

56 1242 114 1281 ram
132 1223 307 1303 repudiant,
332 1233 362 1282 et
389 1241 471 1301 quasi
497 1219 662 1301 phrenetici
686 1217 809 1280 eandem
828 1241 897 1280 mox
915 1221 1078 1300 recipiunt.
1111 1223 1213 1299 Panis,

56 1299 211 1360 secundum
233 1319 296 1371 eos,
315 1317 385 1360 vere
404 1307 435 1357 et
453 1296 577 1377 proprie
597 1305 641 1355 est
660 1315 780 1375 eorpus:
805 1317 903 1376 neque
927 1297 1006 1357 enim
1032 1298 1089 1360 illis
1113 1299 1213 1379 placet

56 1375 352 1450 transsubstantiatio,
369 1373 456 1436 sicuti
475 1372 600 1434 rationis
619 1372 722 1432 colore
742 1391 862 1453 prorsus
881 1386 970 1452 caret.
1008 1374 1071 1434 Sed
1081 1378 1148 1436 dum
1160 1398 1212 1438 ro-

55 1465 168 1531 gantur,
188 1473 226 1514 an
248 1451 381 1512 Christus
402 1450 440 1510 sit
459 1450 542 1530 panis
563 1459 594 1509 et
611 1449 723 1526 vinum,
740 1449 924 1541 respondent
941 1471 1048 1530 panem
1066 1452 1137 1514 ideo
1156 1474 1212 1515 vo-

57 1529 113 1586 cari
133 1550 186 1591 cor
209 1551 253 1603 iis,
272 1528 340 1608 quia
361 1528 419 1588 hnc
438 1528 492 1587 sub
513 1526 565 1587 illo
586 1537 616 1587 et
636 1547 701 1588 cum
721 1525 775 1587 illo
794 1545 826 1586 ιιι
847 1524 950 1588 Coena
969 1527 1118 1608 recipitur.
1156 1531 1213 1591 iti.

54 1605 103 1682 qui
128 1627 163 1665 ex
187 1550 250 1666 boc
273 1623 419 1685 responso
444 1603 551 1664 elicere
577 1615 746 1683 promptum
773 1615 832 1679 est,
860 1603 1025 1694 improprie
1046 1606 1085 1666 ad
1105 1609 1211 1687 panem

54 1682 205 1744 transferri
225 1701 335 1742 nomen
355 1680 505 1763 corporis,
530 1679 611 1740 euius
631 1691 675 1740 est
693 1679 818 1762 signum.
856 1683 901 1740 Ac
920 1703 1025 1742 mirum
1046 1692 1100 1758 est,
1120 1704 1212 1763 quum

54 1757 99 1817 isti
124 1759 259 1820 homines
282 1758 408 1819 subinde
432 1757 464 1816 iu
489 1777 542 1818 ore
568 1755 713 1833 babeatit,
737 1756 886 1819 Christum
912 1757 952 1817 ita
972 1757 1127 1839 loquutum
1147 1781 1212 1822 esse

52 1833 167 1896 unionis
179 1833 396 1896 sacramentalis
405 1829 552 1926 res'pectu,
572 1854 625 1898 eos
641 1853 704 1893 nou
719 1833 871 1894 attendere
884 1835 963 1915 quod
975 1835 1085 1899 dicunt.
1126 1836 1211 1928 Qua-

51 1908 85 1970 lis
105 1911 182 1971 enim
204 1925 248 1972 est
266 1911 482 1974 sacramentalis
502 1931 572 1970 unio
592 1909 636 1971 rei
655 1922 687 1971 et
704 1910 802 1992 signi?
828 1933 865 1971 aii
892 1933 955 1971 non
975 1912 1044 1994 quia
1062 1913 1210 1975 Dominus

53 2006 155 2048 arcana
175 1989 294 2069 spiritus
313 1987 358 2049 sui
377 1989 486 2048 virtute
505 1987 543 2046 im
567 1987 617 2062 let,
638 1986 720 2066 quod
738 1987 901 2068 promittit?
928 1989 1010 2080 Ergo
1031 2009 1094 2048 nou
1113 1991 1210 2052 minus
1309 2037 1313 2048 .

540 2009 643 2124 literae
661 2065 794 2147 magistri
814 2065 1065 2157 quam'Papistae..
1097 2066 1210 2128 llacte-

52 2062 165 2124 ridiciili
186 2078 255 2125 sunt
274 2065 321 2125 isti
341 2063 520 2145 posteriores

51 2160 102 2200 nus
128 2162 144 2201 a
169 2162 216 2202 me
242 2153 359 2202 ostensa
383 2141 439 2201 suit
462 2140 585 2220 simplex
607 2141 767 2201 verborum
791 2141 915 2201 Domini
941 2153 1102 2221 expositio:
1129 2163 1210 2204 nunc

49 2235 119 2278 vero
139 2218 306 2278 addendum
327 2228 387 2292 est,
411 2237 473 2276 non
492 2235 616 2276 vacuum
635 2235 693 2274 nec
712 2216 801 2276 inane
821 2217 938 2297 signum
959 2216 1046 2276 nobis
1065 2220 1209 2306 proponi,

47 2294 99 2352 sed
117 2314 188 2354 vere
208 2294 303 2354 carnis
323 2303 354 2353 et
373 2292 521 2372 sanguinis
541 2290 606 2349 lieri
622 2290 798 2424 participes,
819 2293 874 2426 qui
899 2291 958 2351 fide
983 2295 1209 2373 promissionem

48 2369 304 2447 banerecipiunt.
342 2369 462 2426 Frustra
488 2367 566 2426 enini
591 2365 620 2424 iu
644 2377 709 2426 eret
730 2386 800 2426 suos
851 2368 965 2428 ominus
983 2388 1089 2448 panem
1110 2370 1211 2448 edere,

47 2464 156 2522 corpus
176 2464 259 2503 suuni
279 2463 341 2504 esse
360 2443 518 2517 affirmans,
531 2441 593 2502 misi
613 2441 738 2502 effecius
758 2463 828 2503 uere
848 2444 884 2504 ad
903 2443 1026 2525 liguram
1044 2447 1208 2508 accederet.

46 2521 111 2579 Nec
131 2539 203 2582 vero
222 2520 301 2579 inter
319 2539 376 2580 nos
395 2519 522 2600 agitatur
541 2520 614 2579 haee
634 2519 780 2597 quaestio,
798 2539 908 2580 verene
928 2539 966 2579 aii
984 2531 1098 2581 tantuin
1132 2523 1139 2537 '
1163 2524 1210 2584 ni-

46 2595 163 2656 ficative
188 2616 220 2656 se
244 2597 254 2656 i
276 2616 338 2656 siim
365 2595 499 2658 Christus
524 2595 555 2656 in
580 2613 674 2656 coena
701 2594 788 2658 nobis
813 2595 969 2658 fruendum
989 2596 1106 2660 offerat.
1159 2601 1210 2662 'tsi

46 2673 126 2732 enim
146 2673 222 2732 nihil
241 2617 302 2733 ilie
322 2683 440 2766 praeter
458 2675 565 2752 panem
585 2670 747 2746 cerularius,
769 2691 832 2732 iioii
856 2685 957 2734 tamen
977 2672 1132 2735 frustratur
1151 2697 1208 2738 nos

45 2749 92 2808 vel
113 2749 198 2823 ludit,
218 2751 268 2830 qui
290 2769 398 2811 animas
418 2760 531 2810 nostras
551 2747 626 2809 susci
649 2747 673 2809 it
686 2759 776 2816 carne
794 2770 845 2811 sua
858 2749 984 2810 alendas.
1023 2751 1102 2812 Vera
1116 2752 1209 2834 igitur

16 2845 17 2854 ¹
47 2845 109 2886 non
129 2827 216 2910 signo
237 2837 350 2888 tantum
369 2837 567 2902 monstratur,
589 2768 647 2886 sei
666 2846 700 2885 re
719 2825 781 2905 ipsa
801 2846 921 2907 quoque
940 2826 1094 2888 exhibetur
1113 2828 1210 2890 carnis
1235 2855 1238 2861 ’

49 2899 158 2963 Christi
178 2903 374 2964 manducatio.
414 2902 474 2963 Sed
495 2903 542 2962 bic
559 2901 616 2962 tria
637 2901 795 2964 observare
815 2923 924 2984 operae
945 2903 1071 2982 pretium
1091 2916 1149 2966 est:
1169 2927 1210 2966 ne

50 2997 205 3066 perperam
226 2989 272 3041 res
293 2979 451 3061 spiritualis
471 3000 536 3040 cuin
555 2979 642 3061 signo
661 2980 830 3042 misceatur:
856 2979 973 3056 deiude,
992 3001 1032 3041 ne
1052 2993 1210 3061 quaeratur

49 3075 77 3112 in
96 3067 175 3116 terra
197 3055 342 3132 Christum,
361 3056 409 3116 vel
428 3056 482 3116 sub
501 3055 814 3118 terreniselementis:
833 3057 934 3130 tertio,
954 3077 992 3117 ne
1005 3058 1133 3140 fingatur
1151 3059 1208 3120 alia
1246 3075 1260 3092 ‘

48 3133 252 3209 manducatio,
298 3153 364 3192 uani
385 3153 461 3213 quae
479 3153 586 3194 areana
606 3131 627 3192 S
651 3133 734 3194 iritus
753 3135 860 3194 virtute
882 3133 993 3194 Christi
1011 3135 1101 3196 vitani
1119 3135 1209 3198 nobis

47 3205 184 3297 inspirat,
205 3153 296 3290 ‚quod
315 3209 410 3290 ipsum
436 3229 499 3270 non
518 3209 575 3270 nisi
593 3153 649 3268 sol

48 3281 121 3362 dixi)
144 3297 263 3347 maneat
286 3286 499 3370 intersignum
523 3297 555 3344 et
572 3307 635 3344 rem
654 3285 798 3368 signatam
818 3286 985 3361 distinctio,
1008 3289 1065 3348 uisi
1084 3289 1208 3352 veliiuiis

48 3361 143 3420 omnis
156 3375 337 3443 pervertere.
374 3365 480 3442 Neque
500 3363 578 3422 enim
597 3361 657 3422 ulla
677 3361 801 3423 restabit
818 3363 993 3424 sacramenti
1011 3365 1133 3441 utilitas,
1149 3367 1207 3428 uisi

48 3453 101 3496 nos
125 3458 182 3518 pro
207 3439 341 3500 ruditatis
366 3451 485 3500 nostrae
511 3450 600 3519 captu
619 3460 636 3500 a
659 3439 772 3500 terreni
793 3439 931 3500 elementi
950 3440 1058 3502 intuitu
1077 3443 1114 3503 ad
1133 3463 1206 3518 eoe-

48 3507 118 3572 leste
137 3516 307 3597 mysterium
333 3516 466 3577 deducat.
506 3515 638 3580 Proinde
664 3515 794 3596 quisquis
818 3537 926 3608 eorpus
951 3515 1062 3578 Christi
1086 3537 1102 3578 a
1128 3539 1206 3598 pane

48 3605 108 3646 iion
133 3592 296 3669 discernet,
321 3603 353 3653 et
371 3592 544 3675 sanguinem
562 3611 580 3650 a
599 3593 685 3666 vino,
709 3614 859 3674 nunquam
878 3592 973 3654 intelli
1014 3606 1027 3655 t
1044 3595 1116 3674 quid
1135 3595 1208 3659 velit

48 3655 166 3743 Coena,
195 3668 244 3730 vel
273 3689 412 3748 quorsum
445 3669 488 3730 bis
545 3667 651 3730 mbolis
676 3679 797 3730 utantur
821 3669 931 3730 fideles.
1003 3681 1127 3749 equatur
1153 3672 1212 3742 de.x

47 3735 114 3801 inde
132 3743 280 3828 legitimus
306 3741 357 3806 ille
402 3766 512 3806 uaeren
533 3745 542 3804 i
563 3742 674 3806 Christi
699 3747 819 3821 modus,
845 3747 901 3808 hoc
922 3759 981 3822 est,
1005 3767 1044 3806 ne
1070 3747 1101 3805 in
1126 3758 1207 3812 terra

47 3829 158 3902 mentes
171 3835 291 3885 nostrae
306 3767 468 3896 subsiluit,
487 3823 539 3883 sed
557 3843 670 3882 sursum
689 3825 890 3884 conscendant
908 3823 944 3882 ad
965 3823 1124 3884 coelestem
1159 3823 1206 3884 lo-

46 3909 117 3978 riam
145 3897 174 3955 in
202 3919 259 3979 qua
284 3899 405 3960 habitat.
443 3901 549 3978 Neque
575 3898 654 3958 enim
683 3897 793 3960 Christi
819 3919 926 3979 corpus
949 3899 1113 3978 incorrup'
1138 3901 1206 3962 'eiu

48 3979 135 4032 eitam
154 3973 261 4051 induit,
279 3987 455 4036 utnaturam
471 3996 551 4036 suam
563 3974 720 4038 obiiceret:
739 3976 818 4036 unde
838 3976 980 4055 sequitur,
999 3975 1112 4037 finitum
1133 3997 1205 4038 esse.

47 4040 107 4103 Iani
126 4067 198 4111 vero
218 4073 306 4134 supra
326 4051 428 4114 coelos
448 4051 590 4126 ascendit,
608 4072 648 4113 ιιι
665 4073 722 4132 qua
734 4073 793 4114 iios
810 4051 840 4111 in
852 4053 979 4114 terrenis
995 4072 1089 4112 crassa
1100 4053 1206 4138 imagi-

48 4121 129 4183 natio
149 4142 284 4210 occupet.
323 4131 363 4190 Et
381 4148 451 4189 saue
471 4127 495 4187 si
513 4129 684 4208 mysterium
705 4130 762 4190 hoc
782 4127 912 4188 coeleste
937 4140 992 4202 est,
1020 4128 1094 4190 nihil
1113 4133 1206 4214 magis
1267 4185 1272 4196 ,

48 4211 268 4284 praeposterum
296 4225 383 4286 quam
404 4203 553 4266 Christum
578 4204 742 4271 interram
761 4204 925 4280 deducere,
948 4205 1004 4286 qui.
1019 4225 1076 4268 nos
1092 4229 1206 4269 sursum

48 4273 145 4344 potius
173 4281 209 4339 ad
233 4303 265 4344 se
290 4294 385 4344 vocat.
430 4281 573 4340 Ultimum
600 4283 680 4372 quod
705 4281 868 4341 notandum
891 4303 956 4344 esse
979 4282 1136 4360 admonui,
1162 4297 1208 4344 est

48 4352 279 4422 manducationis
298 4379 401 4442 genus.
438 4357 545 4442 Neque
564 4378 643 4420 euim
661 4355 867 4420 somniandum
887 4372 942 4440 est,
961 4361 1123 4426 naturalem
1138 4362 1207 4426 fieri

640 3210 734 3270 afide
755 3209 970 3290 consequimur.
1008 3210 1139 3273 Primum
1159 3216 1208 3293 (ut
1320 3277 1324 3291 ,
