2764 4854
167 221 227 310 adq
397 211 512 276 SEC‘l'.
533 212 613 274 xtx.
653 157 785 274 cunism
805 174 921 274 nassto
944 228 986 274 ιι
1005 227 1104 316 noas.

169 368 266 432 ctrina
290 365 434 432 resonat?
472 367 578 447 Neque
597 387 659 426 uno
680 377 793 426 tantum
814 367 862 427 die
878 377 992 434 mentes
1004 379 1118 428 nostras
1133 379 1265 448 occupat
1279 381 1334 430 tani

169 447 273 508 brutus
292 457 406 524 stupor,
425 442 477 504 sed
496 453 655 523 perpetuus
676 456 734 520 est,
760 444 857 504 donec
876 465 931 504 suo
952 465 1007 504 uos
1034 457 1154 524 aspecto
1182 445 1336 526 dignetur,

66 576 69 588 ,
134 549 136 562 =
170 523 222 605 qui
241 519 321 584 solcas
340 521 430 580 corda
451 521 610 594 hominum¹
623 521 791 583 convertite
816 522 928 580 Notare
949 533 1046 582 tamen
1069 543 1182 602 operae
1207 523 1334 601 pretium

171 612 226 675 est,
245 621 308 659 non
329 597 417 658 fuisse
437 595 587 678 vulgarem
607 597 745 658 intuitum
764 597 848 676 (quia
868 598 972 656 Iudam
992 598 1267 690 priusrespexerat,
1286 602 1334 679 qui

46 692 54 708 '
171 689 272 738 tamen
292 673 387 735 nihilo
407 675 477 735 inde
495 675 626 735 redditus
647 675 744 734 luerat
761 674 894 750 melior),
913 675 965 736 sed
985 676 1016 734 in
1036 675 1227 754 respiciendo
1245 677 1334 736 Petro

170 751 264 815 oculis
282 751 341 814 suis
360 751 522 812 adiunxisse
542 763 677 812 atcauam
690 751 816 831 Spiritus
837 751 1009 826 efficaciam,
1029 763 1119 832 atque
1130 753 1209 812 adeo
1220 754 1332 832 gratiae

171 850 241 890 suae
266 828 355 889 radiis
380 828 411 888 in
431 849 484 890 cor
504 826 565 890 eius
585 840 763 908 penetrasse.
804 828 906 903 Quare
931 829 1070 903 sciamus,
1095 829 1215 908 quoties
1243 830 1336 910 lapsus

170 903 355 986 luerit-quis
378 905 450 980 iam,
480 904 507 965 ei
533 926 595 966 non
627 925 689 965 esse
719 904 921 996 poenitentiae
948 905 1064 966 initium
1097 907 1153 966 nisi
1175 917 1202 965 a·
1213 906 1337 966 Domini

170 994 300 1063 aspectu.
370 983 436 1043 tarr
452 1003 561 1042 amere.
599 979 767 1045 Verisimile
787 993 832 1042 est
851 981 972 1042 Petrum
991 997 1072 1042 metu
1091 1003 1246 1066 egressum
1269 1005 1338 1054 esse,

193 1059 240 1119 uia
259 1059 333 1120 llere
353 1080 453 1122 coram
472 1057 595 1118 testibus
615 1079 677 1120 non
698 1055 839 1120 audebat:
860 1058 891 1116 in
912 1079 972 1138 qno
992 1081 1023 1119 se
1043 1059 1255 1120 rursusadlauc
1270 1081 1336 1139 pro-

170 1081 245 1196 didit
272 1135 335 1198 eius
359 1137 520 1200 inlirmitas.
559 1133 649 1196 Unde
674 1134 857 1216 colligimus,
888 1156 950 1196 non
984 1135 1189 1196 satisfactione
1220 1137 1336 1196 veniam

170 1213 260 1275 titisse
280 1213 490 1292 promeritum',
509 1213 561 1274 sed
582 1232 647 1274 eam
666 1212 804 1291 adeptum
824 1223 946 1292 paterna
966 1213 1024 1272 Dei
1044 1213 1243 1294 indulgentia.
1282 1215 1336 1272 At-

170 1310 230 1370 que
257 1289 314 1350 toc
338 1290 474 1370 exemplo
500 1290 658 1366 docemur,
683 1288 815 1368 quamvis
842 1288 986 1349 claudicet
1010 1301 1112 1350 nostra
1140 1289 1337 1380 poenitentia,

171 1367 250 1428 bene
270 1377 369 1428 tamen
388 1367 564 1446 sperandum
585 1357 662 1428 etse:
683 1365 750 1446 quia
769 1385 808 1424 ne
820 1364 948 1426 debilem
962 1365 1080 1444 quidem
1092 1365 1337 1444 resipiscentiam,

170 1443 263 1504 modo
282 1443 398 1506 sincera
417 1443 464 1519 sit,
482 1442 766 1525 Deusaspernatur.
805 1441 929 1510 Interim
950 1442 1084 1502 occultae
1101 1443 1186 1504 Petri
1201 1443 1337 1504 lacrimae

169 1541 271 1582 veram
291 1521 354 1582 eius
373 1541 473 1582 coram
492 1519 562 1581 Deo
583 1531 614 1580 et
632 1519 745 1601 angelis
764 1518 978 1599 poenitentiam
1000 1529 1123 1580 testatae
1143 1531 1227 1580 sunt.
1267 1522 1336 1580 Nam

170 1598 208 1660 ab
229 1597 382 1658 hominum
404 1597 496 1660 oeulis
516 1596 674 1658 subductos
693 1596 792 1656 Deum
811 1594 869 1656 sibi
890 1607 920 1654 ct
938 1595 1061 1678 angelos
1071 1596 1237 1676 proponit:
1258 1597 1334 1656 ideo-

170 1695 230 1756 que
250 1695 284 1734 ex
303 1674 408 1754 intimo
428 1674 525 1734 cordis
544 1673 656 1734 ellectu
674 1675 795 1734 manant
813 1671 885 1732 istae
902 1671 1047 1732 lacrimae.
1079 1672 1177 1748 Quod
1195 1672 1265 1734 ideo
1283 1695 1333 1732 uo-

171 1751 293 1812 tandum
315 1762 369 1823 est,
388 1750 458 1829 quia
476 1751 607 1812 videmus
627 1771 675 1810 eas
689 1749 813 1809 amnltis
834 1750 915 1830 large
927 1749 1078 1828 profundi,
1100 1771 1191 1830 quam
1213 1751 1264 1812 diu
1273 1771 1334 1839 spe-

171 1839 299 1901 etantur,
319 1825 425 1906 quibus
444 1827 476 1886 in
496 1847 612 1888 secessu
632 1825 711 1888 oculi
736 1847 804 1886 mox
829 1837 974 1886 arescunt.
1012 1825 1112 1888 Porro
1133 1849 1201 1888 non
1222 1827 1335 1886 dulsmm

171 1916 232 1977 est,
252 1903 323 1982 quin
343 1903 487 1979 lacrimas,
507 1923 582 1982 quae
598 1901 657 1962 Dei
677 1903 788 1964 iudicio
808 1900 907 1962 nullae
928 1901 1142 1981 exprimuntur,
1165 1903 1265 1964 eliciat
1278 1926 1333 1962 am-

171 1979 248 2040 bitio
269 1989 299 2040 et
317 1979 357 2060 hy
380 1979 490 2040 occisis.
530 1979 692 2054 Quaeritur
711 1990 824 2056 minen,
844 2000 882 2040 an
900 1979 1003 2039 fletum
1023 1981 1164 2059 requirat
1184 2002 1253 2041 vera
1266 2001 1333 2058 poe-

170 2056 306 2118 nitentia.
374 2055 536 2135 espondeo,
556 2055 656 2116 fideles
675 2076 765 2138 saepe
785 2056 870 2118 siccis
890 2054 982 2116 oculis
1002 2077 1064 2116 non
1079 2056 1152 2118 ficte
1171 2077 1286 2138 gemere
1298 2057 1332 2114 ad

170 2134 346 2208 Dominum,
365 2153 503 2212 suamque
525 2133 640 2212 culpam
662 2133 760 2206 lateri,
779 2144 813 2197 ut
831 2131 945 2196 reniam
966 2131 1147 2212 impretent:
1168 2135 1254 2194 sedin
1267 2153 1332 2212 gra-

171 2209 303 2272 vioribus
324 2210 451 2290 peccatis
472 2210 558 2269 nimis
577 2210 711 2290 stupidos
732 2231 794 2270 esse
807 2231 840 2270 ac
853 2210 1003 2283 socordes,
1023 2209 1075 2287 qui
1096 2231 1163 2292 nora
1184 2210 1333 2269 vulneran-

170 2300 220 2350 tur
240 2286 345 2348 dolore
363 2305 399 2348 'ac
417 2287 546 2362 tristitia,
566 2307 622 2348 nec
642 2307 734 2368 usque
754 2287 790 2347 ad
810 2286 942 2348 lacrimas
962 2287 1131 2365 pudcliuut.
1165 2290 1237 2348 Ideo
1256 2286 1330 2344 Scri-

162 2377 276 2446 ·ptura,
299 2374 456 2444 postquam
475 2363 619 2426 scelerum
638 2385 717 2426 reos.
732 2363 850 2446 peregit
875 2363 1025 2440 homines,
1050 2365 1089 2426 ad
1109 2387 1231 2427 saccum
1249 2377 1279 2425 et
1296 2363 1330 2422 d-

173 2463 276 2506 nerem
296 2461 348 2503 eos
368 2441 514 2518 hortatur.

117 2871 122 2886 ,
256 2811 363 2892 (206.)
408 2807 580 2874 MATTH.
605 2809 737 2876 xxvlt
786 2807 815 2876 l.
839 2807 939 2878 Mane
972 2821 1078 2876 autem
1113 2809 1204 2878 lacto
1241 2811 1336 2877 cousi-

170 2915 249 2980 liom
277 2921 435 3001 ceperunt
467 2933 580 2978 omnes
605 2914 770 2999 principes
804 2913 1008 2981 sacerdotum
1037 2923 1069 2980 et
1100 2920 1255 2982 seniores
1285 2937 1333 2998 po·

171 3017 243 3106 pull
260 3016 418 3106 adversus
439 3013 558 3094 lesum,
582 3026 618 3082 ut
640 3036 712 3080 eum
735 3021 831 3082 morti
856 3017 1029 3085 traderent.
1070 3019 1102 3082 2.
1126 3020 1172 3085 Et
1201 3023 1331 3086 vinctum

172 3142 246 3186 eum
274 3117 495 3197 adduxeruut,
528 3127 561 3184 et
592 3116 795 3186 tradiderunt
831 3121 950 3190 Pontio
983 3121 1087 3188 Pilato
1112 3123 1272 3207 praesidi
1308 3123 1333 3186 t
1374 3123 1375 3131 ’

172 3223 269 3287 Tune
288 3219 404 3286 videns
426 3220 536 3301 ludas,
564 3225 620 3309 qui
649 3243 722 3288 eum
744 3223 948 3310 prodiderat,
975 3224 1064 3311 quod
1094 3223 1271 3292 damnatus
1292 3247 1334 3288 es-

114 3383 122 3400 ,
171 3335 237 3406 set,
262 3326 465 3412 poenitentia
491 3325 606 3391 ductus
631 3325 743 3393 retulit
770 3332 897 3416 triginta
930 3338 1102 3414 argenteos
1136 3327 1338 3416 principibus

144 3427 377 3522 ,sacerdotum
403 3439 435 3495 et
460 3429 653 3507 senioribus,
692 3429 722 3494 4.
750 3429 887 3514 Dicens,
916 3432 1055 3498 Peccavi
1088 3431 1239 3518 prodens
1273 3455 1340 3498 san·
1373 3465 1374 3499 l

172 3537 300 3622 guinem
330 3537 507 3600 innoxium.
550 3537 593 3601 At
620 3533 668 3600 illi
696 3534 863 3614 dixerunt,
891 3534 983 3621 Quid
1010 3533 1051 3598 ad
1080 3539 1166 3602 nos?
1193 3547 1229 3599 tu
1250 3535 1341 3598 vide-

171 3642 225 3705 ris.
265 3641 294 3706 5.
315 3637 357 3703 Et
384 3640 537 3724 proiectis
563 3639 723 3726 argenteis
750 3640 785 3703 in
817 3629 954 3726 templo,
985 3639 1135 3716 recessit,
1164 3649 1194 3702 et
1221 3637 1342 3703 abiens
1372 3689 1373 3718 ,

164 3744 291 3832 'laqueo
312 3765 348 3810 se
369 3741 566 3828 suspendit·
589 3745 618 3806 6.
641 3743 807 3829 Principes
829 3753 934 3807 autem
961 3741 1168 3807 sacerdotum
1196 3747 1343 3828 acceptis
1372 3727 1373 3730 ¹

75 3843 76 3861 ¹
172 3851 347 3934 argenteis,
368 3845 533 3925 dixerunt,
554 3845 631 3912 Non
653 3844 730 3912 lieet
752 3869 810 3914 cos
830 3849 956 3912 mittere
979 3849 1012 3910 in
1035 3844 1243 3922 Corbauam,
1267 3847 1343 3930 quia

172 3953 312 4039 pretium
338 3951 500 4036 sanguinis
529 3960 585 4017 est.
629 3951 657 4015 7.
679 3949 830 4018 Consilio
860 3959 964 4014 autem
994 3951 1090 4028 inito,
1128 3961 1284 4014 emerernt
1308 3971 1341 4012 es
1371 3999 1372 4016 .

171 4053 237 4119 illie
265 4071 374 4138 agrum
399 4050 491 4138 figuli
518 4055 552 4118 in
578 4054 776 4140 sepulturam
803 4055 990 4140 peregrinis.
1037 4053 1067 4117 8.
1099 4051 1218 4136 Quare
1245 4075 1344 4118 ruca-
1371 4055 1372 4114 l

171 4166 223 4218 tus
246 4166 293 4220 est
321 4177 396 4240 eger
418 4153 489 4234 illc,
518 4177 594 4242 ager
621 4161 799 4240 sanguinis,
826 4141 929 4243 usgue
950 4159 983 4220 in
1013 4153 1213 4221 hodiernum
1244 4156 1341 4222 diem.

171 4257 202 4320 9.
224 4256 318 4322 Tunc
345 4257 511 4344 impletum
539 4269 602 4337 est,
629 4258 718 4352 qnod
746 4258 866 4326 dictum
895 4270 942 4325 est
973 4281 1033 4346 per
1061 4260 1235 4324 leremiam
1263 4259 1340 4322 l’ru
1370 4301 1371 4316 .

172 4353 300 4438 phetam
328 4355 497 4442 dicentem,
540 4361 581 4428 Et
609 4374 804 4450 acceperunt
832 4365 960 4451 triginta
988 4373 1174 4449 argenteos,
1198 4365 1340 4450 pretium

529 4572 537 4612 l
