2768 4834
197 197 257 300 iis
402 219 446 316 st
649 219 803 285 saccio
823 176 939 282 vi.¹

185 381 189 388 ’
221 381 377 462 raeceptis:
396 397 495 440 sensus
514 387 613 439 tamen
633 379 726 438 clarus
738 387 792 448 est,
810 373 952 440 reiectum
965 374 1003 433 iri
1012 384 1151 454 unquam
1161 381 1340 450 postremos

135 499 140 518 ,
199 403 368 530 bominum,
388 455 438 536 qui
457 454 545 536 Legis
564 455 728 516 doctrinam
747 454 795 512 vel
815 452 846 512 iii
866 470 925 511 uua
943 449 1055 532 syllaba
1075 446 1341 527 contemptibilem

198 534 390 596 reddiderint.
428 531 565 607 Regem
582 531 726 592 coeloram
750 550 805 609 pro
824 526 976 589 Ecclesiae
1000 524 1194 586 renovatione
1220 523 1339 603 accipi-

199 623 262 686 tur,
290 607 337 670 vel
361 608 490 670 secundo
516 608 664 669 Ecclesiae
690 619 781 678 statu,
812 605 903 684 qualis
935 605 991 664 iam
1017 615 1089 662 tnnc
1120 600 1263 683 surgebat
1295 599 1349 659 ab·

199 686 355 768 Evangelii
374 685 601 764 praedicatione.
640 685 685 744 Ita
705 683 802 743 Lucae
821 689 852 754 7,
872 687 936 756 28,
962 680 1104 740 maiorem
1124 678 1241 738 Ioanne
1262 675 1341 736 lacit

201 763 349 834 Christus,
377 761 428 841 qui
451 760 588 820 minimus
614 760 714 844 estlin
733 779 828 840 reguo
848 758 916 818 Dei.
954 757 1042 816 Ratio
1069 754 1252 834 loquutionis
1279 765 1340 828 est,

200 840 267 930 quia
286 838 385 912 Deus,
414 838 554 897 mundum
573 837 641 896 Filii
659 837 703 896 sui
723 857 810 895 inanu
829 835 1009 908 instaurans,
1033 852 1157 914 regnum
1177 851 1262 889 suum
1282 849 1338 888 so·
1354 833 1374 840 ”

199 916 258 976 lide
283 915 443 975 constitnit.
480 916 564 997 Ergo
589 912 722 974 Christus
746 911 777 970 in
797 910 958 972 Ecclesiam
984 931 1080 982 suam,
1112 906 1164 966 ubi
1188 919 1366 987 renovatax

200 990 306 1066 suerit,
341 990 537 1050 admittendos
557 1001 647 1072 negat
668 989 823 1062 doctores,
852 986 908 1048 nisi
928 985 978 1065 qui
998 986 1048 1046 lidi
1069 995 1157 1044 erunt
1175 983 1265 1066 Legis
1286 983 1338 1040 iii-

172 1113 175 1119 .
200 1079 379 1148 terpretes,
399 1078 429 1128 et
457 1067 602 1148 integram
628 1065 688 1125 eius
714 1064 878 1124 doctrinam
902 1082 1031 1123 asserere
1055 1059 1225 1122 studebunt.
1270 1059 1338 1120 Sed

200 1144 360 1223 quaeritur,
379 1164 417 1203 an
437 1163 500 1202 unii
520 1141 704 1202 ceremoniae
723 1141 801 1201 inter
821 1151 977 1221 praecepta
997 1138 1055 1198 Dei
1077 1137 1186 1211 forent,
1207 1157 1337 1214 quarum

198 1231 297 1279 tamen
316 1219 436 1280 minime
456 1219 597 1300 exigenda
617 1230 662 1278 est
674 1237 753 1277 nunc
765 1217 942 1278 observatio.
981 1213 1173 1296 Respondeo‚
1192 1225 1336 1292 spectan-

199 1296 267 1356 dum
293 1315 355 1357 esse
373 1295 564 1378 Legislatoria
588 1293 742 1355 consilium
765 1293 921 1353 ethnam:
959 1313 1027 1352 nam
1052 1291 1119 1370 quia
1147 1288 1336 1350 ceremonias

186 1435 188 1455 4
221 1372 350 1453 raecepit
367 1374 466 1446 Deus,
495 1383 528 1432 ut
551 1371 721 1451 temporalis
748 1382 823 1430 esset
849 1381 984 1430 externus
1005 1387 1104 1428 earum
1124 1387 1207 1448 usus,
1236 1365 1335 1446 signi-

128 1458 131 1470 ’
220 1449 298 1508 catio
318 1461 414 1522 autem
436 1460 569 1520 aeterna,
590 1467 651 1507 non
670 1445 759 1507 solvit
778 1447 975 1521 ceremonias,
995 1443 1045 1524 qui
1066 1463 1165 1503 earum
1188 1441 1335 1501 ellectum

123 1525 127 1536 ’
199 1525 330 1585 retinens
371 1524 431 1584 uod
448 1523 604 1584 umbratile
631 1535 675 1582 eit
694 1523 812 1583 omittit.
851 1525 914 1582 lam
939 1543 1029 1602 quum
1049 1541 1065 1579 a
1085 1539 1179 1601 regno
1206 1538 1260 1578 suo
1282 1539 1335 1577 eii-

200 1601 339 1662 terminet
350 1547 495 1678 Eliristus,
515 1600 565 1678 qui
584 1599 621 1658 ad
639 1599 728 1682 Legis
749 1611 951 1679 contemptum
970 1596 1165 1658 assuefaciunt
1184 1592 1336 1668 homines,

141 1713 150 1734 .
200 1677 387 1758 prodigiosos
413 1687 458 1736 est
483 1696 585 1735 eorum
610 1689 728 1756 stupor,
768 1697 842 1755 quos
866 1696 928 1734 iion
955 1675 1047 1757 pudet
1065 1671 1208 1764 sacrilega
1232 1671 1335 1731 indul-

201 1753 303 1834 gentia
321 1751 482 1826 remittere,
503 1751 675 1831 quodDeus
695 1771 795 1812 severe
816 1751 915 1834 exigit,
935 1764 965 1812 et
982 1749 1103 1810 venialis
1124 1747 1223 1808 delicti
1242 1767 1334 1827 prae·
1373 1789 1374 1800 ι

199 1841 280 1888 textu
289 1828 377 1911 Legis
396 1827 533 1888 iustitiam
552 1830 747 1919 pessumdare.
778 1830 888 1888 Rursus
900 1829 1063 1888 notandum
1083 1837 1137 1901 est,
1156 1823 1238 1903 quod
1257 1845 1336 1903 pro-

200 1903 246 1965 bis
265 1925 299 1964 ac
318 1903 424 1964 sanctis
444 1903 615 1966 doctoribus
636 1905 739 1964 tribuit
759 1904 903 1987 elogium:
925 1924 1032 1984 nempe
1053 1903 1133 1982 quod
1153 1901 1190 1959 ad
1209 1919 1336 1960 servan-

129 2028 132 2037 ,
200 1981 266 2073 dam
285 1979 408 2118 Legeml
422 2001 483 2042 non
508 1981 605 2042 verbis
624 1993 737 2043 tantum
758 1979 915 2042 hortentur
934 1981 1083 2054 homines,
1112 1977 1163 2039 sed
1188 1977 1335 2059 imprimis

196 2069 276 2120 vitae
295 2079 396 2140 exemp
409 2077 437 2118 o.

238 2322 322 2405 (44.)
360 2321 534 2388 ΜΑΤΤΗ.
556 2321 598 2381 V.
640 2320 689 2385 2⁰.
711 2319 796 2386 Dico
820 2322 904 2412 enipi
923 2317 1026 2395 vobis,
1047 2321 1122 2406 quia
1143 2321 1207 2383 nisi
1228 2319 1334 2384 abuu-

197 2422 321 2490 daverit
332 2425 461 2488 iustitia
482 2430 587 2492 vestra
609 2419 798 2507 plusquam
820 2419 1004 2486 Scribarum
1028 2431 1060 2484 et
1075 2419 1333 2498 Pharisaeorum,

196 2545 265 2590 nou
289 2521 448 2590 intrabitis
475 2521 508 2587 iu
534 2543 666 2606 regnum
688 2519 865 2585 coelorum.
906 2521 957 2586 at.
989 2505 1146 2597 Audistis,
1174 2524 1332 2607 quoniam

196 2624 315 2692 dictum
338 2633 386 2690 cst
406 2625 558 2716 antiquis,
578 2623 654 2687 Non
676 2620 821 2686 occides:
850 2625 905 2707 qui
927 2630 1031 2686 autem
1055 2621 1228 2700 occiderit,
1254 2645 1333 2688 rcus

197 2728 259 2792 erit
284 2725 414 2790 iudicio.
456 2725 507 2788 22.
539 2725 609 2806 Ego
638 2731 742 2784 autem
776 2721 850 2786 dico
878 2720 988 2798 vobis,
1021 2725 1095 2808 quia
1122 2727 1242 2800 omnis,
1274 2725 1334 2810 qul

195 2827 344 2891 irascitur
365 2825 454 2887 fiatri
475 2843 544 2899 suo,
565 2816 639 2886 reus
661 2824 722 2886 erit
743 2821 879 2888 iudicio:
900 2825 956 2912 qui
977 2832 1082 2886 autem
1102 2821 1217 2889 dixerit
1240 2825 1333 2890 fratri

181 2946 256 2991 ‘suo
277 2923 388 3008 racha,
413 2944 488 2987 reiis
510 2925 571 2988 erit
591 2919 746 2987 concilio:
778 2927 834 3011 qui
855 2935 961 2990 autciii
982 2922 1099 2988 dixerit
1120 2923 1222 3004 letne,
1255 2947 1332 2991 rcus

197 3027 258 3090 erit
277 3023 445 3109 gehenuae
467 3025 560 3108 iguis.

271 3196 375 3255 Matth.
394 3203 441 3261 20.
481 3167 550 3255 Nisi·
567 3193 760 3256 obuadcweiil.
799 3197 977 3278 Perstringit
994 3197 1119 3270 scribas,
1149 3199 1200 3276 qui
1228 3221 1329 3261 macu-

196 3272 253 3330 lam
272 3272 428 3354 Evangelii
449 3273 601 3333 doctrinae
622 3295 651 3332 as
675 3290 779 3356 ergere
799 3273 1011 3347 moliebantur,
1038 3275 1118 3354 quasi
1140 3287 1217 3334 esset
1238 3277 1330 3359 Legis

196 3349 355 3428 dissipatio.
395 3349 458 3409 Hac
478 3351 514 3408 de
533 3370 565 3409 re
586 3351 636 3429 qui
659 3370 705 3409 em
726 3371 790 3410 nou
808 3351 950 3429 disputat,
982 3351 1034 3411 sed
1061 3363 1172 3410 tantum
1193 3352 1330 3414 breviter

196 3425 335 3497 ostendit,
355 3423 427 3483 nihil
448 3426 542 3487 minus
563 3427 593 3486 in
615 3447 717 3486 corum
738 3427 840 3486 animis
860 3447 894 3485 re
918 3447 987 3486 nare
1007 3449 1092 3506 quani
1104 3427 1193 3520 Legis
1214 3431 1328 3490 zelum:
1373 3483 1374 3488 ,

195 3501 254 3561 acsi
273 3500 405 3577 dixisset,
434 3501 508 3561 lllihi
532 3523 565 3562 se
589 3503 713 3562 infestos
739 3523 801 3564 esse
824 3447 975 3576 simulant,
1006 3504 1073 3594 quia
1098 3504 1197 3564 nolint
1222 3505 1330 3567 violari

126 3595 130 3601 ·
194 3577 321 3669 Legem:
342 3578 423 3658 atqui
442 3599 476 3638 ex
497 3598 599 3640 eorum
618 3580 679 3640 vita
699 3589 830 3659 apparet,
850 3601 937 3658 quam
957 3579 1063 3660 frigide
1079 3580 1192 3664 Legem
1214 3583 1330 3658 colant,

194 3675 254 3714 iiiio
295 3675 361 3715 uam
380 3675 482 3714 secure
501 3655 626 3722 illudant
643 3655 727 3728 Deo,
758 3656 827 3715 dum
851 3676 882 3716 se
902 3656 1011 3716 larvata
1036 3678 1069 3718 ac
1088 3655 1196 3722 ficticia
1217 3659 1328 3720 iustitia

155 3744 157 3750 '
194 3733 272 3811 apud
314 3729 426 3790 omines
445 3732 611 3791 venditant:
641 3731 682 3793 sic
707 3730 841 3812 plerique
867 3731 1053 3813 interpretes.
1091 3733 1152 3793 Sed
1172 3729 1257 3810 vide,
1287 3757 1327 3796 an

193 3827 257 3867 non
280 3806 417 3866 vitiosum
442 3808 571 3868 docendi
636 3829 688 3868 nus
712 3809 803 3892 magis
827 3809 987 3883 insimulet,
1039 3830 1078 3868 iio
1104 3810 1248 3890 populum
1269 3813 1326 3871 irn-

193 3881 320 3942 bueraut
333 3883 482 3943 Pharisaei
502 3895 533 3943 et
550 3829 674 3944 scribae.
711 3885 785 3944 Nam
806 3901 895 3965 quum
906 3831 1089 3968 Legembei
1108 3886 1215 3946 restrin
1239 3902 1328 3948 erent

192 3969 304 4048 tantuin
325 3957 361 4018 ad
381 3971 500 4020 externa
520 3959 633 4035 officia,
664 3961 819 4042 discipulos
844 3983 913 4024 suos
940 3963 1021 4042 quasi
1046 3961 1143 4023 simias
1167 3909 1326 4046 adbypo-

193 4053 283 4092 crisin
302 4035 478 4096 formabant
517 4036 586 4096 Non
607 4036 725 4096 inficior
744 4038 862 4116 quidem
881 4059 915 4098 ae
938 4060 975 4097 ue
995 4059 1171 4118 perperam,
1187 4040 1247 4100 imo
1269 4043 1325 4102 de-

190 4109 282 4169 terius
302 4110 405 4200 vixisse
425 4130 510 4190 quam
531 4111 691 4172 docebant:
712 4113 780 4173 ideo
793 4059 1061 4175 libenterl‘ucosam
1081 4115 1172 4176 falsae
1191 4117 1324 4178 iustitiae

192 4194 420 4274 ostentationem
454 4209 518 4246 cum
548 4209 684 4267 perversa
708 4190 841 4251 doctrina
867 4191 1059 4270 complector.
1104 4191 1196 4266 Quod
1221 4205 1323 4253 tamen

191 4279 348 4350 praecipue
369 4261 399 4320 in
420 4263 494 4322 lia'nc
513 4257 669 4324 invehatur
689 4264 837 4341 Christus,
860 4267 1102 4346 exsequentibus
1123 4268 1208 4328 sacile
1228 4281 1324 4348 patet,

190 4334 243 4397 ubi
260 4335 373 4418 Legem
392 4356 553 4422 repurgans
573 4361 589 4400 a
609 4343 705 4421 pravis
724 4363 827 4403 eorum
847 4343 1019 4406 commentis
1039 4365 1107 4406 suae
1129 4345 1249 4425 puritati
1270 4367 1320 4406 re-
