2778 4838
142 279 192 342 es
379 267 496 332 SEGT.
515 263 597 330 XIV.
636 279 813 328 uruacuun
833 279 876 324 ur
896 277 1078 325 aestuosas.

87 1190 190 1248 :ln

92 3391 102 3400 q
156 3323 270 3386 sionem
289 3347 381 3406 aquae
400 3327 490 3387 lustra

135 4531 143 4562 Ι

156 435 239 488 textu
257 421 393 486 inductus
418 434 491 484 erat
531 420 661 496 Scimus,
686 439 772 500 qnam
792 435 893 480 severe
913 417 975 480 Lex
993 416 1052 477 Dei
1071 416 1205 496 requirat
1224 427 1324 478 ester-

122 524 131 540 ¹
155 521 223 564 nam
244 499 433 576 munditiem,
457 518 519 560 non
545 497 625 578 quod
652 499 742 558 in‘ea
762 495 909 556 Dominus
936 492 1193 584 occuparikvellet
1219 514 1325 556 servos

156 599 242 654 supa,
265 577 317 638 sed
364 595 404 636 uo
429 576 521 657 magis
540 573 668 634 sonicite
693 573 730 632 ab
752 573 833 633 omni
851 571 996 652 spirituali
1016 581 1244 650 inquinamento
1265 571 1324 632 sibi

157 665 305 720 caverent.
344 597 505 714 ilaeterum
529 651 560 710 in
587 649 787 715 ablutionibus
814 648 941 728 aliquem
966 648 1087 708 modum
1107 647 1167 705 Lex
1187 645 1324 708 tenebat.

158 732 404 811 supervenerant
423 740 519 788 autem
541 729 690 800 doctores,
710 726 759 806 qui
772 746 878 786 senon
891 724 1035 805 putabant
1054 724 1124 784 satis
1144 736 1248 784 acutos
1270 725 1323 784 ba-

158 808 254 868 bitum
274 806 321 879 iri,
341 805 397 866 nisi
417 804 528 883 aliquid
546 801 639 864 verbo
660 803 719 864 Dei
739 813 902 864 assuerent:
923 801 992 862 binc
1011 801 1160 860 fluxerunt
1179 800 1323 874 lotiones,

159 880 371 965 quarumnulla
382 881 474 942 fiebat
485 881 515 940 in
528 881 571 940 Le
594 901 611 940 e
627 879 750 940 mentio.
790 877 989 960 Legislatores
1009 876 1065 956 ipsi
1086 898 1148 936 non
1161 877 1324 954 iactabant,

158 979 319 1022 senorum
340 958 496 1040 quicquam
515 968 559 1017 tra
584 977 651 1030 ere,
679 957 730 1017 secl
755 965 869 1016 tantum
896 955 1005 1014 addere
1025 953 1150 1014 cavendi
1170 953 1324 1028 formulas,
1350 976 1354 994 ¹

159 1055 235 1116 quae
255 1035 351 1096 media
371 1045 469 1096 essent
488 1034 664 1094 adminicula
684 1035 721 1093 ad
740 1031 912 1092 servandam
927 1030 987 1092 Dei
997 1032 1119 1112 Legem.
1158 1031 1230 1090 Mox
1249 1051 1323 1092 vero

157 1133 189 1174 se
211 1124 281 1172 nuta
301 1124 346 1173 est
364 1110 548 1203 corruptela,
575 1131 663 1193 quum
690 1129 755 1190 pars
780 1107 872 1168 divini
897 1107 990 1167 cultus
1016 1107 1133 1166 censeri
1152 1105 1323 1168 humanitus

191 1134 297 1250 ductae
317 1207 504 1248 ceremoniae
523 1197 702 1266 coeperunt:
724 1185 831 1246 deinde
847 1205 937 1263 quum
953 1185 984 1243 in
1000 1183 1089 1244 rebus
1106 1181 1207 1244 liberis
1222 1195 1254 1243 et
1262 1204 1323 1254 yo-

158 1265 292 1328 luntariis
316 1265 473 1326 necessitas
499 1275 543 1324 est
567 1263 712 1343 imposita.
755 1262 837 1321 Deus
864 1261 942 1320 enim
969 1260 1099 1340 (utiam
1125 1259 1231 1320 dictum
1258 1262 1323 1338 est)

157 1362 274 1423 semper
291 1363 326 1402 ex
341 1341 431 1402 verbi
445 1340 491 1401 sui
506 1341 690 1420 praescripto
709 1337 768 1398 coli
787 1336 892 1412 voluit,
910 1339 1038 1416 ideoque
1058 1337 1137 1396 nulla
1154 1335 1323 1398 tolerabilis

158 1429 204 1480 est
222 1419 259 1479 ad
277 1419 390 1512 Legem
410 1419 471 1478 eius
491 1416 630 1478 accessio.
668 1418 731 1475 Iam
751 1425 782 1474 ut
797 1413 868 1474 ritus
886 1425 1022 1474 externos
1040 1412 1175 1474 fidelibus
1192 1413 1249 1474 sibi
1266 1414 1324 1474 ha·

156 1493 231 1555 bere
251 1495 411 1576 pennrttit‚
430 1495 460 1553 in
482 1492 587 1573 quibus
607 1513 638 1554 se
658 1502 812 1554 exerceant
831 1489 868 1550 ad
887 1491 1043 1570 pietatem,
1067 1491 1106 1550 ita
1127 1511 1189 1551 non
1233 1491 1325 1552 atitur

161 1593 226 1632 cum
246 1572 339 1632 verbo
358 1591 413 1632 suo
434 1569 566 1642 misceri,
591 1569 649 1630 acsi
667 1569 698 1628 in
719 1567 775 1628 illis
802 1566 899 1646 posita
920 1578 996 1626 esset
1021 1565 1139 1650 religio.
1212 1589 1253 1628 oss
1271 1565 1324 1627 nb-

161 1647 246 1708 tumn
263 1670 367 1708 monus
383 1669 462 1708 mers.
489 1645 674 1707 Ollendiculi
694 1665 777 1706 causa
799 1643 947 1723 copiosius
968 1643 1123 1723 exponitur
1141 1665 1156 1704 a
1181 1645 1221 1704 ud
1242 1645 1323 1704 blar-

160 1746 244 1786 cum:
264 1745 375 1786 summa
394 1735 493 1783 tamen
513 1723 570 1782 huc
590 1723 677 1794 redit,
697 1719 786 1780 multa
799 1720 886 1780 luisse
903 1720 934 1779 in
945 1743 998 1780 usu
1012 1720 1089 1800 apud
1103 1664 1227 1794 scribas,
1247 1741 1324 1812 quae

161 1799 240 1860 ultro
260 1800 400 1860 seruanda
419 1810 621 1878 susceperant:
649 1798 717 1858 illae
744 1808 828 1858 erant
851 1797 1040 1856 secundariae
1060 1795 1141 1879 leges
1162 1818 1178 1856 a
1200 1799 1325 1857 curiosis
1364 1817 1369 1822 ’

159 1875 329 1936 hominibus
352 1868 508 1950 inventae,
540 1873 621 1964 quasi
651 1872 773 1953 simplet
796 1871 857 1932 Dei
881 1873 1049 1934 mandatum
1074 1894 1136 1933 uon
1162 1873 1323 1934 sufficeret.

157 1951 251 2012 Ablui
260 1950 383 2011 iubebat
392 1950 485 2026 Dens,
505 1971 556 2029 qur
575 1949 685 2030 aliquid
705 1949 877 2029 pollutionis
897 1961 1116 2010 contraxerant:
1137 1951 1195 2010 hoc
1211 1951 1250 2010 ad
1266 1971 1323 2030 po-

162 2025 228 2086 cula
248 2040 280 2090 at
298 2046 420 2100 urceos,
437 2038 563 2100 vestem,
584 2038 615 2085 et
633 2027 775 2105 reliquam
795 2049 828 2084 su
853 2023 1008 2086 ellectilem
1050 2025 1166 2100 atebat‚
1191 2047 1232 2087 ne
1252 2027 1323 2106 quid

159 2103 340 2187 attingerent
358 2102 504 2186 pollutum
523 2102 571 2166 vel
590 2103 780 2164 immundum.
820 2047 880 2162 ped
900 2114 991 2162 novas
1009 2047 1176 2164 allusiones
1197 2103 1323 2163 commi-

157 2180 243 2254 uisci,
264 2181 377 2242 otiosae
396 2181 532 2242 vanitatis
552 2180 615 2239 luit.
654 2181 726 2240 Non
742 2179 844 2238 deerat
862 2180 979 2258 quidem
995 2181 1090 2253 color,
1109 2180 1264 2271 utPaplus
1277 2181 1322 2240 di-

158 2256 199 2318 cit
223 2255 358 2337 (Coloss.
376 2265 405 2332 2,
424 2259 505 2337 ίὶ3.),
529 2257 682 2318 hominum
707 2256 826 2314 inventa
852 2257 980 2335 speciem
1007 2255 1117 2316 habere
1140 2256 1321 2336 sapientiae:

159 2353 263 2396 vermo
283 2334 308 2394 si
326 2333 541 2415 acquievissent
558 2335 590 2393 in
609 2333 672 2394 sola
692 2331 752 2392 Dei
769 2333 869 2429 Lege,
892 2333 984 2414 magis
1009 2333 1050 2392 illi
1071 2332 1197 2412 probata
1219 2333 1322 2394 suisset

156 2410 311 2488 modestia,
331 2432 416 2491 quam
436 2409 605 2491 scrupulosa
625 2410 761 2469 anxietas.
802 2411 916 2470 havere
936 2409 1092 2480 volebant,
1119 2431 1159 2469 ne
1179 2411 1246 2489 quis
1265 2410 1320 2470 im-

157 2485 281 2548 mundus
301 2509 356 2568 per
373 2489 597 2571 incogitantiam
617 2487 714 2548 cibum
734 2497 876 2546 sumeret:
897 2485 979 2566 atqui
996 2487 1063 2546 satis
1075 2487 1211 2545 Domino
1225 2487 1322 2546 suerat

156 2583 285 2646 purgare
304 2567 406 2626 sordes
427 2564 569 2656 cognitas.
607 2563 704 2623 Porro
724 2565 797 2624 istae
817 2562 968 2622 cantiones
987 2559 1099 2623 nullum
1117 2563 1271 2624 habebant
1284 2564 1320 2622 fi-

50 2639 54 2650 '
158 2659 227 2700 nem
247 2640 444 2716 admodum,
465 2663 533 2722 quia
552 2639 599 2701 vix
618 2639 741 2721 digitum
760 2659 882 2698 movere
902 2651 1052 2720 poterant,
1072 2639 1143 2718 quin
1156 2639 1321 2720 obreperet

156 2729 236 2777 nova
253 2717 351 2797 aliqua
370 2717 500 2792 macula,
522 2717 573 2778 sed
593 2717 762 2796 corruptela
782 2715 855 2775 baec
875 2715 966 2808 longe
986 2716 1118 2776 deterior
1138 2727 1219 2792 erat,
1240 2717 1321 2796 quod

44 2791 54 2798 ''
156 2789 267 2854 iniecta
288 2806 351 2853 erat
372 2794 559 2855 conscientiis
578 2793 699 2929 religio,
725 2804 758 2851 ut
778 2791 950 2871 pollutionis
970 2813 1038 2852 reus
1056 2792 1152 2868 fieret,
1177 2791 1230 2872 qui
1250 2791 1320 2852 sub-

158 2867 228 2928 inde
249 2863 356 2949 o'orpus
375 2891 450 2950 aqua
470 2889 532 2929 non
553 2868 638 2929 ablue
662 2880 699 2928 at.
738 2869 775 2926 In
807 2866 909 2927 lebeiis
923 2867 1179 2948 fortebominibus
1193 2869 1319 2929 toleras-

157 2955 225 3004 sent
243 2945 430 3006 ceremoniae
450 2944 535 3006 huius
555 2944 735 3030 neglectum,
754 2889 805 3004 sed
825 2945 893 3024 quia
907 2946 942 3005 de
956 2945 1075 3005 Christo
1096 2945 1209 3006 eteius
1231 2945 1319 3006 disci-

157 3019 233 3099 pulis
258 3020 369 3100 aliquid
394 3021 528 3082 eximium
553 3039 646 3081 conce
670 3031 754 3080 erant
780 3041 813 3080 ac
832 3041 895 3080 non
915 3021 1052 3104 vulgare,
1077 3021 1234 3102 indignum
1256 3041 1319 3082 esse

158 3095 283 3173 ridetur,
309 3097 390 3175 qnod
408 3098 481 3158 ritus
502 3117 519 3156 a
538 3043 697 3158 maiorihm
716 3096 852 3172 traditos,
878 3120 1003 3177 quorun:
1023 3119 1089 3158 usus
1109 3099 1190 3158 inter
1208 3098 1319 3159 scribas

158 3183 274 3233 sanctus
293 3185 369 3246 erat,
389 3195 452 3235 non
472 3172 638 3234 observent
652 3173 713 3234 eius
733 3172 865 3255 magistri
885 3174 1029 3254 discipuli,
1054 3174 1104 3253 qui
1124 3175 1236 3254 aliquid
1255 3196 1320 3238 me-

156 3245 211 3306 lius
231 3249 379 3328 praesenti
396 3261 473 3312 statu
492 3249 696 3386 profitebatur.
735 3249 832 3309 Porro
843 3250 965 3310 multum
978 3251 1127 3325 falluntur,
1148 3252 1201 3331 qui
1216 3273 1317 3333 asper-

505 3327 543 3401 's‚
568 3348 643 3407 quae
667 3323 812 3387 homeliam
836 3339 957 3388 vocatur
977 3329 1054 3407 apud
1074 3327 1226 3407 Papistas,
1252 3351 1318 3389 cum

157 3400 320 3466 lotionibus
340 3401 465 3465 ludaicis
485 3415 666 3484 comparant.
705 3402 834 3464 Unicum
855 3403 932 3462 enim
952 3403 1128 3484 baptismum
1148 3404 1240 3466 toties
1259 3407 1317 3465 ite-

155 3479 266 3554 rando,
290 3491 431 3559 quantum
455 3481 487 3540 in
506 3501 537 3540 se
558 3491 617 3556 est,
641 3479 802 3540 obliterant
821 3478 967 3559 Papistae.
1006 3480 1123 3541 Deinde
1144 3481 1182 3540 ad
1203 3481 1317 3541 exorci-

155 3574 234 3616 smos
253 3556 409 3617 confertur
426 3555 531 3618 frivola
551 3557 602 3617 illa
621 3557 759 3637 aspersio.
799 3555 916 3632 Quodsi
932 3577 987 3638 per
1001 3577 1033 3618 se
1051 3557 1140 3632 licita,
1160 3570 1191 3617 et
1208 3557 1316 3616 talibus

153 3633 330 3712 corruptelis
348 3650 439 3716 vacua
459 3633 554 3710 foret,
578 3653 696 3716 semper
720 3645 820 3693 tamen
840 3631 1004 3694 damnanda
1023 3645 1068 3694 est
1087 3632 1138 3694 illa
1158 3653 1243 3713 quarn
1261 3653 1316 3693 ur-

73 3779 76 3785 ·
153 3721 226 3792 gent
245 3709 411 3771 necessitas.

227 3792 274 3865 3„
299 3785 398 3871 Quem
415 3801 443 3848 et
462 3807 514 3847 vos
534 3785 778 3863 oningrecttmtnt.
822 3784 941 3864 Duplex
972 3785 1020 3847 hie
1054 3785 1178 3868 ponitur
1205 3783 1317 3846 Christi

152 3881 198 3921 res
222 3863 323 3924 onsio:
342 3864 426 3944 prior
445 3875 489 3924 est
509 3863 546 3924 ad
586 3883 731 3938 ersonam,
750 3874 784 3923 ut
802 3862 832 3922 lo
856 3873 976 3922 uuntur:
997 3863 1089 3922 altera
1106 3863 1152 3922 rei
1168 3874 1200 3922 et
1208 3881 1315 3922 causae

154 3882 357 4019 delinitionem
381 3942 524 4005 continet.
563 3885 698 4000 inversus
724 3950 769 3999 est
794 3883 869 3999 ordo
889 3939 967 4018 apud
986 3939 1135 4012 Marcum,
1162 3939 1214 4028 qtri
1235 3939 1316 4018 prius

153 4013 301 4076 Christum
322 4018 359 4078 de
379 4039 411 4078 re
431 4029 495 4078 tota
514 4016 687 4094 loquentem
706 4015 832 4076 inducit:
860 4014 967 4076 deinde
987 4014 1106 4076 subiicit
1126 4014 1315 4096 obiurgatio-

151 4107 231 4164 netn‚
251 4113 307 4170 qua
328 4094 475 4155 invehitur
495 4098 599 4153 contra
618 4091 799 4182 hypocritas:
820 4113 874 4153 nos
894 4091 975 4150 filum
989 4092 1131 4152 Matthaei
1143 4112 1312 4172 sequemur.

153 4161 254 4236 Quum
274 4169 398 4231 vicissim
418 4169 533 4251 quaerit
551 4167 733 4244 Dominus'a
754 4167 872 4242 scribis,
898 4189 950 4228 cur
969 4168 1029 4229 Dei
1049 4169 1161 4252 Legem
1189 4179 1315 4248 propter

151 4261 216 4299 suas
235 4243 408 4307 traditiones
428 4245 550 4318 violent,
570 4245 702 4303 nondum
723 4243 810 4323 plane
831 4243 989 4334 discipulos
1009 4265 1026 4304 a
1046 4246 1171 4305 crimine
1192 4244 1313 4304 obiecto

152 4315 268 4394 liberat,
288 4323 339 4382 sed
358 4333 473 4382 tantum
494 4322 644 4396 admonet,
664 4341 749 4400 quam
769 4321 870 4400 iniqua
889 4331 926 4380 s1t
945 4331 976 4380 et
994 4335 1188 4401 praepostera
1210 4341 1313 4380 eornm

130 4379 313 4458 lucrosius.
352 4397 479 4479 Indigne
497 4398 612 4476 lerunt,
632 4397 785 4459 bominum
804 4407 962 4478 praecepta
981 4417 1044 4458 nnn
1065 4409 1165 4458 exacte
1186 4395 1309 4459 seruari:

308 4536 325 4567 Ι

740 4673 751 4700 Ι
