2778 4838
258 199 340 278 (111.
379 189 454 275 „Tu
467 216 501 280 pa
517 190 669 276 Christos,
682 196 781 262 Filius
798 199 860 260 Dei
878 198 1048 280 stamme)
1171 207 1232 272 too

64 377 145 424 rnna
188 354 241 422 29.
274 355 415 442 Etipse
441 351 786 433 destrimentum,
819 377 915 444 mem
936 377 989 422 me
1011 353 1119 422 dicitis
1137 363 1230 426 esaei
1265 349 1268 358 ¹

63 455 288 546 Respondeas
309 468 416 547 antem
439 453 553 524 Petrus
575 457 652 526 dicit
673 457 812 538 illi,‘1'o
833 479 868 525 es
889 458 1067 527 Christus

149 643 255 712 LUC.
282 643 335 708 IX.
378 643 427 708 18.
460 642 503 708 Et
529 643 644 709 iactum
673 653 735 721 est,
777 666 874 730 quum
901 643 992 712 solos
1019 654 1105 732 esset
1126 665 1232 725 orans,

66 759 159 815 erant
182 771 254 814 cum
276 745 336 812 illo
355 757 387 812 et
409 745 568 832 discipuli,
587 749 861 835 interrogavitque
881 747 957 813 illos
979 746 1101 826 diceus,
1122 747 1231 834 Quem

65 875 116 918 me
146 853 261 918 dicunt
287 871 357 916 esse
384 848 518 917 turbae?
561 849 610 915 19.
644 852 687 915 At
720 851 768 916 illi
801 849 1040 938 respondentes
1075 850 1232 936 dixerunt,

65 957 224 1022 loannem
245 955 436 1040 Baptistam‚
469 953 524 1020 alii
549 964 655 1020 autem
678 951 799 1034 Elian,
831 955 888 1022 alii
914 977 1010 1036 vero,
1042 954 1132 1042 quod
1154 957 1235 1023 Pro-

66 1059 166 1146 pheta
200 1059 357 1144 quispiam
388 1057 430 1124 de
461 1060 600 1145 antiquis
630 1059 775 1124 surrexit.
821 1057 871 1124 20.
903 1059 994 1125 Dixit
1023 1060 1131 1125 antem
1159 1058 1235 1140 illis,

66 1163 139 1227 Vos
165 1153 496 1247 antem-quemme
524 1160 629 1226 dicitis
657 1164 747 1237 esse?
789 1157 1007 1248 despondens
1032 1161 1145 1232 Simon
1173 1158 1234 1229 Pe·

67 1275 136 1332 trus
157 1263 251 1342 dixit,
273 1261 437 1332 Christum
459 1265 533 1330 Dei.

145 1495 252 1558 blattb.
278 1504 325 1564 ti
362 1496 404 1557 Ie
421 1511 525 1636 perna
552 1495 712 1558 caumas
734 1490 877 1571 Philippi.
925 1493 1042 1558 Marcus
1067 1495 1146 1560 hune
1170 1475 1263 1560 ser-l

67 1593 190 1636 monem
209 1575 241 1634 in
261 1573 368 1636 itinere
389 1574 425 1634 ba
448 1575 520 1636 itum
541 1594 603 1636 esse
613 1573 716 1649 tradit:
736 1571 925 1646 Lucasvero,
944 1592 1034 1651 quum
1054 1585 1155 1635 oraret
1164 1575 1234 1636 naal·

30 1673 38 1684 ·
68 1651 175 1730 losqne
194 1672 293 1712 secum
313 1649 439 1711 haberet
457 1663 576 1732 praeter
594 1649 766 1738 discipulosp
789 1648 955 1708 Matthaeus
975 1669 1038 1711 non
1057 1649 1098 1711 ita
1117 1651 1234 1717 curiose

67 1739 128 1788 tem
152 1750 186 1787 us
205 1739 300 1788 notat.
327 1727 449 1788 Certum
463 1740 560 1788 tannen
579 1737 633 1800 est,
653 1726 776 1786 eandem
796 1747 813 1784 a
833 1723 927 1788 tribua
946 1725 1098 1789 historiam
1118 1728 1236 1806 reterri,

69 1816 99 1864 et
142 1804 186 1864 eri
206 1815 321 1884 potest,
340 1816 374 1864 ut
393 1803 527 1866 Christus
547 1803 577 1864 in
598 1803 648 1862 illa
668 1800 928 1883 peregrinatione,
978 1815 1112 1885 ostquam
1133 1803 1164 1864 in
1182 1804 1235 1868 illa
1263 1873 1267 1880 ,

69 1881 199 1941 statione
221 1879 258 1942 ali
281 1902 316 1941 oa
337 1893 471 1962 precatus
492 1892 579 1955 essct,
598 1877 827 1969 interrogaverit
846 1823 1013 1958 discipulos.
1051 1881 1149 1942 Porro
1165 1883 1236 1961 quia

71 1957 179 2038 duplex
191 1969 255 2018 erat
295 1979 410 2018 aesarea
432 1961 529 2038 (vetus
543 1957 592 2018 illa
612 1969 643 2016 et
661 1955 803 2030 nohdior,
823 1976 897 2034 quae
918 1955 999 2035 prius
1017 1950 1235 2020 turrisStrato-

70 2035 129 2094 nis:
158 2046 190 2095 et
209 2033 282 2096 haec
302 2035 339 2096 ad
358 2033 469 2096 radices
489 2032 597 2094 Libani
617 2033 743 2106 montis,
763 2052 823 2091 non
845 2033 949 2112 procul
969 2054 985 2092 a
1005 2034 1135 2096 Iordane
1155 2035 1237 2113 sita),

71 2109 228 2190 epitheton
249 2111 445 2174 distinctionis
466 2132 550 2171 causa
570 2110 695 2170 additur.
732 2108 797 2170 Etsi
817 2108 896 2168 enim
917 2109 1034 2187 quidam
1046 2123 1161 2191 putant,
1181 2131 1237 2172 eo·

71 2189 136 2248 dem
158 2187 190 2247 in
210 2188 279 2250 loco
300 2199 471 2250 exstructam
493 2207 566 2261 esse,
585 2185 639 2246 ubi
658 2185 731 2252 olim
752 2195 815 2244 erat
834 2185 902 2244 Dan
923 2184 1081 2265 oppidum,
1121 2187 1169 2246 uia
1188 2199 1237 2246 ta-

70 2285 139 2324 rnen
160 2285 257 2345 nuper
277 2275 419 2325 exstructa
433 2263 527 2324 luerat
538 2261 705 2342 anilippo
719 2261 893 2335 Tetrarcha,
911 2272 1017 2322 uocata
1030 2262 1085 2321 luit
1095 2207 1237 2344 dhitippt.

73 2341 166 2424 Qaaem
184 2365 230 2402 oce
248 2339 347 2402 dicunt
364 2337 500 2400 domines.
539 2339 644 2398 Posset
662 2337 755 2397 videri
767 2357 879 2411 sensus,
899 2353 1044 2416 quaenam
1055 2337 1146 2421 vulgo
1159 2339 1237 2420 lama

72 2430 149 2480 esset
169 2419 206 2478 de
226 2419 440 2497 Redemptore,
460 2415 509 2496 qui
530 2415 606 2476 lilius
626 2413 753 2474 hominis
773 2411 866 2472 lactus
887 2426 959 2473 erat.
987 2414 1053 2474 Alia
1073 2425 1172 2474 tamen
1193 2427 1238 2478 est

72 2496 223 2574 quaestio:
243 2515 351 2574 nempe
372 2493 510 2572 quidnam
532 2491 568 2552 de
581 2489 841 2555 lesuliliolllariae
861 2489 992 2549 sentiant
1009 2490 1153 2550 homines.
1174 2491 1238 2551 Suo

72 2583 170 2632 autem
190 2593 274 2632 more
295 2591 406 2630 nomen
423 2569 490 2650 filii
513 2567 637 2629 hosticis
661 2565 796 2638 assumit,
825 2564 884 2625 acsi
904 2565 1033 2638 diceret,
1063 2567 1149 2626 Nunc
1170 2568 1239 2628 dum

72 2669 162 2708 carne
184 2649 301 2711 indutus
322 2647 352 2706 in
373 2649 598 2719 terrisrversor,
623 2655 763 2723 tanquam
781 2663 856 2701 unus
877 2663 912 2700 ex
930 2642 1084 2704 hominum
1103 2663 1240 2718 numero,

73 2727 224 2804 quodnam
245 2726 281 2786 de
301 2745 348 2784 nae
369 2736 413 2784 est
432 2721 591 2786 iudicium?
631 2717 797 2782 Consilium
819 2730 915 2778 autem
933 2718 1045 2780 Christi
1066 2717 1132 2792 luit,
1151 2719 1239 2780 disci-

73 2802 159 2884 pulos
180 2803 275 2863 solide
296 2802 411 2861 firmare
431 2803 461 2860 in
482 2811 562 2860 certa
582 2797 657 2872 lide,
687 2815 726 2854 ne
746 2794 825 2856 inter
843 2794 941 2856 varios
961 2815 1095 2858 rumores
1113 2797 1240 2857 fluctua-

73 2891 194 2954 rentur,
214 2879 362 2940 utstatim
383 2876 555 2939 videbimus.

150 2965 199 3021 ta.
237 2955 307 3018 Alii
329 2955 477 3015 Ioannem.
531 2953 588 3012 Hic
612 2967 711 3030 neque
737 2947 774 3009 de
819 2947 938 3010 rolessis
959 2948 1070 3011 Christi
1094 2949 1241 3026 hostibus,

74 3055 173 3113 neque
198 3033 236 3092 de
283 3032 394 3092 rosauis
420 3027 689 3110 contemptoribus,
720 3027 772 3086 sed
797 2969 833 3086 de
860 3025 953 3108 magis
978 3045 1048 3086 sana
1073 3039 1104 3088 et
1122 3027 1240 3120 integra
1293 3021 1304 3044 ⁸

74 3123 159 3190 parte
180 3053 301 3190 populi,
331 3121 361 3168 et
381 3107 462 3188 quasi
483 3109 519 3168 de
540 3105 650 3166 selecto
670 3101 820 3165 Ecclesiae
845 3103 921 3164 dore
982 3103 1053 3164 itur:
1083 3125 1135 3166 eos
1160 3125 1240 3165 emm

75 3199 191 3247 tantum
212 3197 445 3246 commemorant
464 3181 608 3263 discipuli,
629 3180 679 3260 qui
698 3179 863 3240 honorilice
884 3179 957 3242 deC
997 3180 1052 3243 isto
1073 3180 1241 3261 loqueban-

74 3275 134 3338 tur,
155 3274 297 3324 ettamen
312 3283 402 3341 qoum
420 3261 478 3320 illis
497 3257 652 3340 proposita
671 3255 710 3316 sit
728 3255 846 3331 veritas,
866 3277 954 3317 neruo
975 3257 1011 3316 ad
1032 3276 1097 3318 eum
1118 3280 1244 3338 scopum

75 3339 191 3414 tendit,
221 3337 273 3400 sed
301 3359 403 3398 omnes
429 3338 458 3398 in
484 3336 543 3398 suis
568 3332 677 3394 deliciis
697 3345 885 3393 evanescunt.
923 3333 1014 3393 Unde
1061 3335 1244 3415 erspicImus,

77 3428 188 3496 quanta
208 3416 246 3476 sit
265 3414 384 3474 humani
402 3413 516 3496 ingenii
537 3409 688 3484 debilitas,
708 3410 789 3488 quod
809 3429 870 3470 non
888 3409 980 3470 modo
1002 3355 1075 3470 aiiii
1096 3412 1170 3472 recti
1190 3422 1242 3471 aut

76 3493 140 3552 veri
161 3514 178 3552 a
197 3513 229 3552 se
250 3493 411 3570 concipere
453 3500 541 3562 otest,
560 3487 612 3547 sed
632 3506 666 3547 ex
685 3487 761 3546 veris
774 3486 862 3546 etiarn
875 3485 1028 3566 principiis
1048 3507 1165 3547 errores
1185 3486 1243 3548 sibi

77 3568 212 3630 fabricat
251 3569 337 3629 Adde
359 3588 419 3647 qno
441 3611 450 3636 ,
470 3587 559 3646 quum
577 3561 711 3624 Christus
730 3563 848 3623 unicum
868 3561 906 3622 sit
926 3564 1105 3624 concordiae
1122 3573 1153 3623 et
1184 3563 1243 3624 acia

77 3647 207 3740 signius,
226 3666 286 3736 quo
298 3645 380 3705 Deus
401 3654 496 3702 totum
517 3641 658 3710 mundum
678 3641 714 3700 ad
734 3659 765 3700 se
785 3638 910 3720 colligit,
931 3639 1000 3698 hinc
1020 3639 1140 3700 maioris
1160 3585 1243 3700 dissi-

79 3724 120 3784 dn
140 3743 329 3792 occasionem
350 3719 445 3780 maior
462 3741 528 3800 pars
548 3717 661 3797 arripit.
721 3713 812 3776 Certe
837 3717 916 3776 inter
935 3716 1062 3776 Iudaeos
1088 3735 1150 3774 non
1171 3715 1244 3776 alibi

79 3821 169 3881 qnam
188 3799 219 3858 in
242 3787 364 3862 Cbrislo
385 3795 540 3856 constabat
559 3793 628 3854 fidei
647 3793 757 3854 unitas:
789 3805 820 3854 et
838 3792 1014 3882 tamemqui
1033 3791 1143 3882 aliquid
1163 3791 1245 3882 prins

78 3897 242 3939 consensus
261 3873 437 3935 ridebantur
455 3872 533 3932 inter
552 3891 583 3932 se
603 3869 723 3945 babere,
744 3891 822 3930 nunc
842 3868 874 3928 in
891 3889 985 3928 varias
1004 3879 1165 3930 sententias
1185 3867 1246 3928 dra-

78 3953 191 4014 siliunt
249 3951 390 4011 Videmus
410 3948 513 4022 etiam,
550 3957 585 4006 ut
610 3968 695 4008 error
723 3945 848 4008 subinde
872 3962 1004 4004 errorem
1028 3944 1139 4024 pariat,
1177 3965 1257 4005 nam·

79 4029 150 4110 quia
170 4027 252 4109 vulgi
272 4027 374 4089 animis
394 4035 582 4117 praesumpta
606 4023 756 4084 insederat
781 4021 902 4103 opinio,
931 4021 964 4082 in
985 4021 1097 4084 diversa
1117 4041 1247 4103 corpora

79 4107 194 4176 animas
214 4104 354 4187 migrare,
372 4104 443 4164 hanc
461 4101 497 4162 fn
515 4113 549 4161 ut
567 4099 604 4160 ad
623 4099 723 4160 falsam
742 4101 818 4161 hanc
829 4095 1072 4180 imaginationem
1085 4099 1178 4184 magis
1189 4099 1250 4160 sint

77 4183 235 4324 propensi.
275 4180 433 4272 Caetepum
455 4175 586 4260 quamvis
599 4175 711 4238 Christi
727 4177 855 4270 aduentu
873 4173 1003 4312 i‘qalhunc
1022 4175 1249 4269 modumdivisi

80 4257 525 4416 ,scientiaeaut
540 4252 1249 4430 sciscitaturumaranu
