2766 4834
349 239 899 348 (ι-ιιιιιιιιιιιιιιιι
1147 277 1188 340 m

41 416 162 491 salicta,
183 437 288 499 qnam
308 419 396 480 Deus
415 417 559 502 singulari
578 419 635 482 isto
655 422 773 482 bondre
793 419 823 482 di
845 429 930 481 natus
950 429 1010 494 est,
1028 431 1062 481 ut
1079 422 1186 486 Filium

39 516 118 566 sunm,
138 495 174 586 in
195 517 271 576 quo
293 497 492 588 spiritualiter
510 507 573 587 erat
591 518 624 559 re
648 499 737 590 enita,
755 440 868 558 mundo
879 505 1016 634 pareret.
1041 499 1082 590 ξι
1095 498 1186 592 bodie

39 571 323 786 {litigi
341 571 536 784 ιιιιζιζ
565 572 1188 736 mumius?mussi

75 747 161 784 usur
182 747 240 785 ma
298 747 413 786 messe
434 747 515 786 vous

39 802 305 970 „offi‘i‘
321 799 475 940 limi·
496 803 1187 962 ,littltet‘ttttttf'lttt0stillis

39 967 253 1046 prpsequsturr:
276 977 377 1036 neque
397 968 495 1047 tomen
511 953 666 1048 sublimius
686 979 772 1038 quam
793 957 896 1048 deceat
915 957 1031 1018 extollit
1049 979 1115 1020 cum
1126 960 1187 1022 Dei

39 1053 141 1091 num.
186 1033 280 1094 Nam
301 1035 395 1169 qu
416 1042 615 1124 ingenita-est
632 1032 743 1094 mundo
764 1034 1014 1126 pravptaslpauci
1032 1046 1115 1112 sunt,
1134 1037 1187 1116 qui

39 1127 89 1166 noe
107 1109 216 1191 altero
243 1131 284 1170 ex
325 1108 422 1170 uobus
438 1109 487 1200 lus
504 1120 583 1200 urbis
602 1109 749 1172 laborent.
787 1109 868 1202 Quin
887 1109 937 1201 alu
955 1109 1013 1170 subs
1023 1110 1099 1174 ultra
1118 1134 1186 1174 mo·

39 1185 95 1242 dom
137 1184 307 1261 latentes,
337 1197 372 1244 nt
390 1185 448 1245 sols
469 1199 632 1263 emmeant,
661 1187 739 1247 dona
759 1185 818 1246 Der
837 1185 967 1268 maligne
990 1201 1136 1268 spernunt
1153 1190 1186 1250 in

39 1261 73 1318 ira
100 1261 109 1276 '
132 1283 169 1322 us
191 1263 282 1337 suis,
313 1261 364 1322 alii
389 1283 462 1321 vero
483 1261 618 1324 homines
648 1264 723 1323 odeo
743 1262 944 1343 superstitiose
963 1264 1122 1342 extollunt,
1152 1279 1187 1326 ut
1214 1299 1218 1306 =

40 1339 107 1397 idola
126 1337 192 1400 sibi
215 1339 255 1399 in
277 1337 337 1399 illis
357 1337 521 1413 fabricent,
550 1339 620 1400 binc
640 1340 748 1400 lacuum
770 1349 881 1412 estut,
910 1336 1030 1399 Christo
1054 1341 1186 1404 velutin
1262 1391 1276 1416 ,

40 1413 208 1475 subsellium
234 1415 380 1490 redacto,
410 1417 503 1496 prima
523 1417 607 1477 sedes
627 1414 739 1476 blaciae
759 1413 947 1474 tribueretur.
987 1415 1101 1478 Contra
1120 1419 1187 1478 Eli-

40 1489 131 1550 sabeth
154 1493 190 1550 in
217 1511 256 1552 ea
279 1492 461 1553 celebranda
482 1493 556 1552 adeo
576 1512 639 1553 non
659 1489 799 1552 obscurat
812 1489 873 1550 Dei
906 1489 1021 1564 loriam,
1037 1503 1070 1552 ιιι
1088 1495 1187 1574 potios

43 1568 71 1626 sd
84 1567 187 1628 Deum
213 1568 322 1628 omnia
342 1569 463 1629 reserat.
501 1568 625 1628 Interim
645 1580 754 1641 umen,
774 1567 841 1648 quia
860 1509 917 1629 sibi
938 1579 969 1626 et
987 1567 1051 1628 aliis
1071 1569 1187 1650 praela-

42 1655 90 1702 tam
109 1646 279 1726 agnoscit,
308 1645 496 1725 superiorem
558 1645 643 1706 adum
670 1645 801 1714 illinon
827 1641 954 1717 invidet,
982 1644 1109 1736 plusque
1128 1645 1187 1708 sibi

138 1722 303 1782 debeatur
321 1722 451 1782 concedi
469 1742 519 1781 mo
542 1733 603 1782 este
616 1721 775 1804 praedicat
802 1719 895 1795 Quod
914 1721 1037 1782 illamam
1057 1721 1188 1814 appellat

67 1798 159 1858 omini
180 1799 233 1858 sui
254 1809 394 1873 matrem,
413 1809 533 1860 notatur
552 1819 697 1890 personae
716 1799 812 1858 unitas
827 1797 858 1856 in
875 1795 987 1858 duabus
1000 1797 1112 1860 Cbristr
1131 1821 1186 1860 na-

42 1875 122 1948 turis,
153 1876 223 1936 acsi
245 1875 384 1949 dixisset,
404 1896 486 1948 emo,
512 1897 562 1956 qus
603 1875 699 1936 enitus
720 1885 764 1936 est
782 1873 914 1934 mortalis
934 1874 1025 1934 homo
1046 1875 1077 1936 in
1097 1888 1185 1938 utero

41 1949 165 2028 bariae,
208 1951 301 2012 simul
326 1963 480 2012 aeternum
504 1971 567 2013 esse
623 1973 699 2013 eum.
737 1949 914 2012 Tenendum
940 1952 1019 2012 enim
1042 1953 1186 2016 memoria

44 2039 89 2100 est,
108 2027 291 2121 non‘luoqui
312 2048 348 2088 ex
368 2028 493 2118 proprio
513 2049 601 2119 sensu
620 2027 831 2120 mulierculam,
850 2025 901 2088 sed
920 2038 1034 2120 tanturn
1068 2029 1186 2092 rolerre

44 2123 110 2240 tt?
123 2105 862 2272 {tittiffffidttlislttf‘tt‘tlt
880 2118 1185 2245 {stilletis

44 2269 189 2336 potestas,
221 2269 257 2319 et
281 2258 334 2338 qui
360 2258 511 2320 ordinatus
538 2269 583 2320 est
606 2279 733 2319 summus
758 2256 836 2320 coeli
861 2267 893 2316 et
917 2267 1014 2318 terrae
1035 2257 1185 2340 princeps,

79 2357 94 2393 r
111 2337 200 2396 euius
220 2356 344 2394 manum
363 2334 447 2394 Deus
466 2334 566 2396 omnia
585 2334 741 2418 gubernet.
778 2332 925 2394 Fidelium
944 2345 1043 2395 tamen
1061 2337 1186 2398 maxime

71 2413 191 2474 ominus
212 2423 276 2487 est,
309 2410 362 2492 qui
388 2431 419 2470 se
446 2412 508 2472 eius
535 2409 661 2492 imperio
681 2422 789 2492 sponte
816 2420 847 2469 et
886 2409 981 2471 laoide
1000 2409 1186 2488 submittunt,

44 2507 138 2635 ιι
161 2489 425 2641 ιιιιι
754 2484 1057 2624 ιιιιι

928 2604 939 2636 i

43 2639 97 2701 boe
118 2611 183 2716 ist,
216 2641 290 2702 fidei
315 2641 498 2718 domesticis,
528 2640 647 2700 unicum
672 2658 734 2699 esse
766 2635 927 2699 dominum.
971 2637 1069 2698 Porro
1096 2659 1185 2718 quum

48 2715 124 2778 istam
144 2719 211 2778 Dei
232 2717 370 2801 gratiam,
390 2717 427 2778 de
446 2739 503 2796 qaia
523 2715 666 2798 loquitur,
685 2713 846 2795 amplificat
864 2732 899 2772 ex
916 2711 1016 2774 subito
1035 2725 1119 2774 motu
1138 2715 1186 2776 in·

48 2793 140 2870 lentis,
161 2817 256 2875 quem
275 2806 365 2856 utero
407 2793 527 2868 estabat,
547 2814 610 2854 non
630 2792 751 2854 dubium
771 2803 816 2852 est
834 2789 906 2870 quin
925 2789 1028 2851 testari
1047 2789 1134 2867 velit,
1152 2813 1187 2854 se

51 2869 159 2952 aliquid
181 2894 218 2931 su
243 2813 462 2956 eruaturabset
480 2869 610 2931 divinum
628 2869 762 2930 sensisse.
821 2892 822 2903 ¹

117 2957 171 3015 45.
210 2893 312 3008 bem
335 2969 412 3028 quas
433 2945 563 3008 eredidit.
603 2945 733 3023 Quando
755 2965 790 3006 ex
807 2944 963 3026 superiore
981 2943 1083 3006 Lucae
1100 2947 1186 3008 testi·

48 3027 149 3086 nonio
170 3036 307 3099 constat,
339 3044 449 3084 arcano
468 3023 596 3106 Spiritus
620 3009 745 3104 impulsis
764 3021 917 3114 loquutam
937 3041 1000 3083 esse
1020 3021 1185 3100 Elisabeth,

50 3101 95 3162 ille
116 3101 248 3182 Spiritus
270 3113 326 3174 est,
346 3099 398 3180 qui
418 3101 557 3174 blariam,
577 3120 615 3162 eo
636 3100 717 3181 quod
737 3099 873 3176 credidit,
892 3099 1008 3159 beatam
1029 3120 1091 3162 esse
1111 3123 1184 3182 pro-

50 3179 180 3254 nuntiat,
205 3189 237 3238 et
255 3175 370 3238 Mariae
395 3175 483 3236 fidem
501 3176 648 3238 laudando
690 3176 849 3236 eneraliter
871 3170 1028 3250 admouet,
1053 3175 1106 3237 ubi
1129 3179 1184 3240 sita
1214 3178 1216 3189 ’

51 3255 85 3313 sit
102 3277 174 3316 vera
194 3255 350 3314 bominum
370 3253 503 3314 felicitas.
542 3254 625 3315 Felix
678 3254 752 3328 aria,
777 3273 853 3333 quae
872 3252 932 3313 Dei
952 3252 1184 3344 promissionem

52 3333 140 3392 eorde
165 3332 298 3412 amplexa
323 3329 382 3392 sibl
407 3331 523 3410 totique
547 3329 659 3391 mundo
682 3329 805 3390 salutem
834 3341 975 3420 concepit
998 3349 1032 3390 ae
1056 3332 1184 3412 peperit.

53 3407 121 3544 pone
137 3407 181 3468 illi
203 3405 349 3488 speciale:
380 3406 521 3498 sednquia
540 3405 620 3468 nulla
640 3404 727 3467 nobis
747 3405 891 3481 institiae,
915 3417 1008 3482 vilae,
1028 3417 1079 3466 aut
1097 3408 1184 3470 ullius

92 3507 122 3544 ιιι
184 3497 227 3546 lla
245 3507 279 3545 su
325 3504 342 3544 e

54 3573 82 3618 et
101 3507 183 3622 fidisu
195 3505 334 3642 quaepapb
355 3571 483 3620 extrema
502 3560 604 3640 inopia
625 3571 656 3620 et
673 3559 790 3620 miseria
811 3570 930 3640 ereptos
949 3579 1036 3620 verae
1056 3558 1184 3620 felicita·

51 3637 87 3696 tis
105 3659 160 3698 nos
180 3638 254 3700 lacit
271 3648 436 3718 compotes.
473 3639 515 3697 Et
538 3657 676 3718 magnum
703 3637 820 3716 pondus
845 3636 923 3696 inest
945 3635 1013 3697 buic
1038 3635 1185 3712 membro,

52 3719 119 3794 prin
140 3715 378 3792 complanctum
400 3716 455 3774 erit
476 3713 623 3788 omnibu,
654 3735 729 3794 quoe
750 3711 828 3774 dioto
849 3725 924 3773 sent.
968 3711 1078 3772 Sensus
1104 3711 1183 3772 enim

54 3802 109 3865 est,
138 3793 197 3853 lide
229 3792 329 3853 locum
350 3791 413 3851 dari
437 3789 681 3870 promissionibus
710 3789 833 3863 divinis,
870 3801 904 3848 ιιι
928 3809 1011 3848 suum
1037 3789 1068 3849 in
1093 3787 1182 3848 nobis

55 3867 190 3929 ellectmn
202 3867 369 3930 obtineant.
397 3866 519 3928 Certrrm
536 3867 655 3954 quidem
670 3878 723 3941 est,
743 3887 805 3926 uon
824 3864 957 3947 pendere
978 3885 1012 3924 ex
1031 3863 1183 3928 bominum

55 3945 175 4006 arbitrio
193 3947 254 4006 nei
273 3945 444 4018 veritatem,
474 3944 545 4023 quin
565 3943 663 4024 potius
682 3963 784 4006 verum
804 3953 848 4003 est
866 3941 938 4002 illud
957 3941 1060 4019 (Rom.
1079 3947 1109 4014 3,
1128 3945 1184 4018 4.),

55 4019 146 4080 Deum
168 4033 317 4104 perpetuo
337 4041 472 4080 veracem
490 4041 627 4094 manere,
652 4021 781 4101 quamvis
802 4031 880 4081 totos
899 4017 1023 4078 mundus
1049 4017 1115 4098 (qui
1136 4019 1184 4078 io-

58 4099 184 4160 rredulus
204 4111 250 4160 est
269 4121 305 4160 ac
324 4097 464 4176 mendax)
485 4095 562 4156 illius
581 4097 668 4158 iidem
688 4097 866 4158 labefactare
882 4105 1022 4156 conetur:
1041 4095 1093 4156 sed
1113 4096 1183 4175 quia

57 4173 165 4256 indigni
182 4189 253 4236 sunt
271 4173 430 4248 increduli,
449 4174 499 4254 qui
519 4175 746 4254 promissionum
765 4173 892 4234 fructum
912 4171 1092 4254 percipiant,
1113 4171 1183 4232 ideo

59 4250 140 4311 docet
163 4253 336 4334 Scriptura,
366 4250 425 4310 fide
450 4260 563 4311 tantum
590 4249 725 4310 efficaces
751 4271 813 4312 esse
840 4250 869 4309 in
894 4247 1016 4308 salutem
1043 4259 1183 4309 nostram.

59 4325 153 4390 Ollert
172 4331 254 4390 enim
274 4329 360 4388 Deos
379 4349 430 4386 sua
450 4326 596 4388 beneficia
620 4326 786 4410 promiscue
813 4323 963 4400 omnibus,
992 4325 1064 4392 fides
1085 4337 1183 4385 autem

60 4405 143 4468 tinum
164 4408 202 4470 ad
223 4427 259 4468 ea
280 4401 453 4490 recipienda
474 4403 625 4488 expandit:
651 4401 839 4466 incredulitas
857 4413 955 4466 autem
976 4401 1110 4466 excidere
1130 4421 1183 4488 pes

343 3483 394 3558 tit,
413 3505 468 3544 ursi
489 3495 629 3576 quantum
646 3483 740 3546 verbo
759 3503 814 3544 suo
832 3481 980 3544 Dominus
1000 3481 1107 3558 oliert,
1125 3505 1185 3548 una
