2814 4846
476 226 559 304 (113.
596 223 713 286 Martha
733 233 764 296 et
783 225 902 321 Maria)
974 213 978 220 ’
1221 232 1262 298 aq

92 380 189 460 pient,
208 373 439 468 quasiChristns
453 375 543 438 vitam
561 375 768 458 speculativam
788 399 855 440 cum
874 379 968 442 activa
988 399 1055 442 com
1078 391 1151 457 aret,
1170 402 1261 464 quum
1365 435 1367 440 .

93 453 270 537 simpliciter
290 454 438 528 ostendat,
459 473 597 532 quorsum
618 467 648 515 et
667 457 820 535 quomodo
839 457 912 520 velit
930 457 1022 538 recipi
1082 458 1178 520 rietus.
1196 461 1262 521 Etsi
1376 507 1381 517 .

93 533 172 594 enim
192 530 282 590 laude
303 529 393 612 digna
413 530 469 589 luit
480 529 611 591 Marthae
631 531 824 623 hospitalitas,
843 533 928 610 sicuti
947 532 1091 610 laudatur,
1110 535 1143 594 in
1164 556 1198 596 ea
1213 547 1261 596 ta-

91 629 159 670 men
182 605 319 667 Christus
345 607 404 667 duo
429 606 498 666 vitia
523 619 615 668 notat.
654 607 739 668 Prius
767 619 828 684 est,
857 611 938 689 quod
959 612 1120 691 satagendo
1140 612 1262 672 modum
1362 619 1387 664 2'

91 686 251 746 excederet
260 683 389 744 Martha:
409 682 538 748 malebat
557 685 635 744 enim
647 682 779 748 Christus
798 687 957 767 frugaliter
966 699 996 747 et
1010 687 1129 748 modico
1143 701 1262 768 sumptu

90 761 228 833 tractari,
249 781 336 838 quam
355 772 486 820 sanctam
505 772 669 821 matronam
689 762 839 842 suscipere
857 775 970 824 tantum
991 763 1110 824 laboris.
1144 765 1262 826 Secun·
1312 761 1318 772 '

91 841 159 902 dum
179 837 286 896 vitium
307 848 384 911 erat,
405 835 484 916 quod
503 837 619 897 Martha
638 859 670 898 se
690 839 781 918 ipsam
802 841 975 914 distrahens,
995 852 1025 900 et
1043 841 1197 921 superfluis
1217 841 1262 902 la-

90 913 215 976 boribus
236 933 267 973 se
288 933 451 994 occupans,
472 911 607 973 inutilem
626 913 684 976 sibi
701 915 844 976 reddebat
864 915 976 978 Christi
994 917 1162 978 adrentum.
1200 919 1261 978 Ex-

91 1012 206 1052 cessum
231 989 311 1049 enim
336 1000 422 1050 notat
439 989 549 1065 Lucas,
579 991 646 1049 dum
673 991 757 1052 multi
781 993 936 1054 ministerii
961 993 1111 1070 meminit,
1142 994 1262 1076 quando

91 1067 229 1129 Christus
249 1065 368 1125 modico
389 1077 546 1126 contentus
568 1077 639 1126 erat.
676 1067 806 1129 Perinde
832 1071 911 1130 enim
938 1070 996 1131 boc
1016 1070 1088 1147 suit,
1118 1071 1176 1131 a'esi
1197 1071 1263 1150 quis

64 1143 276 1224 ‘Prophetam
301 1141 464 1204 honorifice
524 1141 636 1222 cipiens
660 1163 727 1204 eum
753 1144 854 1206 audire
873 1165 936 1205 non
956 1159 1054 1222 curet,
1085 1147 1137 1208 sed
1161 1147 1262 1228 potius

90 1241 201 1312 magno
223 1230 256 1279 et
274 1219 423 1297 superfluo
444 1240 480 1299 ap
521 1230 587 1278 ratu
611 1220 735 1300 sepeliat
754 1242 872 1282 omnem
893 1213 1067 1283 doctrinam.
1105 1223 1197 1304 Atqui
1217 1222 1263 1284 le-

91 1299 195 1380 giuma
208 1295 426 1374 Prophetarum
445 1296 580 1374 receptio
592 1306 646 1371 est,
666 1298 734 1356 dum
746 1297 869 1373 utilitas,
889 1319 976 1378 quam
988 1320 1042 1378 per
1061 1319 1113 1362 eos
1134 1300 1263 1360 destinat

91 1373 180 1434 nobis
200 1373 284 1432 Deus
303 1392 337 1431 ac
358 1371 460 1446 ollert,
477 1371 649 1452 percipitur.
687 1373 829 1434 Videmus
848 1395 942 1448 nunc,
962 1386 995 1433 ut
1014 1374 1161 1446 laudabile
1180 1376 1262 1435 Mar-

89 1453 159 1511 thae
186 1447 319 1509 olficium
346 1447 446 1508 naevis
469 1459 568 1510 umen
594 1449 653 1508 suis
675 1469 739 1510 non
764 1449 866 1510 caruit.
907 1450 1041 1512 Accessit
1064 1451 1122 1512 hoc
1142 1471 1264 1542 quoque

90 1527 172 1598 mali,
194 1525 277 1605 quod
297 1525 423 1599 Martha,
442 1523 499 1584 sibi
518 1523 550 1583 in
569 1523 747 1588 turbulentis
769 1527 867 1606 operis
883 1526 1012 1606 placens,
1030 1527 1112 1606 pium
1132 1527 1264 1588 docendi

90 1604 221 1664 studium
247 1602 279 1660 in
305 1620 410 1662 sorore
436 1600 624 1681 contempsit.
670 1601 742 1678 Quo
769 1603 904 1684 exemplo
928 1623 1100 1678 monemur,
1130 1602 1264 1664 inrecte

88 1679 211 1765 agendo
230 1699 349 1757 semper
369 1678 532 1738 cavendum
552 1697 630 1754 esse,
648 1699 687 1741 ne
707 1679 756 1739 alii
776 1680 838 1740 aliis
857 1701 889 1740 se
908 1680 1087 1774 praeierant.
1124 1693 1127 1705 ·

168 1761 217 1819 41.
263 1753 361 1816 Unum
378 1768 420 1815 est
440 1759 643 1816 nomas-iuna
684 1756 814 1831 Quidam
843 1757 930 1818 nimis
962 1756 1070 1840 frigide
1101 1768 1265 1842 exponunt,

90 1829 229 1896 sufficere
248 1853 340 1892 unum
359 1829 464 1891 ferculi
505 1852 586 1892 enus.
625 1831 685 1892 Alii
704 1833 860 1910 subtiliter,
879 1834 931 1895 sed
950 1845 1032 1896 extra
1049 1853 1123 1908 rem,
1143 1833 1181 1894 de
1194 1835 1264 1894 tto-

90 1909 170 1970 nade
190 1909 349 1990 disputant.
388 1907 450 1967 Sed
469 1851 528 1970 abo
546 1909 690 1988 spectavit
710 1908 861 1984 Christus,
880 1930 988 1992 nempe
1009 1909 1150 1990 quicquid
1169 1929 1263 1993 agen·
1317 1927 1350 1997 ῃ

90 1987 162 2048 dum
180 1985 343 2066 suscipiant
360 1983 473 2060 fideles,
494 1995 524 2045 et
542 2006 722 2066 quocunque
741 2007 772 2046 se
793 1987 956 2068 applicent,
974 2005 1066 2047 unum
1085 2000 1185 2048 tamen
1196 2007 1264 2048 sco-

90 2084 163 2144 pum
185 2081 258 2139 esse,
278 2061 315 2122 ad
335 2081 422 2140 quem
441 2061 548 2122 referri
568 2062 668 2122 omnia
680 2064 847 2124 conveniat.
886 2063 1006 2124 Summa
1025 2063 1117 2146 igitur
1137 2075 1192 2138 est,
1210 2083 1262 2124 ra·
1362 2101 1364 2106 ·

90 2139 158 2232 gari
177 2159 233 2200 nos
253 2159 308 2218 per
327 2137 429 2198 inanes
449 2137 604 2213 circuitus,
622 2139 679 2198 nisi
700 2159 803 2200 omnes
822 2150 939 2200 nostras
958 2139 1092 2200 actiones
1111 2139 1264 2223 dirigimus

90 2237 123 2276 m
143 2225 259 2276 certum
278 2214 377 2274 finem.
416 2215 490 2274 Ideo
508 2214 615 2274 vitiosa
636 2226 700 2274 erat
719 2215 902 2295 hospitalitas
921 2216 1073 2292 Marthae,
1092 2216 1158 2295 quia
1179 2225 1270 2296 post-

90 2291 196 2353 habito
217 2291 379 2372 praecipuo
400 2291 497 2373 capite
518 2302 581 2350 tota
600 2291 637 2350 ad
653 2291 845 2382 satagendum
858 2286 1038 2371 rapiebatur.
1058 2293 1122 2354 Nec
1132 2312 1206 2352 vero
1216 2290 1265 2350 in·

92 2368 206 2450 telligit
226 2367 376 2442 Christus,
401 2377 525 2447 excepto
546 2365 604 2426 hoc
624 2385 685 2426 uno
705 2365 791 2426 nihili
812 2387 885 2426 esse
893 2368 950 2429 alia
970 2368 1088 2442 omnia,
1110 2369 1162 2430 sed
1183 2367 1264 2429 ordi-

91 2467 161 2507 nem
173 2443 337 2526 prudenter
348 2444 518 2516 tenendum,
538 2461 577 2500 ne
590 2443 794 2518 accessorium,
812 2453 974 2518 utvocant,
993 2445 1169 2522 praevaleat.
1187 2443 1265 2502 Mo-

91 2527 140 2584 rio
157 2523 265 2582 mm
278 2535 404 2596 portem.
441 2519 530 2582 Nulla
551 2529 595 2577 est
613 2517 662 2578 hic
682 2519 886 2599 comparatio,
911 2519 1159 2598 quemadmodum
1183 2517 1266 2579 stulti

42 2663 45 2670 ,
92 2611 124 2662 et
142 2598 266 2660 absurdi
286 2598 464 2678 interpretes
484 2593 642 2670 somniant,
661 2596 837 2656 sedtantum
868 2595 1180 2674 ronuntiathristns,
1200 2595 1266 2655 llin-
1329 2645 1334 2656 .

92 2677 165 2752 riam
185 2676 217 2734 in
238 2687 341 2734 sancto
362 2687 392 2735 et
411 2672 476 2732 utili
495 2671 592 2732 studio
613 2671 768 2752 occupari,
798 2615 877 2731 unde
904 2669 1032 2734 'abstrahi
1058 2691 1121 2731 non
1147 2671 1266 2806 debeat,

93 2753 152 2814 acsi
171 2751 301 2826 dixisset,
320 2751 388 2811 Iure
408 2769 543 2810 sororem
561 2760 641 2808 tuam
660 2747 904 2829 reprehenderes,
924 2748 949 2808 si
969 2747 1032 2809 otio
1049 2747 1206 2830 indulgens
1216 2767 1252 2808 ve

94 2829 231 2890 inanibus
252 2827 328 2888 curis
347 2825 505 2908 implicita,
535 2825 583 2884 vel
607 2826 687 2886 aliud
712 2824 813 2886 officio
833 2845 887 2886 suo
913 2825 1009 2884 minus
1034 2835 1266 2886 consentaneum

94 2917 248 2988 appetens,
268 2913 365 2964 totum
377 2925 451 2964 onus
473 2903 622 2966 curandae
641 2901 686 2963 rei
706 2895 884 2963 domesticis
904 2901 936 2962 in
955 2914 987 2962 te
1006 2901 1154 2962 reiiceret,
1178 2901 1267 2968 Nunc

93 3003 177 3057 ιειο,
219 3001 289 3041 num
303 2993 384 3042 recte
400 2993 429 3040 et
447 2979 560 3040 utiliter
579 3001 611 3039 se
631 2980 667 3040 ad
687 2978 865 3038 audiendum
885 2978 1055 3055 contulerit,
1074 2979 1209 3058 iniquum
1222 2987 1268 3038 est
1329 2971 1344 3000 ‘

95 3061 167 3120 inde
188 3003 313 3118 abduci:
334 3077 431 3137 neque
451 3057 529 3117 enim
549 3055 614 3116 talis
623 3076 740 3136 semper
753 3055 839 3116 datur
850 3057 1066 3136 opportunitas.
1088 3056 1267 3134 Quanquam

95 3137 144 3196 alii
162 3134 313 3216 posterius
332 3133 497 3194 membrum
516 3153 599 3194 secus
619 3133 784 3212 accipiunt,
799 3133 891 3211 quasi
910 3132 980 3192 ideo
1001 3131 1136 3192 Christus
1156 3132 1266 3192 bonam

94 3223 210 3294 partem
231 3210 354 3272 electam
375 3210 497 3270 ahlaria
517 3230 579 3270 esse
601 3210 688 3283 dicat,
708 3209 789 3287 quod
805 3226 956 3290 nunquam
976 3208 1135 3270 intercidat
1154 3209 1267 3269 tructus

95 3289 250 3350 doctrinae
270 3285 417 3347 coelestis.
454 3289 523 3370 Ego
544 3306 712 3366 quanquam
722 3286 897 3345 sententiam
910 3286 985 3346 hanc
995 3306 1058 3346 non
1079 3285 1196 3361 rejicio,
1215 3303 1265 3346 se·
1326 3343 1331 3351 .

95 3377 203 3446 quutns
223 3376 323 3426 tamen
342 3383 416 3440 sum,
436 3363 517 3444 quod
537 3364 631 3444 aptius
651 3362 688 3422 ad
709 3361 821 3423 Christi
839 3361 970 3424 mentem
989 3361 1100 3444 putari.

180 3539 286 3622 (114.)
305 3537 408 3606 LUC.
421 3539 490 3604 xit.
516 3537 565 3605 13.
583 3539 638 3608 Ait
652 3511 802 3604 eutembi
825 3536 953 3624 quidam
976 3535 1019 3603 de
1040 3536 1144 3616 turba,
1162 3534 1268 3620 Magi·

96 3655 172 3723 ster,
195 3643 250 3712 dio
272 3643 466 3724 iratrimeo,
486 3651 521 3708 ut
542 3641 667 3710 dividat
679 3664 802 3708 meeum
815 3641 1055 3708 haereditatem.
1087 3639 1138 3705 11.
1155 3641 1197 3704 At
1208 3635 1268 3703 ille

97 3749 177 3814 dixit
199 3749 246 3826 ei,
267 3746 391 3823 Homo,
412 3747 484 3832 quis
505 3765 557 3811 mo
579 3748 744 3812 constituit
763 3746 920 3824 iudicem,
947 3755 1002 3810 out
1022 3743 1195 3810 divisorem
1217 3758 1269 3803 su·

97 3851 259 3942 petrosi
301 3849 352 3915 15.
375 3847 530 3934 Dixitque
554 3846 596 3914 ad
619 3847 710 3928 illos,
730 3849 852 3915 Videte
874 3859 907 3914 ot
927 3855 1040 3912 cavete
1061 3842 1103 3909 ab
1125 3841 1269 3920 avaritia,

97 3957 174 4042 quia
197 3971 267 4018 non
288 3952 324 4016 in
346 3948 545 4018 abundantia
567 3954 756 4039 cuiusquam
778 3952 843 4015 vita
865 3949 936 4015 eius
958 3960 1006 4016 est
1033 3969 1072 4014 ex
1098 3948 1151 4024 iis,
1184 3967 1271 4033 qnae

97 4055 256 4144 possidet.
299 4055 349 4119 16.
369 4053 459 4120 Dixit
480 4064 585 4120 autem
606 4053 847 4125 similitudinem
869 4050 913 4116 ad
938 4051 1033 4130 illos,
1055 4051 1183 4132 dicens,
1201 4051 1271 4116 llo·
1370 4053 1373 4064 '

98 4161 194 4228 minis
223 4153 390 4226 cuiusdam
423 4158 533 4224 divitis
566 4177 641 4242 ager
673 4156 806 4224 uberem
829 4165 1031 4244 *proventum
1065 4153 1179 4222 attulit.
1220 4155 1271 4222 17.

100 4263 144 4329 Et
165 4257 331 4348 cogitabat
354 4261 437 4328 intra
457 4281 508 4341 se,
530 4257 656 4339 dicens,
684 4257 776 4348 Quid
797 4259 932 4326 inciam?
968 4261 1045 4346 quia
1065 4280 1134 4326 non
1154 4239 1295 4330 habeo·x
1382 4256 1392 4272 “

98 4386 168 4456 quo
192 4381 386 4452 congregem
405 4361 529 4432 fruetus
548 4365 660 4450 mensi
700 4365 751 4432 18.
781 4363 825 4432 Et
846 4361 939 4446 dixit,
964 4362 1189 4444 Hortarium,
1214 4361 1271 4430 de·
