2766 4834
364 223 505 344 (ιι-ιι.
530 264 622 328 stare
643 177 674 328 ei
692 265 876 346 sueretu.)
1150 274 1196 340 st

67 419 151 498 (tu.)
172 413 297 484 mc.
310 419 335 484 l.
356 419 409 486 51.
421 419 514 486 Fecit
530 423 708 510 potentiam
729 427 763 489 in
785 422 920 489 brachio
942 442 1018 496 suos
1039 421 1199 510 dispersit!

34 519 188 607 superbos
220 521 436 606 cogitatione
465 521 572 588 cordis
597 525 750 609 ipsorum.
792 525 843 590 52
867 524 1019 590 Detraxit
1039 527 1199 610 primaten

34 644 64 684 er
82 619 191 698 soliis,
218 631 261 686 et
277 620 433 686 exaltavit
448 621 594 688 humiles.
637 625 687 690 53.
708 623 896 692 Esurientes
918 624 1064 713 implevit
1084 625 1196 704 bonis,

33 733 58 786 et
77 721 207 788 divites
240 721 371 787 dimisit
397 724 521 788 inanes.
561 725 614 791 54.
643 725 792 810 Suscepit
812 725 911 791 lsrael
931 747 1067 814 puerum
1089 749 1197 806 snum,

32 835 60 886 nt
76 844 213 889 memor
241 834 336 888 esset
356 823 617 890 misericordiaet
657 827 708 890 55.
731 826 1013 912 Quemadmodum
1035 819 1196 914 loquutus*

34 935 72 990 est
89 923 132 990 ad
154 933 289 1011 patres
309 934 459 1000 nostros,
480 923 631 992 Abrahae
653 937 686 992 et
705 929 821 994 semini
842 931 912 994 eius
932 930 967 994 in
988 927 1161 1026 saecplum.

96 1113 148 1172 51.
191 1103 294 1165 Fece
311 1107 484 1180 potentiam.
527 1105 657 1169 Perinde
681 1107 761 1168 valet
786 1109 846 1170 acsi
879 1109 1011 1184 dixisset,
1043 1108 1191 1170 Potenter

35 1195 166 1275 operatus
191 1193 264 1242 est:
284 1179 440 1242 haederae
460 1187 556 1244 tutem
568 1185 627 1244 Dei
649 1185 786 1252 omnibus
805 1186 868 1246 aliis
888 1184 1070 1246 adminiculis
1090 1207 1189 1268 oppo-

36 1275 120 1334 utur,
140 1259 249 1319 sicuti
268 1259 349 1350 apud
369 1259 510 1335 Iesaiaru,
531 1281 594 1352 cap.
612 1259 665 1335 59,
683 1265 747 1334 te,
771 1262 913 1342 Respexit
930 1263 1028 1338 Deus,
1048 1275 1079 1322 et
1096 1283 1187 1322 nemo

37 1337 83 1396 luit
99 1336 252 1396 adiutor:
288 1346 328 1394 ιιι
353 1355 390 1397 .:e
419 1334 543 1397 salutem
567 1337 611 1398 rlli
637 1357 674 1418 pe
698 1339 756 1397 erit
773 1336 926 1398 brachium
946 1339 1023 1414 eius,
1053 1351 1084 1399 et
1103 1339 1188 1400 iusti-

36 1415 95 1474 tiam
119 1433 218 1474 suam
247 1431 308 1492 pro
330 1357 441 1472 iultura
460 1412 570 1474 habuit.
610 1358 757 1496 Intelligit
782 1433 855 1496 ergo
875 1415 984 1488 Maria,
1013 1415 1112 1475 Deum
1136 1435 1189 1478 sua

37 1493 112 1549 unias
136 1489 267 1549 virtute
295 1499 472 1550 contentum
495 1491 593 1551 nullos
621 1489 788 1552 adhibuisse
809 1491 920 1572 'operis
944 1491 1059 1567 socios,
1090 1490 1192 1552 nullos

39 1587 150 1627 rorasse
174 1565 222 1626 ad
245 1585 266 1625 o
292 1585 339 1624 em
358 1565 419 1625 sibi
440 1565 599 1628 serendam.
641 1567 734 1642 Quod
754 1567 898 1628 continuo
911 1579 981 1649 pust
998 1567 1132 1647 sequitur
1151 1568 1193 1628 de

38 1643 185 1724 superbis,
233 1587 334 1702 rideri
359 1653 462 1724 potest
483 1643 615 1705 additum
640 1645 680 1705 ob
702 1645 772 1704 duas
792 1665 906 1706 causas:
937 1655 1000 1706 turn
1026 1643 1094 1725 quia
1113 1643 1193 1706 nihil

40 1721 201 1800 proiciunt
227 1717 374 1800 superbi,
414 1720 465 1798 qui
490 1721 644 1803 gigantum
667 1741 753 1782 more
772 1719 842 1783 Deo
867 1721 1006 1783 resistere
1031 1732 1190 1798 conantur,

39 1811 91 1856 tm
111 1797 188 1888 quia
211 1815 282 1856 non
304 1795 433 1875 explicat
450 1790 533 1857 Deus
553 1796 668 1858 brachii
686 1797 731 1860 sui
751 1799 915 1878 potentiam
936 1799 993 1860 nisi
1013 1799 1044 1858 in
1063 1797 1190 1860 salutem

39 1873 210 1947 lamilrnm,
236 1895 272 1933 su
296 1871 388 1933 erbos
406 1893 495 1948 vero,
519 1874 570 1954 qui
589 1874 646 1935 sibi
665 1875 789 1935 multum
809 1887 966 1957 arrogant,
991 1875 1105 1936 deiicit:
1126 1885 1188 1956 qu'o

40 1952 167 2032 pertinet
187 1949 243 2009 illa
266 1893 351 2010 lem·
373 1949 556 2026 exhortatio,
576 1951 778 2012 Humiliamini
797 1951 852 2012 sub
894 1952 989 2013 otenti
1009 1952 1069 2013 Dei
1088 1972 1190 2027 manu,

41 2040 90 2088 etr.
129 2029 158 2088 l.
182 2027 274 2087 Petr.
292 2033 329 2101 5,
348 2028 403 2102 e).
443 2027 498 2087 Est
520 2039 618 2091 autem
637 2040 742 2090 notatu
762 2029 850 2112 digna
872 1973 1030 2110 loquutio,
1059 2027 1191 2120 dispergi
1216 2104 1221 2113 Ι

194 2107 377 2179 cogitatione
395 2100 502 2166 cordis.
542 2104 635 2181 Nam,
654 2117 689 2165 ut
706 2105 841 2166 immanis
861 2118 906 2166 est
926 2127 1028 2167 eorum
1049 2105 1189 2187 superbia

42 2195 69 2240 et
85 2181 230 2256 ambitio,
251 2191 288 2238 ut
308 2191 355 2240 est
374 2179 517 2258 cupiditas
538 2181 719 2257 insatiabilis,
739 2182 770 2241 in
790 2181 941 2263 capiendis
961 2183 1092 2244 consiliis
1106 2183 1190 2263 quasi

42 2259 213 2320 immensam
234 2255 351 2317 molem
373 2275 428 2315 coa
452 2269 593 2334 menmnt,
612 2270 712 2340 atque,
731 2269 765 2318 ut
783 2279 845 2319 nno
865 2259 959 2320 verbo
980 2261 1086 2334 dicam,
1106 2260 1189 2320 aedi-

42 2335 127 2394 ficant
148 2347 272 2394 turrem
298 2331 405 2393 Babel.
472 2355 518 2394 am
543 2335 664 2396 minime
690 2335 825 2396 contenti
849 2336 937 2397 stulte
962 2335 1021 2396 boc
1046 2335 1095 2396 vel
1113 2335 1190 2397 illud

42 2435 124 2502 supra
143 2411 228 2470 vires
252 2421 395 2483 tentasse,
414 2427 505 2468 novas
525 2410 650 2471 subinde
672 2412 794 2471 insanae
804 2412 942 2472 audaciae
955 2413 1189 2474 consultationes

83 2489 190 2548 oribus
210 2486 414 2548 accumulant.
453 2485 613 2567 Postquam
632 2487 715 2546 Deus
740 2487 910 2578 aliquandiu
935 2489 1040 2548 tacitus
1061 2509 1078 2548 e
1097 2489 1189 2549 coelo

42 2509 141 2625 dirisit
161 2563 341 2645 praeclaros
363 2582 467 2623 eorum
487 2575 653 2644 apparatus,
673 2573 774 2626 totam,
787 2562 866 2622 rllam
881 2565 1053 2644 congeriem
1063 2575 1190 2643 repente

40 2643 106 2701 dissi
127 2653 174 2701 a‘t:
197 2639 451 2721 quemadmodum
470 2640 494 2698 si
515 2641 595 2720 quis,
615 2639 715 2698 diruto
736 2639 889 2713 aedilicio,
910 2659 985 2718 quae
1006 2633 1190 2718 prius’lirma

43 2663 200 2855 polidiqpiq
219 2716 413 2852 compissura
434 2717 513 2777 inter
531 2737 563 2777 se
583 2727 737 2796 compacta
757 2725 858 2791 crant,
888 2715 919 2774 in
939 2713 1041 2800 plagas
1060 2715 1190 2777 diversas

55 2817 71 2855 ο
114 2817 131 2856 e
226 2813 299 2852 era
1047 2844 1049 2852 .

72 2813 166 2938 nge-z.
202 2815 357 2930 1lietgruxit
370 2873 521 2961 primitias.
559 2871 605 2930 Ita
629 2881 748 2930 vertere
772 2867 899 2950 placuit,
927 2879 961 2939 ut
984 2867 1108 2930 tollatur
1126 2889 1190 2930 arn·

46 2947 183 3032 biguitas.
223 2948 302 3007 Nam
324 2958 379 3006 etsr
399 2951 521 3020 δυνάςαι
541 2946 665 3008 Graecis
685 2957 831 3008 vocantur
849 2968 864 3005 a
885 2946 1035 3026 potentia,
1054 2958 1123 3006 sunt
1141 2959 1190 3008 ta-

46 3047 110 3086 men
135 3023 288 3106 praelecti
315 3035 345 3083 et
369 3021 475 3083 summi
499 3024 692 3106 magistratus.
732 3022 875 3082 Potentes
895 3043 969 3083 vero
989 3023 1074 3083 multi
1093 3025 1188 3105 parti-

46 3103 153 3183 cipium
175 3119 242 3162 esse
262 3111 378 3179 putant.
417 3100 478 3158 Eos
503 3101 619 3160 detrahi
639 3121 656 3160 e
674 3099 757 3160 soliis
782 3101 933 3180 praedicat
952 3099 1061 3173 Maria,
1094 3113 1127 3160 ut
1152 3103 1186 3161 iu

47 3199 149 3238 eorum
169 3179 272 3238 locum
293 3176 456 3236 evehantur
475 3175 594 3236 obscuri
615 3190 645 3237 et
663 3175 828 3260 ignobiles:
849 3176 960 3238 itaDei
976 3177 1186 3258 providentiae

47 3268 74 3314 rt
93 3254 215 3315 iudiciis
235 3252 356 3327 tribuit,
383 3252 462 3333 qnod
482 3253 601 3332 profani
620 3253 756 3314 homines
775 3265 885 3314 vocant
904 3253 1004 3313 ludum
1024 3253 1188 3315 Fortunae.

49 3331 181 3392 Sciamus
200 3343 313 3405 umen,
333 3350 397 3389 non
416 3327 585 3390 tribuiDeo
599 3328 763 3391 absolutam
783 3330 958 3410 potentiam,
978 3343 1011 3390 ut
1029 3343 1042 3390 t
1061 3331 1190 3394 raunico

50 3409 86 3468 im
108 3409 174 3469 erio
195 3407 333 3468 homines
353 3417 493 3485 tanquam
512 3408 587 3487 pilas
614 3429 629 3466 a
653 3405 708 3466 itet
730 3427 765 3467 ac
784 3419 882 3468 verset
904 3427 1018 3482 sursum
1037 3353 1189 3484 deorsum,

49 3431 106 3545 sed
116 3485 224 3544 iustam
244 3483 505 3566 gubernationem,
525 3483 572 3543 cui
592 3427 693 3543 suriest
712 3483 821 3564 optima
833 3484 922 3558 ratio,
941 3483 1011 3543 licet
1028 3503 1083 3544 nos
1094 3506 1188 3566 saepe

49 3561 150 3644 fugiat
190 3561 261 3621 Non
282 3559 362 3620 enirn
382 3559 481 3618 Deum
502 3561 655 3620 oblectant
672 3561 866 3634 mutationes,
900 3572 933 3620 ut
948 3557 1007 3640 'per
1024 3561 1188 3622 ludibrium

51 3639 81 3698 in
99 3637 226 3698 sublime
246 3635 366 3697 attollat
385 3656 458 3714 quos
478 3637 612 3728 protinus
632 3637 761 3697 deiicere
772 3637 916 3713 statuerit,
935 3637 987 3698 sed
1005 3659 1104 3697 rernm
1124 3650 1188 3698 stu-

49 3725 109 3774 tnm
128 3714 229 3795 potins
250 3712 401 3774 convertit
409 3711 561 3773 hommum
575 3714 711 3794 pravitas,
731 3714 798 3792 quia
817 3735 906 3774 nemo
926 3713 957 3772 in
979 3713 1040 3773 eius
1059 3713 1189 3774 arbitrio

51 3804 80 3849 et
98 3812 186 3851 mana
205 3789 332 3872 positam
355 3809 419 3849 esse
443 3791 580 3872 agnoscit
604 3789 744 3869 cuiusque
769 3799 889 3850 sortem.
929 3790 992 3866 Qui
1015 3809 1089 3850 vero
1110 3789 1189 3849 emi-

51 3879 122 3926 nent
139 3889 228 3959 supra
248 3867 340 3943 alios,
372 3885 435 3926 non
459 3867 550 3929 modo
576 3867 790 3927 contumeliose
817 3878 847 3926 et
866 3865 1026 3927 crudeliter
1044 3865 1190 3927 insultam

76 3945 190 4006 reximus
208 3944 280 4018 suis,
299 3944 354 4004 sed
375 3943 461 4002 etiam
482 3943 624 4004 ferociter
643 3955 747 4005 contra
762 3965 832 4003 suae
843 3943 1004 4004 altitudinis
1023 3954 1189 4006 auctorent.

54 3965 129 4104 drgo
149 4032 237 4082 utre
257 4021 320 4100 ipsa
341 4019 494 4094 discamus,
514 4021 655 4100 quicquid
668 4021 757 4080 altum
774 4032 819 4080 est
836 4020 867 4078 in
887 4019 998 4080 mundo
1020 4031 1051 4080 et
1070 4019 1192 4080 excellit

55 4095 115 4159 Deo
132 4097 274 4174 subesse,
298 4108 457 4176 totumque
476 4098 617 4158 mundum
637 4097 699 4158 eius
719 4097 756 4156 im
781 4097 844 4156 erio
864 4095 945 4180 regi,
970 4093 1021 4155 alii
1040 4095 1191 4157 tolluntur

54 4173 255 4236 insublimem
277 4172 403 4234 honeris
422 4173 555 4256 gradum,
577 4173 626 4233 alii
646 4184 744 4234 autem
759 4119 904 4234 labuntur
923 4193 957 4232 ex
972 4172 1031 4232 suis
1043 4173 1124 4234 soliis
1135 4173 1190 4234 vel

70 4253 223 4334 raecipites
254 4252 380 4312 cadunt:
414 4249 488 4309 hane
514 4249 710 4311 mutationum
742 4269 856 4312 causam
882 4261 913 4309 et
929 4249 1027 4308 inem
1056 4251 1192 4332 assignat

51 4272 149 4408 llarid,
169 4329 249 4391 Psal.
270 4333 341 4403 107,
360 4331 408 4392 Ἃ).
428 4338 460 4386 et
477 4327 594 4388 Daniel.
614 4333 644 4401 2,
663 4335 711 4394 21.
750 4326 891 4386 Videmus
910 4345 996 4399 sane,
1015 4336 1050 4384 ut
1066 4339 1193 4406 praeterr
1248 4385 1263 4398 ῃ

50 4409 162 4474 nodum
181 4403 372 4474 insolescant
390 4403 492 4466 mundi
510 4403 675 4487 principes,
705 4416 741 4466 ut
760 4403 897 4466 diffluant
915 4402 946 4464 iu
965 4401 1122 4485 luxupiarn,
1152 4413 1192 4462 ut
