2766 4840
330 147 335 152 Ι
389 205 470 280 (2⁰⁰-
509 155 591 262 lesus
612 201 643 286 in
663 156 888 282 hiethsemaue.)
1162 207 1220 270 327

59 367 115 428 tes,
136 364 167 414 ut
186 351 296 432 absque
316 353 462 414 conflictu.
477 365 508 414 et
527 353 723 444 repugnantia
742 353 820 414 inter
838 373 871 414 se
890 341 1038 417 disseram
1077 354 1134 424 llic
1152 355 1219 436 qui-

59 431 125 489 dem
148 429 229 488 locus
250 429 327 489 clarc
348 429 436 490 docet
456 429 541 490 nimis
561 419 703 511 insipidos
723 427 811 490 luisse
831 441 945 490 veteres
965 429 1151 503 haereticos,
1165 430 1224 510 ,qui

58 505 284 567 hlonotheletae
305 505 375 564 dicti
394 517 473 580 sunt,
492 506 572 584 quod
592 505 740 586 fingerent
761 505 992 567 Christum'non
1013 503 1068 564 disi
1088 527 1145 565 una
1164 527 1218 566 vo-

58 583 173 642 luntate
194 593 222 642 et
239 580 362 661 simplici
378 579 465 642 luisse
484 582 662 661 praeditum:
683 583 882 661 nequeenim,
902 593 1044 662 quatenus
1054 581 1135 642 Deus
1148 593 1221 658 crat,

56 657 139 720 aliud
159 657 252 718 voluit
272 679 357 737 quam
378 658 475 718 Pater.
516 657 656 738 Sequitur
681 680 713 718 er
735 680 753 719 o
775 660 916 719 humanae
937 657 999 719 eius
1019 659 1131 718 animae
1151 680 1218 718 suos

56 735 148 795 luisse
168 734 292 794 allectus
312 733 349 794 ab
365 743 478 795 'arcano
490 735 549 796 Dei
568 735 692 794 consilio
713 680 875 796 distinctos
914 733 976 796 lam
996 755 1067 796 vero
1089 735 1113 794 si
1132 731 1220 798 Chri.

56 824 136 872 stum
157 811 292 890 oportuit
311 811 453 890 captivam
474 822 577 872 tenere
601 833 681 871 suam
706 811 903 885 voluntatem,
927 821 961 870 ut
979 831 1042 870 eam
1061 811 1222 888 sustineret,

55 887 117 948 Dei
138 887 176 947 im
201 887 274 961 erio,
295 887 424 965 quamvis
444 899 525 948 recte
545 888 696 948 moderata
715 899 801 966 esset,
821 909 905 968 quam
926 887 1050 948 sollicite
1067 887 1220 950 nohisre÷

54 909 210 1044 primeuda'
231 973 275 1024 est
294 963 453 1022 allectuum
475 975 643 1024 nostrorum
664 963 799 1039 licentia,
825 964 874 1046 qui
901 976 932 1024 et
950 985 1067 1044 semper
1086 961 1222 1024 inconsi-'

55 1041 152 1100 derati
172 1039 307 1099 seruntur
326 1061 359 1098 ac
401 1040 571 1120 raecipites,
596 1052 627 1100 et
646 1041 830 1102 contumacia
850 1039 952 1103 referti
971 1041 1057 1118 sunt?
1084 1037 1175 1114 Quod
1195 1040 1220 1101 si

54 1116 281 1200 nos‘gnbernct
299 1114 359 1175 Dei
379 1061 523 1196 Epiritm,
549 1128 581 1176 ut
606 1116 679 1178 nihil
705 1117 826 1178 velimus
849 1115 911 1186 nisi
925 1116 1038 1178 'rationi
1062 1127 1219 1178 consectas

54 1213 157 1267 neum,
175 1193 244 1252 ileo
264 1204 362 1252 umen
382 1191 457 1252 hanc
477 1193 617 1254 debemus
637 1191 836 1253 obedientiam
866 1204 900 1252 nt
917 1191 1065 1272 patienter
1081 1191 1220 1267 ieramus,

54 1270 133 1330 votis
153 1269 260 1330 nostris
281 1289 342 1328 uon
364 1267 426 1330 dari
446 1290 618 1330 successum.
656 1269 731 1328 Nam
748 1238 854 1331 haecli

53 1344 241 1426 permittere,
260 1355 294 1404 ut
313 1344 398 1404 aliter
417 1356 525 1406 statuat
545 1367 631 1426 quam
651 1366 706 1404 nos
726 1345 865 1426 cupimus.
896 1344 1072 1406 Praesertim
1085 1345 1157 1404 hacc
1170 1365 1219 1406 re*

52 1422 125 1506 gula
145 1421 274 1482 tenenda
294 1431 348 1498 est,
367 1420 418 1480 ubi
438 1421 524 1482 nobis
545 1443 606 1482 non
627 1432 742 1482 constat
761 1433 839 1482 certa
857 1433 887 1480 et
902 1417 1035 1500 specialis
1053 1419 1220 1503 promissio,
1274 1457 1281 1466 -

12 1523 19 1528 ·
53 1520 93 1558 ne
115 1496 186 1588 quid
206 1508 339 1577 petamus
359 1496 415 1558 nisi
435 1497 488 1558 sub
510 1498 564 1560 hac
584 1497 768 1577 conditione,
787 1498 911 1558 utDeus
928 1497 1048 1576 impleat
1064 1498 1145 1576 quod
1165 1498 1217 1574 de·

52 1585 164 1636 crevit:
186 1574 266 1654 quod
286 1572 349 1633 fieri
371 1595 431 1632 non
452 1583 560 1710 potest,
580 1573 650 1653 quin
671 1585 739 1634 vota
760 1585 860 1635 nostra
873 1571 915 1634 illi
932 1574 1124 1656 resignemus
1154 1566 1253 1658 Iard'.

77 1650 208 1711 uaeritur
248 1649 299 1710 uid
318 1650 431 1716 orando
481 1650 587 1712 hristus
607 1649 783 1730 profecerit:
803 1649 964 1730 Apostolus
985 1651 1022 1710 ad
1042 1647 1135 1709 Hebr.
1147 1653 1218 1722 537.

53 1675 137 1804 dicit,
157 1671 322 1786 exauditum
342 1725 430 1786 luisse
450 1747 466 1788 a
486 1747 540 1787 suo
559 1739 639 1792 metu
659 1727 715 1806 (sic
735 1725 813 1786 euim
835 1725 942 1806 erponi
959 1724 1049 1794 debet
1063 1723 1218 1800 lucusille,

51 1823 118 1864 nou
144 1814 240 1863 autem
266 1814 299 1862 ut
323 1800 413 1885 vulgo
438 1803 563 1886 legitur,
594 1825 649 1884 pro
674 1824 726 1864 sua
749 1804 915 1864 reverentia
925 1805 948 1880 ).
986 1802 1020 1862 ld
1041 1822 1217 1885 perronon

51 1880 229 1960 quadraret,
252 1878 277 1938 si
297 1881 422 1939 mortem
441 1879 614 1960 simpliciter
633 1879 776 1940 timuisset
797 1877 946 1954 Christus,
974 1877 1040 1958 quia
1067 1879 1105 1942 ab
1125 1899 1159 1940 ca
1179 1877 1221 1937 li-'

52 1955 174 2024 beratus
193 1976 254 2015 non
274 1953 339 2015 suit.
379 1956 466 2017 Unde
486 1957 617 2036 sequitur
636 1955 778 2038 gravioris
798 1955 866 2016 mali
885 1956 992 2014 timore
1004 1955 1041 2015 ad
1052 1955 1215 2040 deprecan-

52 2033 122 2092 dam
141 2043 266 2092 mortem
289 2031 374 2094 luisse
394 2033 542 2094 adactumr
561 2054 669 2115 nempe
690 2053 778 2123 quum
797 2033 869 2094 iram
886 2031 944 2092 Dei
960 2029 1018 2092 sibi
1032 2031 1220 2112 propesitam'

50 2110 180 2182 videret,
199 2119 341 2188 quatenus
361 2110 398 2170 ad
419 2110 481 2168 eius
501 2108 630 2172 tribunal
650 2121 739 2170 totius
758 2109 859 2168 mundi
880 2107 1005 2187 peccatis
1026 2107 1163 2169 oneratus
1175 2111 1215 2166 'se

50 2184 191 2260 sistebat,
216 2205 335 2244 necesse
361 2184 403 2244 illi
430 2185 485 2243 luit
511 2185 688 2264 profundam
712 2185 815 2244 mortis
841 2182 975 2262 abyssum
999 2183 1215 2242 exhorrescere.

51 2263 237 2340 Quanquam
257 2280 329 2338 erqo
348 2269 474 2318 mortem
493 2259 638 2332 sustinuit,
658 2257 726 2337 quia
746 2271 844 2323 tamen
863 2259 966 2318 solutis
983 2258 1043 2318 eius
1061 2255 1215 2318 doloribus

49 2335 317 2417 (quemadmodum
338 2345 368 2394 et
387 2335 491 2408 Petrus
512 2335 601 2394 docet
617 2336 684 2398 Act
704 2341 734 2408 ⁶2,
752 2336 816 2412 24.)
841 2333 976 2413 superior
1002 2333 1092 2392 evasit
1117 2332 1148 2390 in
1169 2332 1219 2392 lu-'

49 2425 119 2487 cta,
144 2409 252 2470 merito
273 2409 344 2469 dicit
361 2409 537 2488 Apostolus,
564 2411 728 2470 exauditum
748 2409 836 2470 luisse
855 2429 872 2468 a
891 2430 945 2468 suo
965 2419 1053 2468 metu.
1088 2407 1147 2472 llic
1166 2405 1213 2469 in-

48 2487 137 2551 docti
156 2486 290 2546 homines
310 2486 476 2566 insurgunt,
495 2505 615 2566 remque
635 2485 785 2569 indignam
807 2505 868 2546 esse
888 2484 1046 2558 clamitant,
1067 2484 1146 2566 quod
1161 2505 1214 2545 ve,

49 2566 128 2626 ritus
147 2560 186 2623 sit
206 2560 338 2622 Christus
358 2561 511 2622 absorberi
532 2583 548 2624 a
568 2573 673 2622 morte.
711 2559 782 2644 Ego
799 2572 896 2622 autem
914 2558 1214 2650 ipsusmihirespon·

51 2643 127 2702 dere
154 2637 256 2728 velim,
283 2658 438 2716 quemnam
463 2638 551 2700 luisse
572 2651 680 2699 metum
700 2649 821 2722 putenq,
846 2637 897 2718 qui
921 2648 1017 2720 guttas
1040 2651 1217 2720 sanguineas

52 2715 178 2778 Christo
199 2715 352 2795 expressit:
372 2735 520 2794 nunquam
541 2715 619 2775 enim
641 2715 694 2774 nisi
715 2735 731 2775 a
750 2715 816 2775 diro
838 2727 867 2774 et
886 2713 1006 2774 insolito
1019 2711 1214 2773 horrorellu-

51 2795 144 2854 sisset
164 2791 294 2856 mortalis
314 2791 364 2852 ille
384 2791 483 2850 sudor.
523 2791 557 2850 si
576 2792 639 2871 quis
660 2790 748 2852 hodie
764 2789 1215 2880 sudandosanguincmemittat,

53 2882 86 2938 et
107 2869 225 2949 quidem
245 2878 325 2928 tanta
346 2867 431 2948 copia
452 2878 483 2928 ut
502 2878 603 2950 guttae
619 2869 650 2927 in
668 2878 775 2928 terram
788 2865 944 2940 distillent,
956 2855 1214 2954 rncredibilepor-⁴

55 2958 174 3006 tentum
193 2944 264 3005 erit:
284 2945 308 3004 si
330 2945 376 3004 cui
397 2945 453 3012 hoc
474 2945 628 3038 contingat
646 2942 748 3004 mortis
769 2945 885 3017 timore,
904 2943 1010 3022 pusilio
1031 2952 1064 3002 et
1076 2939 1216 3002 mulcebri

55 3022 155 3086 animo
176 3011 239 3083 eise
260 3023 398 3083 dicemus.
436 3023 519 3116 Ergo
540 3044 591 3101 qm
612 3020 759 3084 Christum
780 3033 889 3102 negant
908 3030 1062 3110 precatum
1077 3038 1161 3092 esse„
1181 3027 1214 3076 ut

55 3122 123 3184 epm
142 3099 232 3160 Pater
250 3120 268 3158 a
287 3097 389 3158 mortis
409 3111 527 3180 gua-gnte
547 3099 686 3178 eriperet,
705 3097 858 3157 mollitiem
874 3095 916 3154 ilh
933 3089 1213 3178 affinguntuelple-

54 3177 126 3237 heio
146 3175 266 3236 homine
285 3174 446 3266 indignam.
484 3173 519 3234 si
539 3175 603 3254 quis
623 3174 760 3246 obiiciat,
784 3171 962 3233 infidelitatis
987 3191 1049 3232 esse
1075 3169 1214 3230 tim'orem

54 3254 138 3314 illum
158 3274 245 3332 quem
265 3253 343 3326 dico,
364 3273 393 3311 rn
413 3264 552 3332 promptu
571 3250 680 3312 solutio
701 3261 760 3323 est,
787 3271 875 3328 quum
896 3247 1009 3308 divinae
1029 3247 1212 3307 maledictio-

56 3331 102 3389 nis
123 3331 248 3389 horrore
269 3326 417 3408 perculsus
438 3339 481 3387 est
501 3327 644 3399 Christus,
662 3325 704 3384 sic
723 3336 831 3385 tactum
847 3323 934 3384 fuisse
953 3323 1160 3395 carnislsensu,
1180 3332 1214 3381 ut

57 3408 129 3466 fides
150 3389 298 3464 illaesa⁴et
318 3403 473 3462 incolumis
494 3413 635 3462 maneret.
667 3401 750 3460 Fecit
769 3401 846 3460 enim
866 3412 987 3459 naturae
1007 3399 1068 3459 eius
1087 3397 1211 3478 integri-

55 3496 111 3556 tas,
130 3494 163 3540 ut
182 3481 309 3553 easdem,
329 3499 405 3558 quae
423 3500 478 3540 nos
497 3478 561 3538 suis
576 3475 682 3538 aculeis
703 3489 848 3558 pungunt,
867 3476 1044 3536 tentationes
1063 3474 1126 3534 sine
1146 3471 1211 3532 vul-

59 3580 131 3619 nere
150 3557 282 3619 sentiret.
321 3554 444 3615 interim
470 3553 557 3616 stulte
582 3553 779 3636 imaginantur
798 3552 860 3612 sine
881 3551 1040 3614 certamine
1059 3550 1215 3624 victorem,

59 3636 118 3716 qui·
132 3633 328 3694 tentationum
347 3653 433 3692 sensu
454 3653 520 3690 eum
541 3631 677 3693 eximunt.
716 3630 779 3690 Nec
798 3651 870 3688 vero
890 3639 992 3710 putare
1012 3627 1054 3686 sas
1075 3626 1212 3706 estquic-

56 3733 143 3790 quam
165 3731 230 3769 eum
250 3707 412 3781 simulasse,
439 3709 506 3768 dum
532 3727 589 3767 con
612 3718 708 3765 uestus
734 3718 777 3764 est
802 3705 837 3765 de
863 3704 981 3772 mortali
1005 3703 1118 3762 animae
1143 3721 1213 3760 suae

57 3786 190 3848 tristitia:
210 3805 266 3851 nec
278 3783 394 3844 mentiti
406 3728 704 3865 ssnrbva‘ngitistae,
721 3781 868 3847 moestitia
888 3779 975 3841 luisse
995 3786 1162 3858 correptum
1184 3789 1215 3838 et

25 3863 203 3946 ‘expavisse
222 3869 382 3923 narrantes.
1168 3880 1171 3891 ·
1227 3931 1230 3938 γ

134 3945 182 4005 ll).
211 3937 261 4008 ,Bt
277 3940 352 3997 oeric
369 3935 412 3996 ed
427 3935 593 4012 disciprdm.
639 3935 815 4016 Quanquam
840 3951 896 3992 nec
919 3940 1000 3992 metu
1022 3927 1133 3988 solutus
1160 3948 1215 3987 nec

55 4037 127 4081 cura
148 4011 264 4076 laxatus'
277 4025 351 4087 erat,
369 4013 487 4074 remissa
507 4026 606 4072 tamen
626 4010 767 4091 precandi
787 4007 991 4079 contentione,
1009 4005 1142 4065 solatium
1154 4005 1214 4064 boc

58 4092 247 4174 interposuit
286 4092 391 4171 Neque
411 4088 489 4149 enim
508 4089 575 4149 talis
594 4086 754 4168 requiritur
772 4079 913 4166 precandi
928 4081 1078 4144 assiduitas
1092 4103 1106 4144 a
1118 4081 1214 4141 fideli-

55 4173 123 4245 bus,
141 4182 176 4229 ut
195 4189 343 4247 nunquam
364 4187 381 4227 a
401 4167 459 4226 Dei
479 4163 631 4244 colloquio
651 4161 814 4223 discedant:
836 4159 906 4240 quin
926 4159 1024 4238 potius
1036 4156 1146 4218 Christi
1164 4177 1214 4217 ex-

57 4245 158 4326 emplo
178 4265 242 4305 suas
263 4244 412 4305 orationes
433 4241 622 4314 continuant,
636 4239 706 4300 dum
725 4256 855 4317 eousque
875 4235 1043 4318 progressi,
1079 4255 1120 4294 no
1138 4233 1213 4313 pati-

57 4337 108 4386 tur
126 4321 296 4397 iufirmitas,
320 4321 358 4382 ad
382 4319 518 4402 exiguum
538 4317 661 4424 peridem
677 4327 799 4396 'tempus
823 4325 951 4390 cessaret,
974 4310 1038 4375 mbi
1082 4323 1217 4402 etenum

858 1269 905 1329 dei
922 1267 1064 1330 modestia
1077 1275 1130 1342 est',
1148 1269 1218 1336 Deo
1320 1336 1323 1347 ,
