2778 4838
157 247 198 312 os
385 232 603 301 SECT.x1V.
641 171 820 302 lrrnacums
839 243 881 292 rr
900 244 1084 296 semones.
1160 216 1164 234 ¹

158 397 227 466 utin
251 396 408 484 potestis?
459 394 490 459 t.
523 391 621 458 Natio
652 409 752 476 prava
766 365 772 375 ⁸
787 400 819 454 et
850 387 998 458 adultera
1025 391 1150 476 signnm
1177 389 1324 476 requirit·

161 511 194 566 et
219 501 343 585 signum
369 499 400 562 ei
427 517 496 564 non
524 492 668 572 dabitur,
693 493 754 560 nisi
775 495 899 579 signum
922 491 1022 558 lonae
1044 491 1242 586 Prophetae·
1284 491 1324 556 Et
1377 491 1378 516 l

159 604 282 672 relictis
302 599 368 666 illis
391 596 477 664 abiit
620 595 622 598 ’
1377 601 1378 612 ’

242 797 381 870 Mane.
402 799 486 864 Vlll.
528 799 577 864 11.
604 785 647 865 Ei
675 799 795 884 egressi
819 806 894 862 sunt
920 797 1101 876 Pharisaei,
1130 806 1323 883 coeperunt·
1377 749 1378 822 }

160 929 224 996 que
254 906 418 992 disputare
445 923 517 967 curu
543 900 618 983 illo,
651 911 850 989 quaerentes,
872 897 913 966 ab
947 921 988 966 eo
1016 903 1139 986 signum
1170 923 1189 966 e
1218 899 1322 978 coelo,

30 991 33 998 Ι
90 987 123 1100 ι,
159 1019 320 1078 tentantes
346 1028 427 1073 eum.
483 1006 532 1072 12.
558 1005 600 1070 Εῑ
629 1025 726 1093 quum
753 1005 963 1098 l⁰h⁰ffl⁰i⁸⁵⁰l
983 1005 1098 1090 ⁸Pi‘ilu
1124 1025 1203 1082 ⁸⁰⁰⁹
1238 1004 1324 1081 ‘ficit'
1377 1055 1378 1062 '

161 1107 232 1178 Cur
264 1111 428 1198 generatio
462 1109 544 1174 haec
570 1111 700 1196 signum
728 1111 872 1196 quaerit?
917 1107 1021 1172 Amen
1051 1105 1126 1173 dico
1154 1106 1264 1184 vobis,
1296 1109 1324 1172 si
1353 1115 1378 1176 ’ς

160 1212 291 1279 dabitur
317 1215 520 1300 generationi
546 1212 623 1277 huic
648 1215 788 1298 signum!
830 1209 879 1275 13.
906 1207 950 1276 Et
969 1208 1092 1276 relictis
1114 1209 1180 1276 illis
1200 1213 1323 1296 ingres·

52 1342 56 1351 ·
158 1337 213 1384 sus
233 1339 343 1384 rursus
363 1319 485 1394 navim,
507 1312 586 1382 abiit
606 1319 740 1385 traiecto
762 1313 844 1383 lacu.

163 1479 174 1506 Ν
240 1507 344 1578 LUC.
364 1510 433 1576 ΧΠ.
474 1509 525 1574 st
552 1507 694 1576 Dicebat
721 1518 827 1608 autem
856 1516 889 1572 et
916 1506 958 1573 ad
987 1503 1113 1586 turbas,
1144 1505 1257 1592 Quum
1278 1507 1324 1570 vi-

158 1614 271 1680 deritis
297 1612 417 1681 nubem
445 1615 602 1680 orientem
629 1610 670 1678 ab
696 1631 829 1691 occaso,
861 1611 964 1674 statim
988 1608 1108 1693 dicitis,
1133 1609 1244 1675 imber
1268 1629 1323 1674 ve-

157 1720 222 1784 nite
254 1725 287 1782 et
312 1719 356 1782 ita
381 1715 428 1782 fit.
478 1717 529 1785 65.
556 1716 598 1780 Et
615 1737 722 1808 'quum
750 1725 890 1781 austrum
918 1717 1063 1794 flantem,
1095 1715 1204 1781 dicitis
1232 1711 1323 1800 quod
1377 1779 1378 1788 ,

157 1831 263 1885 aestus
290 1820 364 1897 erit,
398 1829 430 1884 et
456 1818 502 1887 tit
558 1817 619 1906 bii„¹
638 1819 854 1905 Hypocritae,
886 1820 1000 1886 laniem
1035 1817 1121 1908 coeli
1155 1829 1189 1884 et
1215 1827 1322 1882 terrae

156 1926 258 1988 nostis
279 1920 435 2018 probare:
463 1923 528 1989 boo
553 1932 659 1988 autem
684 1927 827 2010 tempus,
856 1927 911 2011 qui
939 1923 977 1988 fit
1004 1933 1039 1988 ut
1065 1943 1134 1989 nou
1155 1919 1324 2009 probetis?

156 2026 207 2092 st.
240 2021 311 2092 Cur
342 2036 448 2092 autem
482 2035 516 2091 et
547 2047 585 2091 ex
619 2024 715 2093 vobis
747 2028 826 2113 ipsis
857 2047 926 2095 non
955 2021 1128 2105 iudicatis,
1150 2026 1244 2114 quod
1276 2027 1323 2092 in·

156 2139 239 2196 stum
261 2131 329 2194 est?

93 2355 100 2376 Ι
232 2295 337 2356 Mattb.
358 2301 386 2362 1·
410 2295 466 2356 'Et
488 2300 612 2376 ingressi
631 2295 784 2360 Pharisaei
808 2289 962 2374 rogatam.
1007 2297 1123 2368 Marcus
1149 2293 1241 2369 dicit,
1264 2293 1323 2352 iui-

142 2363 201 2431 ¹tio
227 2371 404 2452 disputasse,
433 2375 512 2435 unde
537 2377 686 2437 coniicere
713 2375 799 2450 licet,
822 2395 913 2453 quum
938 2373 1007 2435 victi
1028 2384 1126 2434 essent
1144 2367 1323 2445 rationibus,

157 2459 316 2508 extremum
337 2449 395 2511 boc
414 2449 471 2512 illis
491 2451 580 2515 luisse
600 2453 775 2534 suffugium:
801 2463 835 2512 ut
859 2451 1001 2513 obstinati
1025 2449 1177 2524 homines,
1204 2447 1322 2528 quoties

114 2589 115 2594 ,
155 2522 267 2586 redacti
283 2528 399 2588 suntad
412 2539 548 2607 extrema,
568 2551 606 2589 ne
626 2541 724 2590 tamen
744 2528 861 2588 veritati
880 2525 1067 2590 subscribere
1087 2538 1246 2609 cogantur,
1264 2522 1321 2580 ali-

156 2600 225 2682 quid
246 2615 325 2663 extra
346 2624 462 2664 causam
480 2605 579 2666 solent
599 2604 774 2667 obtendere.
823 2604 1000 2695 Quanquam
1020 2615 1203 2664 autemnon
1223 2597 1322 2678 expri-

154 2677 244 2738 mitur
262 2678 375 2759 species
396 2681 611 2762 disputationis,
630 2682 702 2742 mihi
721 2695 819 2742 tamen
839 2680 996 2740 verisimile
1016 2691 1061 2740 est
1078 2680 1115 2740 de
1130 2676 1245 2738 Christi
1264 2697 1321 2735 vo-

143 2753 399 2831 lcationeqrixatos
419 2777 491 2832 esse,
512 2779 564 2818 cur
583 2758 694 2838 aliquid
713 2777 824 2818 novare
843 2757 981 2832 auderet,
1002 2779 1055 2818 cur
1072 2777 1104 2817 se
1120 2759 1185 2814 'tam
1203 2750 1322 2890 massni·
1377 2801 1378 2828 ,

91 2892 94 2910 Ι
154 2829 209 2890 hee
223 2831 356 2906 efferret,
375 2833 435 2892 acsi
453 2853 506 2894 suo
527 2835 655 2894 adventu
674 2835 788 2896 reddita
809 2845 886 2894 esset
904 2854 954 2894 sua
971 2833 1125 2924 integritas
1141 2851 1239 2914 regno
1284 2829 1322 2890 ei.

155 2905 217 2964 Ubi
227 2906 301 2966 nihil
311 2908 452 2988 suppetit,
472 2910 553 2988 quod
573 2923 677 2970 contra
697 2910 759 2970 eius
780 2911 944 2972 doctrinam
962 2908 1114 2982 obiiciant,
1133 2908 1253 2990 signum
1263 2928 1321 2988 po-

153 2982 264 3041 stulant
282 2981 338 3042 sibi
358 3004 374 3043 e
394 2985 482 3046 coelo
502 2985 572 3045 dari.
604 2985 696 3078 Atqui
717 2998 828 3047 certum
850 2999 903 3061 cst,
924 2998 1042 3047 centurn
1061 2984 1153 3068 signis
1174 3005 1238 3044 non
1257 3005 1322 3043 ma-

154 3057 199 3148 gis
219 3057 308 3118 luisse
328 3080 471 3137 cessuros,
491 3083 578 3143 quam
598 3064 769 3144 Scripturas
788 3063 973 3125 testimoniis.
1013 3063 1097 3122 Adde
1118 3062 1202 3142 qnod
1220 3060 1322 3121 multis

152 3153 210 3192 ram
229 3134 375 3195 miraculis
395 3136 447 3197 sub
470 3138 571 3200 oculos
591 3140 685 3220 posita
706 3139 803 3200 suerat
817 3137 926 3201 Christi
946 3140 1049 3214 virtus,
1069 3149 1099 3199 et
1140 3139 1203 3198 nasi
1223 3137 1323 3197 mani-

153 3207 208 3298 bus
228 3210 392 3290 palpabilis.
431 3213 539 3298 Siqua,
560 3216 665 3296 quibus
684 3239 716 3278 se
736 3217 917 3277 familiariter
936 3216 1078 3298 patefecit
1098 3160 1245 3301 cbristus,
1265 3231 1319 3270 ne-

153 3285 283 3422 gligunt:
296 3299 408 3367 quanto
421 3289 519 3370 itaque
530 3293 624 3354 minus
640 3316 674 3354 ex
684 3293 851 3376 longinquo
864 3304 893 3354 et
904 3293 1031 3355 obscuro
1042 3285 1318 3374 signoproficrent?

177 3383 203 3422 rc
216 3362 313 3452 'hodie
332 3364 477 3457 Papistae,
498 3369 579 3448 quasi
599 3393 749 3450 nunquam
768 3371 879 3432 sancita
900 3382 976 3431 esset
991 3367 1147 3448 Evangelii
1168 3363 1320 3436 doctrina,

152 3459 237 3500 novus
256 3441 402 3502 miraculis
421 3445 543 3524 probari
562 3446 619 3507 sibi
641 3447 799 3529 postulant
839 3448 1009 3507 Notandrun
1029 3453 1129 3502 autern
1149 3451 1205 3514 est,
1225 3439 1317 3520 qnod,

152 3533 241 3594 quum
261 3516 409 3579 hostiliter
428 3523 647 3584 contenderent
666 3521 830 3584 Sadducaei
850 3541 916 3582 cum
936 3518 1114 3594 pharisaeis,
1141 3537 1198 3578 nec
1221 3517 1314 3576 modo

152 3613 219 3654 acre
240 3605 316 3654 esset
336 3597 447 3672 odium,
465 3599 517 3659 sed
538 3601 651 3660 assidue
671 3601 809 3660 arderent
828 3599 909 3663 inteu
925 3597 1005 3678 ipsos
1025 3595 1102 3671 lites,
1122 3616 1202 3655 nunc
1220 3612 1250 3651 se
1266 3603 1316 3652 ta·

151 3690 219 3758 pren
240 3670 289 3731 alii
308 3671 372 3732 aliis
392 3685 495 3735 contra
507 3673 657 3737 Christum
674 3687 776 3736 mutuo
792 3675 969 3756 adiungunt:
990 3674 1030 3732 ita
1048 3694 1137 3752 quum
1156 3669 1318 3732 dissideant

150 3747 243 3827 mpii,
262 3766 412 3828 nunquam
430 3761 530 3811 tamen
551 3772 602 3812 eos
622 3752 789 3834 impediunt
806 3751 963 3812 intestinae
984 3749 1159 3822 discordiae,
1180 3745 1318 3838 qniuad·

149 3841 248 3910 rerem
258 3824 357 3886 Deum
368 3826 550 3908 conspirent,
571 3841 601 3889 ct
621 3829 704 3919 quasi
723 3828 815 3908 pactis
833 3828 957 3888 induciis
972 3847 1090 3888 manum
1101 3824 1230 3886 vicissim
1243 3843 1318 3903 pnr-

151 3918 175 3955 rr
199 3901 304 3986 autad
325 3903 549 3983 opprimendam
569 3917 732 3968 rerrtatem.
772 3903 922 3966 Teutondi
932 3902 1025 3964 verbo
1035 3903 1059 3964 si
1103 3901 1317 3962 ihoantEvan-

149 3992 188 4053 ge
211 3985 290 4048 stae,
312 3999 375 4039 non
394 3980 515 4041 sinceris
534 3981 653 4056 animis,
672 4003 728 4042 nec
747 3983 845 4043 studio
867 3979 1015 4055 discendi,
1033 4001 1063 4040 se
1105 3999 1161 4060 per
1181 3975 1318 4036 fraudem

68 4079 75 4084 ·
149 4059 280 4126 captasse
300 4056 381 4129 quod
399 4055 456 4114 eibi
475 4077 512 4116 ue
536 4070 614 4118 atum
633 4055 671 4118 iri
690 4058 850 4138 putabant,
873 4056 921 4120 rel
944 4057 1048 4120 saltem
1068 4055 1150 4135 quod
1170 4053 1317 4113 linxerant

148 4142 213 4182 non
238 4143 299 4214 esse
323 4127 355 4185 iu
378 4147 468 4188 mann
488 4077 609 4192 clrior.
649 4132 729 4208 Quia
759 4135 837 4195 enim
863 4133 937 4194 nihil
963 4133 1021 4192 nisi
1047 4130 1158 4192 humile
1183 4141 1315 4212 etseon-

149 4200 315 4278 tcmptrbile
341 4201 398 4264 sibi
423 4203 459 4266 de
478 4206 532 4267 illo
552 4222 773 4299 persuaserant,
792 4231 855 4272 non
875 4209 953 4272 aliud
973 4209 1030 4270 illis
1050 4219 1095 4270 est
1114 4205 1315 4288 propositum,

108 4357 113 4369 ι
147 4277 542 4410 quamutdeprehensaeius
552 4284 714 4361 iufirmitas,
733 4287 873 4368 quicquid
895 4287 1033 4350 hactenus
1053 4281 1230 4365 acquisierat
1245 4280 1313 4342 lau-

168 4373 206 4426 n,
231 4354 308 4434 apud
332 4356 474 4436 populum
498 4359 632 4444 abroget
674 4363 724 4425 Sic
743 4374 858 4426 tentare
878 4364 976 4425 Deum
996 4361 1140 4424 increduli
1162 4361 1313 4431 dicunorr,
