2766 4840
912 172 916 180 i

354 209 437 289 (198·
483 207 575 267 Petro
597 207 693 288 lapsus
713 207 916 289 praedicitur.)
1158 217 1219 280 319
1254 299 1259 308 Ι
1317 205 1320 217 .

54 373 169 422 recreet
188 379 242 421 vos
263 381 296 420 nc
316 362 458 421 sustineat
480 361 575 420 aildita
595 361 764 441 promissio,
784 360 958 441 quodDens
978 379 1096 424 iiiaanin
1115 371 1218 429 eiten-

55 441 121 512 det,
140 451 173 498 ut
194 440 228 497 ad
250 459 281 496 se
301 439 422 497 reducat
442 438 585 517 dispersas
606 457 685 498 oves.
724 438 824 498 Docet
843 451 939 498 autem
961 439 1012 500 hio
1029 440 1126 513 locus,
1150 443 1218 501 nnl-

54 515 111 574 lam
131 536 194 576 esse
214 515 369 575 salvificam
390 515 542 592 imitatem,
566 515 622 575 nisi
646 535 722 594 quae
747 535 817 577 oves
835 515 889 577 sub
912 513 1023 578 Christi
1042 515 1122 597 pedo
1142 538 1218 587 eon-

54 593 166 653 iunctas
186 603 277 651 tenet.

129 675 177 734 st
216 669 375 748 Postquam
398 683 493 728 netem
516 689 715 729 resumam.
761 667 878 730 Clarius
903 669 950 730 hic
976 671 1112 750 exprimit
1136 673 1219 752 quod

54 765 152 826 nuper
170 745 265 826 attigi,
290 745 448 824 discipulos
468 755 547 804 metu
565 745 718 880 perculsos
738 746 780 808 sie
800 746 836 805 ad
856 745 946 806 breve
966 759 1082 828 tempus
1102 747 1218 830 disper-

56 823 95 882 sis
117 834 147 881 et
166 823 269 905 palatis
290 822 393 882 ovibus
413 821 479 882 sore
498 821 562 880 sinii
577 843 617 894 es,
637 833 669 882 ut
689 823 788 883 denno
807 834 905 882 tainen
925 825 1084 885 revocandi
1103 825 1162 886 sint
1181 826 1219 887 ad

55 899 143 958 ovile.
183 902 287 978 Neque
308 897 386 957 enirn
406 897 578 978 simpliciter
589 898 722 959 Christos
739 921 770 960 se
785 912 1017 960 resurrecturum
1037 902 1221 981 pronuntiat,

55 975 109 1034 sed
129 999 159 1036 se
180 976 237 1034 illis
258 977 361 1036 duceni
382 976 448 1034 lore
468 976 634 1054 profitetur,
654 995 766 1055 eosque
785 976 842 1038 sibi
861 977 983 1058 adoptat
1003 979 1146 1056 comitcsp
1161 980 1220 1040 acsi

53 1052 164 1144 'integri
184 1051 347 1112 stetissent:
374 1064 405 1112 et
424 1072 483 1132 quo
504 1051 569 1132 plus
589 1047 761 1134 concipiant
780 1053 919 1128 fiduciae,
938 1053 1037 1115 locum
1058 1055 1161 1131 edicit,
1180 1055 1219 1118 ad

53 1151 143 1208 quein
164 1151 261 1188 rursus
281 1129 471 1203 convenient,
490 1128 550 1200 acsi
558 1127 683 1205 dixisset,
701 1131 769 1212 Ego
788 1150 842 1193 voa
861 1131 1086 1214 Hierosolymis
1105 1133 1219 1214 disper-

52 1226 104 1269 sos
123 1207 154 1266 iii
175 1203 309 1266 Galilaea
329 1227 441 1266 rursum
462 1205 610 1288 colligam.

131 1289 178 1350 33.
217 1281 265 1346 lte
337 1281 407 1342 cleiis
426 1281 540 1342 Petrus.
580 1284 758 1363 Quanquam
782 1283 856 1344 nihil
881 1281 998 1346 simulat
1022 1285 1143 1358 Petrus,
1166 1285 1220 1346 sed

55 1385 93 1422 ex
111 1362 228 1420 sincero
249 1303 359 1419 affin
379 1359 521 1438 loquitur,
535 1361 613 1496 spoia
630 1372 732 1436 ,tamen
750 1359 822 1422 salsa
842 1361 956 1422 virtutis
976 1379 1045 1422 suae
1064 1362 1219 1422 eonfiden-

51 1443 95 1500 tia
121 1440 151 1498 in
177 1437 295 1498 stultani
321 1437 488 1496 iactantiam
515 1457 532 1496 e
560 1449 658 1511 ertnr,
682 1437 789 1498 merito
810 1439 888 1500 corri
910 1439 971 1498 itur
989 1461 1006 1500 a
1026 1437 1164 1512 Christo,
1189 1450 1221 1498 et

77 1513 260 1596 ravespaulo
280 1525 350 1593 post
368 1514 542 1572 teineritatis
562 1535 632 1574 suae
653 1534 764 1596 poenas
784 1514 847 1575 luit.
887 1461 933 1577 ita
946 1515 1221 1589 munditenentem,

50 1539 177 1654 §etrum
197 1589 284 1651 dese
305 1589 370 1670 plus
390 1610 452 1649 esse
472 1589 638 1670 pollicitum
664 1612 750 1671 quain
777 1592 955 1672 praestando
980 1593 1075 1666 foret,
1100 1593 1167 1674 quia
1187 1611 1221 1652 se
1240 1601 1243 1614 ¹

50 1669 314 1752 probefexcntere
338 1666 517 1746 neglexerat.
562 1666 641 1728 Hinc
673 1668 761 1732 etiam
786 1669 891 1728 melius
916 1670 1106 1750 perspicitur,
1131 1687 1220 1748 quatit

49 1746 170 1828 stupida
189 1743 226 1804 sit
247 1745 389 1804 humanae
409 1743 608 1812 confidentiae
627 1744 766 1820 ebrietas,
785 1746 865 1824 quod
878 1766 948 1806 snae
966 1745 1142 1807 infirmitatis
1160 1746 1220 1808 ite-

50 1846 121 1886 rum
141 1821 248 1884 aFilio
260 1821 321 1880 Dei
341 1820 516 1895 admonitus,
537 1832 568 1881 et
587 1823 705 1913 qiiidein
724 1823 903 1902 interposito
922 1823 1123 1898 iureiurando,
1143 1824 1220 1886 adeo

51 1921 119 1962 riori
140 1899 228 1972 cedit,
248 1920 304 1960 nec
325 1897 479 1978 quicquam
498 1898 623 1958 remittit
642 1898 678 1960 de
698 1899 785 1960 stulta
827 1901 1010 1974 ersuasione,
1034 1908 1068 1960 ut
1086 1899 1162 1960 altos
1181 1899 1220 1960 il-

51 1980 101 2038 los
121 1976 238 2056 spiritns
256 1975 368 2034 maiore
389 1974 500 2064 inipetu
520 1975 623 2036 efflare
642 1987 758 2060 pergat.
797 1920 960 2052 Deseritur
972 1988 1081 2053 tamen,
1101 1998 1138 2037 aii
1155 1995 1219 2037 noii

49 2057 152 2143 Petro
173 2072 292 2132 sperare
316 2052 431 2118 licuerit
456 2053 536 2131 quod
562 2054 599 2112 de
619 2073 650 2112 se
671 2054 814 2133 spondet,
840 2074 878 2112 an
903 2074 965 2113 noii
992 2053 1079 2114 etiam
1105 2053 1220 2115 Christi
1316 2069 1321 2086 ’

49 2131 251 2212 promissione
267 2129 359 2188 fretus
375 2127 459 2187 dese
477 2127 535 2191 hoc
550 2129 725 2206 promittere
743 2129 887 2188 debuerit
925 2129 1117 2209 Respondeo,
1137 2130 1221 2209 quod

51 2208 192 2268 Christus
216 2205 274 2264 suis
300 2203 449 2281 discipulis
468 2203 594 2262 invictae
619 2202 801 2264 fortitudinis
821 2203 965 2285 Spiritum
985 2216 1053 2264 ante
1073 2205 1220 2286 promisit,

48 2296 201 2364 spectasse
232 2279 268 2340 ad
298 2291 413 2357 tempus
439 2279 576 2338 novitatis
602 2281 682 2358 qnod
708 2281 956 2340 resurrectionem
983 2293 1138 2360 sequutum
1164 2293 1218 2342 est.

48 2360 136 2436 Quia
156 2376 229 2438 ergo
250 2355 382 2414 nondum
402 2354 525 2413 coelesti
543 2354 651 2414 virtute
671 2355 765 2415 induti
787 2364 885 2430 erant,
911 2357 1034 2429 Petrus,
1059 2378 1075 2418 a
1100 2377 1131 2416 se
1152 2357 1217 2438 ipso

48 2445 203 2513 concepta
216 2431 331 2503 fiducia,
351 2429 420 2489 fidei
440 2441 531 2491 metas
547 2431 682 2491 transilit.
722 2434 766 2492 hc
778 2433 901 2492 omnino
913 2430 1027 2493 duobus
1038 2433 1134 2493 modis
1145 2455 1218 2514 pec-

50 2511 147 2576 carit:
174 2529 242 2568 nani
268 2519 298 2566 et
317 2519 432 2585 tempus
451 2507 630 2588 anticipans,
655 2507 712 2568 sibi
731 2509 795 2606 ipse
814 2509 985 2570 temerarius
1005 2510 1062 2568 suit
1080 2531 1219 2600 sponsor,

47 2609 116 2651 non
132 2587 162 2645 iii
173 2583 398 2667 promissionem
408 2582 533 2644 Domini
547 2583 692 2644 recubuit.
731 2585 881 2660 necundo,
902 2585 1004 2645 clausis
1025 2585 1117 2646 oculis
1136 2608 1219 2648 suain

49 2664 254 2730 infirmitatem
267 2659 459 2743 praeteriens,
478 2680 580 2721 secure
600 2661 691 2744 magis
713 2683 798 2742 quani
819 2661 938 2722 sortiter
957 2662 1023 2742 plus
1044 2662 1080 2722 de
1099 2683 1130 2722 se
1145 2683 1218 2743 pro-

49 2747 147 2806 sessus
167 2753 211 2801 cst
230 2759 317 2819 quain
335 2735 412 2797 ratio
432 2736 556 2798 serebat.
596 2739 663 2798 Hoc
683 2737 752 2799 ideo
774 2739 935 2799 notandum
956 2750 1016 2810 est,
1042 2751 1074 2798 ut
1095 2737 1157 2819 quis
1179 2759 1218 2801 ue

50 2817 231 2881 infirmitatis
256 2835 325 2875 suae
350 2833 465 2874 inemor
488 2815 601 2876 assidue
627 2815 810 2897 adspicitur
835 2815 928 2876 sancti
953 2815 1089 2876 auxilinm
1110 2761 1219 2876 coniu-

50 2898 129 2979 giat:
150 2894 258 2954 deinde
278 2913 316 2951 ne
336 2891 402 2971 plus
422 2891 478 2952 sibi
499 2891 652 2973 qnisquam
674 2912 790 2953 sumere
817 2893 938 2970 audeat,
964 2913 1050 2972 quani
1070 2892 1218 2954 Dominus

53 2971 212 3054 promittit.
239 2969 301 3030 'Sic
321 2968 439 3049 quidem
460 2967 497 3030 ad
516 2981 665 3030 certamen
686 2971 834 3031 accinctos
854 2991 916 3030 esse
936 2969 1023 3030 decet
1042 2967 1158 3046 fideles,
1184 2979 1218 3034 ut

53 3051 91 3110 dc
114 3047 257 3108 victoriae
276 3064 410 3106 successu
434 3064 497 3105 noii
522 3045 604 3106 dubii
629 3047 676 3106 vel
702 3069 748 3108 siis
771 3047 834 3107 ensi
859 3045 991 3107 animose
1015 3047 1116 3108 timori
1142 3047 1218 3108 resi-

52 3137 147 3186 stant:
168 3145 234 3184 nam
255 3122 413 3202 trepidatio
434 3134 465 3183 et
484 3123 573 3183 niiiiia
594 3124 721 3184 anxietas
740 3068 922 3185 diffidentiae
937 3123 960 3182 si
983 3137 1116 3185 numest.
1155 3125 1218 3186 Ve-

52 3221 119 3262 riiin
141 3221 174 3260 ex
194 3201 285 3260 altera
306 3211 389 3279 parte
410 3200 555 3260 cavendus
576 3213 620 3260 est
638 3213 757 3281 stupor,
783 3201 834 3292 qni
860 3211 891 3262 et
915 3144 1142 3262 solicitudinem
1167 3222 1218 3262 ex-

53 3279 146 3352 cutit,
175 3289 206 3337 et
234 3275 348 3336 aniinos
376 3277 515 3356 superbia
545 3277 644 3352 inflat,
676 3289 706 3336 et
732 3277 890 3358 exstinguit
915 3278 1056 3358 precandi
1081 3279 1216 3338 studium.

51 3359 143 3418 llaec¹
163 3345 259 3414 inedia
285 3352 361 3413 ratio
382 3354 494 3434 optime
521 3375 537 3414 a
557 3353 651 3416 Paulo
677 3353 816 3432 (Phil‘l,
836 3355 899 3434 12.)
925 3363 1122 3435 temperatur,
1148 3355 1218 3430 duni

51 3431 138 3493 iubet
156 3451 211 3490 nos
231 3429 353 3490 salutem
373 3441 503 3492 nostram
524 3448 589 3490 cum
608 3441 689 3490 metu
710 3426 745 3490 et‘
758 3429 865 3490 timore
883 3435 1038 3514 peragere,
1057 3430 1219 3510 quiaDeus

52 3507 193 3600 estsqui
219 3505 295 3568 velle
321 3518 351 3566 et
377 3505 519 3587 perficere
545 3519 685 3598 operatur
712 3507 742 3567 in
769 3503 866 3568 nohis.
906 3509 980 3568 Nani
1001 3527 1036 3566 er
1055 3528 1113 3567 una
1134 3519 1219 3588 parte

52 3585 222 3646 humiliatos
242 3585 278 3643 ad
299 3583 480 3664 quaerendas
500 3580 570 3643 alibi
589 3583 737 3663 suppetias
757 3583 908 3644 sollicitat:
922 3605 1036 3643 rursum
1047 3597 1157 3658 tamen,
1177 3603 1219 3644 ne

54 3663 181 3745 ignaros
201 3659 306 3720 reddat
325 3658 503 3736 sollicitudo,
523 3659 559 3719 ad
579 3671 714 3722 strenuos
735 3673 856 3721 conatus
876 3681 931 3720 nos
952 3661 1095 3720 hortatur.
1133 3661 1218 3744 Ergo

52 3737 172 3818 quoties
197 3737 240 3799 se'
256 3735 344 3796 nobis
370 3735 482 3817 ingerit
501 3735 596 3815 aliqua
618 3737 759 3814 teiitatio‚
784 3736 910 3818 primurn
931 3737 1017 3796 nobis
1037 3736 1067 3794 in
1088 3748 1219 3797 mentem

50 3815 154 3876 veniat
174 3827 274 3874 nostra
294 3813 463 3888 infirmitas,
487 3825 521 3873 nt
541 3835 660 3894 prorsus
681 3813 787 3874 deiecti
807 3813 923 3874 aliunde
943 3823 1046 3895 petere
1065 3811 1219 3889 discamus,

52 3892 137 3972 quod
157 3889 245 3950 nohis
266 3892 360 3952 deest:
382 3889 489 3952 deinde
509 3902 647 3950 occurrat
666 3892 827 3972 promissae
846 3890 957 3972 gratiae
969 3889 1122 3962 memoria,
1142 3911 1220 3969 quae

50 3989 110 4028 nos
132 3966 317 4029 dubitatione
337 3964 452 4026 liberet.
490 3967 565 4026 Nam
587 3967 638 4047 qui
656 3967 832 4028 infirmitatis
851 3985 921 4026 suae
941 3964 1038 4040 obliti,
1057 3985 1119 4026 non
1131 3967 1218 4028 inro-

50 4057 121 4105 rato
141 4045 222 4119 Deo,
243 4045 334 4106 sortes
353 4063 385 4104 se
406 4061 468 4103 esse
488 4043 650 4116 confidunt,
670 4044 794 4124 perinde
815 4042 927 4104 iaciunt
946 4062 979 4102 ac
990 4040 1144 4103 temulenti
1160 4044 1218 4104 mi-

49 4121 137 4195 lites,
162 4120 211 4200 qni
232 4121 269 4182 ad
290 4141 369 4181 arina
388 4132 501 4180 temere
526 4119 696 4200 prosiliunt:
723 4119 853 4180 exhalata
877 4130 975 4179 autern
1001 4137 1048 4180 cra
1071 4117 1119 4202 pla
1144 4121 1218 4182 nihil

47 4197 132 4258 alind
153 4217 240 4276 quain
260 4197 290 4257 fn
313 4219 359 4258 ain
378 4197 566 4258 meditantur.
604 4195 712 4256 ldirum
733 4207 829 4257 autem
846 4205 900 4271 est,
919 4194 999 4276 quod
1010 4139 1118 4276 reliqui
1129 4197 1218 4258 disci-

47 4273 115 4354 puli
136 4285 206 4355 post
216 4295 303 4356 repre
325 4295 426 4334 ensum
438 4272 570 4347 Petrum,
589 4281 686 4332 tariieii
708 4273 738 4332 iii
759 4272 882 4332 eandem
902 4271 1217 4348 temeritatemeium-

47 4361 143 4430 punt:
171 4351 249 4412 unde
270 4363 407 4433 apparet,
432 4369 517 4433 quani
544 4369 647 4431 paroni
667 4347 724 4410 sibi
744 4347 810 4412 noti
829 4347 948 4410 luerint
990 4347 1061 4426 Quo
1081 4349 1216 4432 exemplo

109 4595 122 4622 Ι
