2778 4838
142 193 225 286 ‘tut
318 193 322 212 ¹
443 207 559 276 SEGT.
578 173 650 272 XV,
681 217 774 270 inens
794 219 837 268 nr
855 164 1078 270 niscieuici
1179 165 1181 174 Α

166 357 307 430 malitiam
323 363 463 450 indignos
482 383 545 426 esse
565 362 715 438 exclamat,
734 359 1055 442 quidintinsferantur.
1094 359 1223 446 Scimus,
1245 383 1334 444 qnam
1379 359 1380 368 ’

167 444 294 508 comiter
313 442 386 504 alios
406 443 540 521 excipere
559 440 662 502 solitus
681 439 729 515 sit,
749 437 861 498 etiamsi
882 438 952 518 quid
971 438 1169 520 importunius
1182 449 1333 518 peterent.
1379 483 1380 486 ,

165 519 258 582 Pater
276 519 324 581 hic
343 530 432 602 rogat
450 538 505 599 pro
525 517 614 577 unico
634 513 707 590 filio,
726 516 848 575 maxima
859 526 948 597 urget
957 514 1125 589 necessitas,
1142 515 1285 576 modeste
1305 528 1333 577 et

91 644 95 666 .
166 597 339 679 suppliciter
358 596 497 675 implorat
511 593 620 655 Christi
639 591 884 652 misericordiam:
905 613 957 652 cur
978 611 1051 673 ergo
1072 603 1194 671 praeter
1216 613 1332 653 morem

166 687 292 754 repente
312 671 509 747 excandescit,
534 681 568 731 ut
591 668 777 728 tolerabilem
796 688 858 728 non
876 667 940 745 ess'e
961 667 1154 748 pronuntiet?
1196 667 1281 743 Quia
1300 691 1334 730 ex

165 751 318 810 Matthaeo
346 761 376 810 et
394 750 474 809 Luca
499 768 561 807 non
585 745 760 826 perspicitur
783 744 859 804 ratio
884 755 984 804 tantae
1003 745 1186 818 severitatis,
1214 747 1332 836 quidam

162 827 344 906 interpretes
364 826 435 887 dece
458 825 481 882 ti
500 824 631 897 suerunt,
651 821 755 901 quibus
771 821 844 880 haec
865 819 1034 902 obiurgatio
1052 820 1099 879 vel
1116 821 1147 880 in
1163 821 1332 902 discipulos,

165 902 213 966 vel
233 903 263 962 in
284 913 396 982 patrem
416 845 520 960 aiilicti
539 899 623 980 pueri
643 910 813 979 competere
832 895 892 958 visa
912 907 965 957 cst
1005 898 1046 956 ht
1087 898 1097 956 i
1117 898 1142 957 si
1162 898 1261 979 probe
1283 919 1331 958 ex·

166 979 321 1070 pendimus
341 989 436 1038 totum
454 977 594 1048 historiae
614 976 808 1055 complexum,
828 973 920 1054 qualis
940 973 1019 1054 apud
1072 994 1173 1034 arcum
1192 975 1330 1051 babetur,

61 1061 65 1064 ’
166 1054 305 1114 rudicium
325 1056 424 1116 facere
443 1065 613 1136 promptum
634 1053 701 1126 erit,
722 1049 871 1112 Christum
891 1050 990 1132 potius
1010 1051 1041 1110 in
1062 1051 1223 1112 scribarum
1244 1052 1332 1112 mali-

164 1131 238 1190 tiam
257 1130 441 1206 stomachari,
462 1151 547 1210 quani
564 1129 639 1190 adeo
653 1128 766 1189 duriter
779 1148 884 1188 vexare
896 1126 982 1188 rudes
1001 1137 1032 1188 et
1045 1126 1186 1188 infirmos.
1227 1127 1332 1202 Quum

165 1207 198 1267 in
218 1207 346 1268 inedium
366 1206 487 1267 absente
500 1205 620 1268 Christo
635 1203 967 1286 productusessctpuer
989 1203 1145 1279 lunaticus,
1166 1203 1330 1284 plausibilis
1379 1269 1380 1272 Ἴ

166 1283 370 1345 insectationis
390 1283 507 1346 occasio
526 1281 629 1343 scribis
647 1282 708 1343 visa
729 1293 782 1355 est,
809 1302 843 1342 ac
863 1281 967 1360 cupide
988 1279 1025 1340 ab
1046 1279 1104 1342 illis
1124 1292 1250 1361 arrepta:
1277 1282 1330 1340 in-

167 1371 246 1420 stant
266 1381 339 1443 crgo
359 1361 437 1441 apud
458 1360 528 1420 disci
551 1359 625 1433 ulos,
652 1370 686 1419 ut
704 1359 728 1422 si
746 1425 753 1440 Ι
769 1357 818 1418 uid
839 1356 951 1418 hahent
969 1357 1123 1437 potestatis
1144 1357 1175 1416 in
1194 1359 1328 1418 sanando
1379 1411 1380 1418 ,

165 1437 486 1520 puerodemonstrent.
554 1436 690 1496 erisimile
704 1448 747 1496 est
780 1435 829 1494 'ci
850 1434 915 1495 ulos
929 1444 1065 1508 tentasse,
1086 1433 1331 1494 etirritos'suisse
1379 1469 1380 1484 i

76 1522 81 1550 's
166 1524 306 1576 conatus:
332 1514 372 1574 ita
392 1514 505 1574 scribae
526 1512 607 1593 qnasi
626 1513 754 1574 victores
772 1511 818 1571 ins
849 1521 928 1586 tant,
955 1530 1010 1570 nee
1036 1511 1126 1576 modo
1149 1509 1331 1570 subsannant
1379 1577 1380 1584 ἵ

66 1637 75 1660 ,
168 1589 340 1672 discipulos,
359 1591 410 1650 sed
429 1589 616 1671 proterviunt
635 1590 769 1660 aduersus
787 1585 947 1662 Christum,
968 1587 1049 1666 quasi
1068 1586 1099 1646 in
1119 1585 1240 1647 illorum
1259 1607 1330 1668 per-

167 1687 240 1727 sona
262 1667 407 1726 exinanita
428 1679 503 1726 esset
524 1665 583 1725 eius
603 1664 703 1726 virtus.
743 1665 826 1726 Haec
845 1685 917 1725 vero
937 1661 1003 1746 plus
1023 1684 1109 1743 quain
1123 1663 1254 1742 ‚scelesta
1266 1675 1330 1723 erat

165 1742 206 1804 im
230 1743 302 1802 ictas
322 1764 387 1803 cum
407 1741 471 1823 pari
486 1741 700 1822 ,ingratitudine
721 1740 894 1816 coniuncta,
918 1751 966 1800 tot
984 1740 1141 1814 miracula,
1157 1747 1203 1800 'ex
1223 1741 1329 1831 quihus
1379 1753 1380 1794 ξ

167 1763 334 1880 didceiinr
359 1829 466 1898 quanta
490 1818 598 1879 virtute
625 1817 753 1898 polleret
779 1817 929 1892 Christus,
958 1815 1103 1877 malitiose
1134 1837 1329 1908 supprimere.

165 1895 242 1956 Nam
263 1916 297 1954 ex
316 1891 451 1974 professo
470 1893 629 1956 studebant
653 1894 748 1954 bicem
768 1907 836 1953 ante
858 1893 959 1954 oculos
980 1893 1104 1973 positam
1126 1905 1327 1976 exstinguere:

166 1991 259 2051 quare
279 1990 342 2029 non
361 1969 412 2030 ahs
432 1991 464 2030 re
485 1969 624 2031 exclamat
644 1967 788 2046 Christus,
807 1969 863 2030 sibi
883 1991 945 2030 non
966 1990 1028 2030 esse
1048 1969 1157 2030 diutius
1179 1969 1328 2044 serendos,
1379 2031 1380 2036 χ

147 2035 345 2128 ”gentemque
373 2046 553 2108 incredulam
583 2067 749 2128 perversam
781 2045 926 2127 appellat:
963 2045 1126 2108 debuerant
1164 2047 1246 2108 enim
1283 2057 1329 2107 tot

67 2175 68 2182 ,
165 2122 317 2203 prioribus
338 2123 520 2185 documentis
538 2123 641 2186 saltem
660 2123 809 2203 hucusque
830 2123 986 2204 prolicere,
1006 2144 1043 2184 ne
1064 2123 1256 2184 obtrectandi
1276 2145 1326 2184 au-

165 2219 227 2261 sam
248 2221 280 2260 ca
303 2211 408 2259 tarent.

243 2221 336 2336 Melie.
355 2284 402 2341 it.
444 2275 531 2337 Vtile
548 2275 661 2338 mabam
678 2277 807 2340 multam.
845 2277 916 2337 Non
928 2275 1046 2336 dubium
1058 2287 1112 2352 est,
1133 2277 1206 2356 quin
1227 2289 1327 2337 osten-

141 2404 148 2414 .
166 2352 211 2411 tui
230 2351 324 2413 hahiti
344 2352 454 2414 suerint
473 2355 618 2436 discipuli,
639 2355 765 2435 qualiter
780 2351 879 2414 solent
890 2353 1020 2414 veritatis
1033 2353 1131 2413 hostes
1144 2353 1204 2414 suis
1215 2355 1326 2414 iactan-

166 2427 215 2492 tiia
231 2429 323 2488 etiam
344 2429 380 2490 de
401 2429 493 2491 nihilo
514 2433 660 2492 theatrum
681 2450 831 2512 quaerere.
871 2430 933 2488 Suo
949 2429 1040 2521 igitur
1056 2431 1182 2510 strepitu
1194 2430 1326 2492 fecerant

148 2503 291 2581 scribae,
310 2515 343 2564 ut
361 2507 520 2567 multorum
540 2507 667 2568 ludibrio
710 2517 825 2568 aterent
843 2504 985 2585 discipuli.
1024 2507 1063 2566 Et
1082 2518 1183 2566 tamen
1196 2518 1326 2589 apparet,

165 2602 231 2642 non
250 2581 326 2642 male
346 2581 470 2644 affectos
491 2584 578 2645 fuisse
599 2529 750 2665 quosditm,
770 2582 847 2662 quia,
872 2581 992 2642 simulac
1011 2583 1107 2644 Iesum
1128 2585 1326 2664 conspiciunt,

167 2677 235 2718 eum
254 2657 395 2719 salutant:
415 2662 474 2720 imo
496 2661 557 2722 eius
570 2661 744 2798 praesentia
762 2658 923 2720 scribaru'm
942 2657 1130 2720 insolentiam
1152 2661 1326 2744 compescit,
1379 2707 1380 2712 κ

161 2735 237 2816 quia
255 2735 364 2818 rogati,
384 2749 439 2816 qua
460 2738 550 2798 dere

242 2817 289 2877 17.
327 2817 523 2890 Praeceptor,
548 2813 665 2874 adam
679 2813 782 2891 filiam
804 2833 906 2872 meum.
944 2811 1108 2873 Matthaeus
1128 2813 1211 2874 aliud
1229 2811 1327 2874 morbi

166 2907 260 3022 ἓουιιε
281 2887 415 2968 designat
434 2910 518 2968 quain
539 2891 670 2950 Marcus:
695 2910 763 2949 nam
787 2887 936 2950 hominem
956 2887 1114 2950 lunaticum
1136 2889 1227 2952 luisse
1249 2891 1324 2950 dicit

197 2975 348 3042 ongruunt
365 2975 465 3024 tamen
485 2966 563 3026 inter
582 2985 612 3026 se
632 2965 704 3025 haec
724 2965 793 3040 duo,
813 2978 924 3024 mutum
944 2964 1042 3041 luisse,
1062 2977 1092 3024 et
1104 2967 1194 3026 certis
1208 2979 1325 3047 tempo·
1379 3009 1380 3024 t

166 3038 249 3098 ribus
269 3037 300 3096 in
320 3037 408 3100 furias
429 3051 533 3101 actum.
572 3041 708 3100 Lunatici
728 3053 825 3104 autem
845 3053 997 3116 vocantur,
1024 3041 1073 3120 qui
1093 3041 1141 3102 vel
1161 3042 1217 3102 suh
1239 3043 1324 3103 lunae

167 3113 316 3174 delectum
336 3116 476 3186 comitiali
496 3118 602 3178 morbo
623 3117 775 3192 laborant,
798 3117 845 3180 vel
865 3130 914 3178 tor
935 3130 1043 3180 nentur
1061 3119 1220 3202 uertigine.
1262 3121 1321 3180 Nec

166 3187 279 3280 recipio
305 3192 385 3274 quod
409 3193 494 3286 finqit
520 3194 763 3277 Chrysostomus,
788 3215 897 3256 nomen
916 3141 981 3256 hoc
1003 3194 1129 3256 Satanae
1150 3207 1215 3254 astu
1237 3196 1324 3255 fuisse

165 3275 330 3342 inventum,
349 3269 487 3330 ethonis
508 3272 647 3332 creaturis
667 3271 803 3332 infamiae
821 3283 921 3332 notam
938 3285 1123 3353 aspergeret:
1144 3272 1324 3334 docetenim

78 3355 81 3370 ¹
167 3353 246 3404 certa
267 3346 457 3422 experientia,
468 3369 532 3432 pro
548 3349 634 3409 lunae
653 3370 739 3409 cursu
755 3349 857 3422 augeri
871 3347 919 3409 rel
932 3349 1100 3409 decrescere
1113 3348 1238 3410 morbos
1249 3348 1323 3422 illos,

165 3439 264 3498 neque
283 3431 381 3484 tamen
401 3423 458 3484 boc
478 3424 585 3500 obstat,
605 3425 761 3505 quominus
773 3421 863 3484 Sltan
875 3423 1055 3485 naturalibus
1067 3425 1173 3485 mediis
1187 3424 1322 3486 mosim·

164 3507 250 3632 petus
270 3498 480 3576 permiscuerit
518 3503 586 3585 Ego
600 3501 699 3582 itaque
712 3501 856 3576 existimo,
875 3522 937 3561 non
958 3501 1045 3562 luisse
1066 3501 1240 3562 naturaliter
1257 3523 1320 3560 sur-

185 3593 234 3632 um
254 3587 288 3633 ae
307 3586 417 3635 mutum
438 3578 514 3638 hunc
534 3578 695 3653 hominem,
720 3577 771 3638 sed
791 3576 919 3669 linguam
940 3577 1000 3637 eius
1021 3591 1051 3638 et
1071 3599 1155 3638 aures
1177 3600 1193 3638 a
1213 3579 1320 3637 Satana

70 3697 74 3706 .
164 3649 253 3710 fuisse
273 3670 428 3730 possessas.
465 3653 584 3715 Deinde
611 3675 700 3735 quum
725 3654 840 3715 cerebri
858 3666 897 3714 et
922 3668 1080 3714 nervorum
1101 3655 1234 3714 debilitas
1253 3674 1320 3712 enin

163 3725 272 3786 inorbo
292 3730 433 3792 comitiali
454 3731 613 3791 obnoxium
633 3731 780 3806 redderet,
807 3731 935 3793 deterius
955 3731 1063 3792 malum
1083 3730 1173 3792 luisse
1194 3730 1323 3792 additum

163 3803 328 3880 abeodem
350 3805 466 3866 Satana.
497 3808 574 3867 Hinc
595 3807 702 3868 laetum
722 3820 775 3882 est,
795 3821 827 3868 ut
839 3808 895 3868 sihi
908 3807 1069 3888 perniciem
1083 3808 1215 3888 undique
1227 3825 1323 3867 arces-

163 3893 254 3940 seret:
280 3881 386 3944 deinde
405 3895 440 3943 ut
458 3883 621 3964 discerptus
640 3884 765 3960 iaceret,
790 3895 823 3944 ut
843 3885 1014 3946 concideret
1033 3883 1173 3944 exanimis
1194 3896 1225 3944 et
1244 3884 1323 3944 simi-

162 3953 197 4014 lis
218 3968 345 4019 mortuo.
385 3959 463 4020 Hinc
482 3980 554 4021 vero
576 3961 733 4037 diseamus,
761 3982 848 4040 quam
867 3959 1043 4041 multiplices
1064 3961 1196 4022 nocendi
1219 3963 1322 4022 modos

74 4087 78 4105 ,
163 4028 272 4121 habeat
291 4033 397 4111 Satan,
422 4036 476 4097 nisi
497 4049 638 4127 quatenus
658 4038 716 4097 Dei
736 4055 824 4098 manu
843 4049 967 4098 arcetur.
1008 4037 1322 4117 Quotquotsuntear-

163 4127 209 4164 nis
231 4120 262 4166 ct
280 4112 392 4171 animae
402 4112 595 4187 infirmitates,
616 4135 686 4194 quas
705 4113 845 4175 sentimus
867 4135 928 4174 esse
950 4114 1127 4188 innumeras,
1147 4114 1276 4174 totidem
1288 4114 1327 4174 ad

162 4201 220 4240 nos
231 4179 390 4248 laedendos
402 4188 461 4249 tela
478 4191 506 4249 ei
521 4211 554 4250 su
578 4201 691 4271 petunt
730 4189 800 4250 Plus
819 4212 906 4271 quain
923 4211 996 4272 ergo
1013 4191 1122 4272 stupidi
1139 4213 1250 4266 sumus,
1269 4189 1323 4249 nisi

161 4267 221 4318 tem
240 4259 345 4351 misera
364 4277 465 4326 nostra
485 4211 619 4328 condrio
639 4287 694 4328 nos
712 4268 750 4328 ad
770 4288 873 4348 preces
892 4266 1040 4328 sollicitet.
1079 4267 1115 4328 ln
1132 4287 1170 4328 eo
1184 4280 1322 4328 autemse

162 4333 279 4416 profert
295 4343 534 4422 incomparabilia
548 4343 608 4408 Dei
625 4343 753 4422 bouitas,
771 4345 864 4428 quod,
884 4355 1052 4426 quum‘tam
1069 4344 1160 4408 variis
1180 4345 1265 4406 noxis
1284 4345 1321 4404 si-
1379 4419 1380 4430 ἵ

590 2737 729 2818 isputant,
749 2735 966 2796 obmutescunt.

681 4487 697 4520 N
