2790 4838
169 273 252 336 ,κω
323 279 332 304 ι
629 263 781 328 sectio
802 263 888 328 vita

192 423 269 484 vires
288 443 321 482 sn
344 419 456 502 peditat
474 419 619 480 Dominus
637 439 654 480 e
674 418 777 492 coelo,
808 417 922 477 nullum
942 436 975 478 ex
994 411 1169 478 diilicnlt'ate
1188 432 1334 500 praetex-

194 515 255 562 tum
280 443 402 574 habebit
426 497 541 580 ignavia
565 507 664 556 nostra
689 495 736 554 vel
761 494 890 555 tarditas.
932 491 1096 584 Consilium
1116 513 1190 585 ergo
1212 495 1334 558 Christi

194 591 248 653 est,
268 579 304 636 de
324 575 444 635 serenda
465 593 550 632 crece
569 593 636 632 suos
655 591 788 645 monere,
808 583 841 630 ut
859 591 890 631 se
911 570 1086 630 fortitudine
1106 587 1277 653 accingant

269 653 340 712 Luc.
358 657 405 716 33.
444 649 496 708 Sto
513 669 582 724 ergo
600 651 692 708 mucis
709 669 750 708 ex
768 646 855 722 ioth,
875 652 926 727 qui
942 667 1003 706 nott
1020 651 1174 710 monada.
1212 651 1332 712 Osten-

194 732 237 792 dit
256 731 328 789 baec
348 725 484 798 clausula,
504 725 572 803 quid
591 724 647 784 sibi
666 725 739 784 velit
756 737 921 802 sumptuum
941 745 954 782 s
997 724 1120 802 putatio,
1141 745 1157 783 a
1177 745 1236 814 qua
1256 749 1332 788 suos

194 805 285 870 ordiri
305 802 388 862 iubet
408 799 551 860 Christus:
578 822 685 881 nempe
705 811 738 874 tit
757 799 828 860 baec
848 801 903 860 illis
920 821 969 858 me
991 799 1061 858 itata
1080 800 1119 859 sit
1136 811 1233 876 ratio,
1261 823 1332 863 om-

192 884 278 942 nibus
305 879 530 938 renuntiandum
556 897 626 937 esse.
670 877 789 936 Frustra
814 876 891 935 enim
910 898 942 936 se
961 876 1103 956 ingerunt
1121 877 1158 938 ad
1179 877 1331 940 Christia-

192 960 316 1016 nismum
335 953 549 1034 profitendum,
569 975 642 1032 quos
661 953 771 1024 suavis,
791 953 885 1012 otiosa
906 965 935 1012 et
954 952 1048 1014 crucis
1069 973 1170 1032 expers
1191 956 1330 1016 conditio

193 1034 327 1094 delectat.
366 1031 463 1090 Porro
483 1029 620 1090 omnibus
638 1030 808 1090 renuntiare
827 1029 969 1111 intellige,
991 1029 1220 1108 quicunqueita
1235 1031 1331 1092 Chri-

190 1123 266 1172 stum
291 1104 462 1188 praeseri'int
484 1118 544 1166 tam
569 1107 706 1186 propriae
732 1107 823 1180 vitae,
850 1127 939 1242 quain
966 1103 1104 1165 omnibus
1123 1107 1219 1168 carnis
1238 1111 1330 1182 votis,
1387 1155 1389 1166 ,

191 1199 225 1248 ut
250 1185 324 1246 nibil
349 1205 365 1244 a
384 1196 468 1244 recto
489 1205 573 1243 cursu
593 1202 644 1242 eos
664 1183 812 1262 impediat
876 1193 1044 1261 raepostere
1065 1181 1144 1240 enim
1164 1181 1268 1259 saciet,
1301 1187 1330 1246 si

192 1263 257 1349 quis
286 1261 399 1322 literam
431 1260 702 1352 pt'aecise'urgeat:
735 1258 815 1338 quasi
841 1279 929 1318 nemo
952 1257 991 1318 sit
1016 1257 1135 1316 Christi·
1155 1259 1329 1340 discipulus,

191 1339 248 1400 nisi
273 1339 323 1420 qui
346 1339 378 1397 in
397 1356 478 1396 mare
497 1335 744 1416 proiecerit'quic
766 1334 815 1394 uid
835 1335 979 1414 possidet,
1010 1335 1144 1413 adeoque
1164 1335 1330 1398 hiantium

191 1417 297 1478 lecerit
316 1436 382 1476 cum
401 1433 492 1473 uxore
513 1425 543 1474 et
562 1411 667 1494 tiberis,
680 1357 858 1474 valedixerit.
888 1410 1009 1470 Talibus
1029 1409 1177 1490 figmentis
1196 1412 1235 1472 ad
1253 1414 1329 1486 atq..

191 1493 347 1554 nachatum
372 1489 483 1550 inducti
506 1500 575 1550 sunt
598 1489 677 1548 stulti
703 1489 849 1563 homines,
883 1499 916 1546 ut
942 1487 978 1546 acl
1005 1483 1154 1546 Christum
1180 1489 1328 1552 accedere

190 1569 325 1634 volentes
351 1566 387 1628 ab
413 1567 590 1626 humanitate
615 1565 782 1626 deficerent.
826 1563 920 1642 Atqui
945 1583 1032 1622 nemo
1057 1563 1151 1624 verius
1172 1567 1328 1628 renuntiat

191 1645 327 1707 omnibus
348 1663 422 1724 quae
442 1642 586 1722 possidet,
618 1663 704 1722 quam
745 1642 776 1700 ni
794 1641 892 1701 omnia
911 1638 1032 1722 singulis
1052 1641 1211 1702 momentis
1231 1643 1327 1702 relin-

192 1743 284 1802 quere
308 1731 439 1810 paratus,
470 1729 566 1776 totum
588 1737 619 1778 se
640 1663 817 1796 qnasihiber
836 1725 866 1778 et
884 1715 995 1778 solutus
1014 1715 1147 1784 Domino
1167 1717 1328 1798 impendit,

191 1811 223 1859 et
239 1785 377 1858 bmnibus
398 1785 553 1854 obsta'ciilis
573 1795 709 1874 superior
726 1795 912 1854 vocationem
932 1813 1011 1852 suam
1032 1790 1230 1872 prosequitur.
1277 1797 1326 1857 lta

190 1895 258 1939 vera
278 1870 453 1953 abnegatio,
466 1901 471 1922 ι
484 1891 569 1949 quam
590 1891 606 1930 a
625 1871 683 1930 suis
701 1871 826 1950 requirit
844 1869 1005 1943 Dominus,
1030 1881 1172 1928 nontam
1192 1870 1225 1930 in
1246 1885 1326 1948 actu,

190 1961 222 2008 iit
243 1949 417 2028 loquuntur,
443 1967 528 2024 quam
548 1948 578 2006 in
599 1947 759 2008 allectione
779 1947 832 2007 sita
853 1959 911 2020 est,
930 1958 963 2004 ut
983 1944 1106 2025 quisque
1127 1945 1158 2028 in
1179 1947 1257 2011 diem
1277 1950 1325 2009 vi-

189 2047 260 2088 vens
281 2046 342 2084 non
361 2023 488 2083 retineat
506 2023 607 2098 corde,
627 2024 707 2102 quod
727 2043 814 2082 nianu
834 2021 988 2104 gubernat.

266 2101 370 2161 lllatth.
389 2105 435 2164 40.
470 2098 529 2183 Qui
546 2103 646 2176 recipit
663 2123 713 2160 vos
731 2123 775 2159 me
792 2103 900 2175 recipit.
931 2097 1033 2157 Altera
1045 2097 1211 2160 consolatio
1241 2103 1325 2181 quod

188 2178 303 2238 tametsi
329 2178 409 2236 bona
427 2195 500 2312 pars
526 2176 627 2237 mundi
652 2177 767 2238 infensa
791 2177 829 2236 sit
853 2174 964 2235 Christi
991 2174 1156 2256 discipulis,
1186 2143 1325 2259 adeoque

190 2255 259 2314 hdei
277 2273 346 2314 suae
366 2273 423 2314 con
439 2253 553 2312 essione
574 2253 705 2312 omnium
722 2254 753 2314 iu
773 2273 804 2314 se
824 2253 891 2313 odia
912 2265 1089 2342 provocent,
1108 2253 1256 2314 Dominus
1275 2269 1325 2315 ta-

187 2351 267 2424 men,
286 2341 424 2409 utquam
443 2327 583 2409 plurimos
604 2331 640 2390 ad
660 2329 895 2390 benevolentiam
915 2327 975 2386 illis
993 2329 1193 2418 praestandam
1207 2330 1325 2408 inritet,

187 2427 303 2469 insitas
323 2405 435 2468 tabulas
456 2417 606 2488 acceptum
628 2407 704 2467 serre
723 2427 786 2466 non
806 2417 958 2490 gravatur,
986 2405 1124 2484 quicquid
1144 2405 1200 2466 illis
1221 2407 1324 2469 datum

189 2485 288 2545 suerit.
324 2485 399 2544 Nam
419 2483 488 2544 inde
509 2496 646 2576 apparet,
666 2504 751 2563 quam
771 2504 854 2545 caros
875 2481 997 2553 habeat,
1017 2479 1085 2540 dum
1104 2480 1161 2542 sibi
1181 2483 1323 2564 imputari

187 2561 314 2643 patitur,
338 2581 530 2650 quaecunque
549 2561 606 2620 illis
627 2562 764 2640 praestita
785 2559 895 2621 luerint
915 2555 1021 2617 officia.
1060 2557 1156 2617 Porro
1177 2581 1241 2620 non
1262 2573 1324 2624 tam

188 2641 224 2700 de
248 2649 423 2723 receptione
448 2637 601 2698 doctrinae
620 2659 706 2716 quam
726 2637 876 2698 hominum
897 2633 1035 2712 loquitur.
1073 2634 1183 2694 Fateor
1204 2637 1324 2718 quidem

186 2716 244 2776 hoe
271 2713 417 2796 poetelius
443 2711 479 2773 ab
506 2714 558 2772 illo
579 2715 723 2794 pendere,
752 2715 803 2773 sed
824 2709 978 2774 consilium
999 2709 1109 2772 Christi
1128 2717 1325 2792 spectandum

187 2805 246 2852 est:
278 2812 345 2850 narn
370 2789 450 2868 quod
476 2789 671 2850 sublevandae
692 2810 794 2849 eorum
815 2786 976 2849 infirmitati
996 2785 1117 2846 maxime
1136 2803 1238 2870 aptum
1259 2813 1325 2852 esse

167 2862 317 2942 videbat,
336 2866 437 2925 testari
456 2865 565 2939 voluit,
584 2867 607 2924 si
628 2867 691 2944 quis
711 2886 762 2925 eos
784 2864 949 2926 humaniter
968 2863 1029 2922 acci
1053 2874 1116 2922 eret
1135 2885 1169 2925 ac
1188 2865 1323 2950 benigne

186 2943 310 3016 iuvaret,
329 2941 453 3020 perinde
471 2941 528 3000 sibi
548 2954 663 3024 gratum
684 2941 748 3002 fore
769 2942 910 3022 officium,
930 2940 987 3000 acsi
1007 2886 1326 3006 liberalitertractatus

187 3031 263 3078 esset
289 3019 442 3077 incorum
462 3037 602 3096 persona:
633 3039 731 3098 neque
751 3018 781 3078 id
800 3020 908 3094 modo,
938 3017 990 3078 secl
1009 3015 1077 3076 Deo
1098 3039 1219 3100 quoque
1239 3022 1324 3082 Patri

141 3131 147 3137 ·
186 3095 261 3156 boni
281 3093 380 3153 odoris
401 3093 505 3152 offerri
524 3094 706 3154 sacrificium.

260 3177 308 3234 41.
350 3169 408 3252 (tut
430 3174 532 3244 recipit
552 3168 721 3247 prophetam
743 3187 795 3232 etc.
834 3172 945 3251 Incipit
969 3170 1087 3249 quidem
1113 3171 1324 3253 a·Propbetis,

184 3247 236 3308 sed
260 3245 380 3306 tandem
399 3245 436 3305 ad
456 3245 585 3306 infimum
605 3249 727 3329 gradum
748 3250 928 3310 descendens
947 3269 1015 3307 suos
1035 3267 1138 3308 omnes
1159 3248 1323 3342 discipulos

185 3321 399 3412 eomplech'tur.
442 3324 525 3404 Ergo
550 3324 613 3392 sine
639 3347 706 3385 exce
730 3325 813 3386 tione
838 3345 925 3384 veros
943 3323 1003 3384 Dei
1023 3324 1150 3384 cultores
1171 3338 1202 3385 et
1221 3329 1323 3388 [tvan-

185 3398 257 3482 gelii
281 3399 427 3460 studiosos
452 3403 651 3461 commendat.
690 3346 833 3477 decipere
857 3415 955 3460 autem
974 3405 1005 3460 iii
1023 3405 1137 3462 nomine
1155 3401 1323 3478 Prophetae

185 3489 212 3536 et
229 3479 306 3552 iusti,
328 3477 503 3537 tantundum
522 3478 600 3538 valet
619 3490 705 3558 atque
725 3479 784 3540 illis
805 3478 982 3538 benefacere
1001 3478 1032 3538 in
1053 3478 1206 3538 doctrinae
1221 3481 1321 3540 bono-

184 3573 247 3613 rem
273 3563 303 3612 et
327 3551 443 3632 pietatis
469 3568 614 3633 respectu.
664 3555 794 3615 Tametsi
820 3557 897 3614 enim
921 3566 1016 3614 totum
1041 3574 1133 3636 genus
1159 3555 1321 3616 humanum

184 3629 311 3692 caritatis
328 3628 441 3690 toshciis
466 3631 606 3709 prosequi
631 3651 685 3692 nos
711 3631 792 3692 Deus
817 3629 915 3705 iubet,
945 3631 1053 3690 merito
1079 3641 1179 3690 tamen
1197 3653 1273 3710 suos
1289 3633 1321 3692 in

182 3706 364 3786 superiorem
383 3706 507 3788 gradmn
531 3707 655 3784 attollit,
680 3720 715 3768 ut
739 3707 892 3788 peculiaris
913 3705 1055 3766 habeatur
1074 3727 1177 3766 eorum
1198 3729 1270 3768 cura
1291 3721 1323 3770 et

85 3843 90 3867 Ι
182 3785 269 3844 ratio.
308 3782 475 3862 Meqcedem
488 3781 648 3860 prophetoe
665 3789 794 3862 accipiet.
827 3785 913 3844 Hanc
933 3783 1105 3864 particulam
1121 3784 1205 3846 rarle
1227 3805 1322 3866 expo-

182 3873 265 3920 nunt.
281 3861 466 3940 interpretes.
512 3859 696 3935 Quibusdam
722 3863 837 3930 videtur
860 3861 959 3920 notari
983 3871 1082 3921 mutua
1102 3861 1321 3941 compensatio,

128 3973 132 3980 ι
182 3938 263 4016 quod
282 3936 395 3998 scilicet
414 3957 470 4016 pro
489 3937 614 3997 terrenis
634 3937 720 3998 bonis
739 3937 900 4018 spiritualia
920 3935 1051 3996 referant
1062 3937 1121 3996 Dei
1131 3937 1319 4018 Prophetae:

180 4035 282 4073 verum
302 4013 326 4072 si
346 4013 417 4072 baec
438 4013 583 4092 expositio
603 4015 754 4094 recipitur,
775 4035 919 4094 quaenam
939 4017 995 4074 erit
1014 4032 1120 4074 merces
1138 4017 1228 4074 iusti?
1258 4015 1319 4076 Alii

182 4089 311 4148 eiusdem
332 4089 489 4164 mercedis,
516 4110 590 4180 quae
611 4090 769 4171 Prophetis
790 4105 821 4151 et
839 4091 920 4150 iustis
939 4089 1070 4180 reppsita
1090 4099 1144 4165 est,
1164 4105 1319 4152 consortes

70 4233 81 4246 ,
180 4164 247 4224 sore
279 4163 465 4247 intelligunt,
505 4186 556 4256 qm
576 4185 656 4255 'erga
687 4167 754 4229 illos
778 4165 906 4228 benefici
932 4165 1051 4226 luerint.
1109 4163 1259 4228 Nonnulli
1282 4169 1319 4229 ad

179 4251 347 4302 sanctorum
378 4253 674 4314 communicationem
703 4246 853 4318 referunt,
892 4244 970 4322 quod
1000 4243 1086 4302 sicuti
1115 4241 1317 4304 beneficentia

67 4330 78 4352 ‘
179 4327 450 4394 nostraaesiamur,
469 4339 524 4379 nos
543 4339 633 4378 uuum
653 4341 715 4380 esse
736 4343 800 4382 cum
821 4320 931 4382 Christi
949 4318 1039 4382 servis
1060 4341 1112 4380 cor
1134 4341 1177 4394 us,
1197 4320 1239 4380 ita
1262 4321 1317 4380 boc

179 4393 270 4466 mpdo
297 4393 440 4456 efficimur
458 4393 591 4458 omnium
605 4395 759 4460 ‘bonorum
779 4397 951 4479 participes,
985 4416 1061 4478 quae
1081 4395 1107 4458 C
1147 4396 1155 4410 ⁸
1173 4409 1220 4459 tus
1236 4397 1316 4458 inter
