2756 4838
8 2061 9 2074 .
68 2085 69 2092 ’
171 2085 239 2162 suit,

164 247 223 322 ma
319 245 552 320 securum.
590 259 856 312 rnamsanonmr
873 259 1166 326 nqcnmarronus.

78 397 82 412 '
166 406 222 474 bus
241 401 411 478 deforment
428 423 527 486 reram
546 401 665 484 pietatis
685 401 860 477 doctrinam,
879 421 914 462 ae
927 399 1119 482 pudefaciant
1131 419 1234 475 servos
1247 401 1330 486 Cbri-

167 481 219 542 sti:
247 481 308 553 imo
324 482 464 573 Papistae
485 480 563 540 nulla
582 479 765 570 verecundia·
784 490 940 570 tenentur,
966 476 1124 556 quominus
1145 491 1249 614 aperte
1270 479 1331 540 lleo

126 583 128 588 ’
167 559 321 696 verboque
341 580 402 619 erus
422 557 556 632 illudant,
576 556 644 616 dum
664 575 718 616 nos
739 565 1097 616 circumveniretentant.
1137 555 1213 616 leo
1231 555 1333 616 Paulus

167 657 231 696 non
251 658 267 697 a
289 658 302 695 s
321 655 355 696 re
375 636 533 696 doctorem
547 632 634 696 armis
652 631 716 692 vult
736 651 798 692 esse
816 632 1008 706 instructum,
1028 631 1136 710 quibus
1155 631 1332 693 adversarios
1368 647 1369 656 ¹

167 711 299 782 veritatis
318 710 445 792 repellat
464 710 540 801 (Tit
560 717 596 784 1,
615 711 668 800 b).
710 707 802 782 Quod
823 707 859 768 ad
878 709 990 790 Legem
1009 707 1086 792 hanc
1107 709 1258 787 pertinet,
1283 731 1331 788 qna

168 781 252 848 inslit
270 789 353 864 Deus
372 799 495 846 mortuis
515 787 545 844 in
564 785 783 854 matrimonium
802 787 960 846 succedere
981 797 1143 876 cognatos,
1175 785 1227 864 qui
1247 788 1332 866 gradu

168 863 318 948 sanguinis
341 863 467 944 proximi
493 874 605 937 essent,
634 861 660 922 si
679 862 787 942 primus
807 860 918 952 absque
936 859 1038 922 libens
1058 862 1242 935 decesserat,
1269 863 1332 922 baec

167 940 226 1002 tuit
244 939 333 1014 ratio,
353 951 386 999 ut
404 939 510 999 mulier
529 959 603 1018 quac
624 950 765 1018 nupserat
783 937 815 996 in
835 938 961 1017 aquuam
982 937 1133 1019 familiam,
1153 959 1256 1000 semen
1269 939 1332 998 inde

169 1019 340 1098 susciperet
379 1015 497 1091 Quodsi
518 1036 551 1075 er
571 1014 676 1096 primo,
690 1014 830 1150 coniugio
851 1015 999 1095 procreati
1019 1025 1119 1074 essent
1136 1014 1234 1089 liberi,
1254 1015 1331 1074 ince-

169 1105 301 1154 stuosum
321 1091 423 1162 luisset
442 1091 613 1172 coniugium
632 1090 709 1151 intra
729 1112 782 1172 gra
804 1113 836 1151 us
857 1111 872 1151 a
891 1090 934 1152 Le
958 1113 974 1151 e
993 1091 1111 1152 vetitos.

162 1222 171 1256 ,
245 1173 293 1236 29.
340 1167 480 1244 Erratis,
518 1171 671 1229 nescientes
706 1161 873 1242 sma‘pturne.
933 1111 1112 1257 {uunquam
1147 1165 1335 1228 Sadducaeos

82 1281 85 1290 ‚
142 1307 147 1330 Ι
171 1247 332 1328 compellat
345 1245 489 1318 Christus,
507 1246 580 1308 baec
600 1256 700 1306 tamen
720 1243 889 1328 obiurgatio
910 1243 1089 1327 generaliter
1108 1244 1140 1304 in
1159 1264 1259 1303 omnes
1277 1245 1334 1303 sal-

170 1345 270 1400 sorum
291 1323 329 1383 do
353 1334 460 1382 matum
479 1323 650 1382 inventores
670 1321 821 1400 competit.
859 1321 935 1382 Nam
954 1343 1043 1400 quum
1055 1319 1335 1400 nobisinScriptu-

170 1399 210 1461 ris
237 1399 313 1460 clare
365 1419 414 1476 eus
440 1397 599 1480 allulgeat,
625 1419 758 1458 errorum
778 1393 909 1458 omnium
930 1397 996 1476 lons
1017 1408 1048 1457 et
1068 1417 1155 1457 causa
1175 1409 1222 1456 est
1239 1419 1335 1456 earum
1368 1405 1369 1412 ³

117 1526 119 1540 .
169 1477 331 1560 ignoratio.
360 1477 442 1536 Haec
461 1487 559 1536 autem
579 1474 635 1556 piis
655 1473 785 1536 nonnul
808 1475 864 1533 aris
885 1473 1050 1536 consolatio
1071 1485 1126 1548 est,
1147 1473 1278 1553 qnodab
1293 1495 1335 1534 er·
1368 1475 1369 1488 ¹

171 1554 255 1614 randi
277 1551 409 1634 periculo
429 1553 485 1612 tuti
506 1563 602 1625 erunt,
623 1572 710 1632 quam
730 1495 903 1610 diubumiti
921 1551 1114 1630 modestaque
1136 1549 1335 1610 docilitatem

170 1629 332 1721 Scripturis
351 1629 514 1708 inquirent,
535 1629 605 1706 quid
624 1640 738 1688 rectum
758 1647 792 1686 ac
811 1649 913 1688 verum
932 1627 979 1688 sit.
1019 1626 1113 1700 Quod
1132 1626 1271 1686 virtutem
1280 1627 1333 1686 Dei

173 1705 307 1771 Christos
323 1703 416 1766 verbo
430 1705 595 1787 coniungit,
615 1703 651 1766 ad
670 1703 842 1784 praesentis
854 1723 956 1765 causae
976 1703 1230 1766 circumstantiam
1248 1703 1333 1762 reler-
1368 1715 1369 1738 ¹

127 1795 131 1800 ’
172 1793 250 1842 ων
268 1782 344 1840 Nam
365 1780 631 1869 quiauresurrectio
652 1793 770 1860 captum
788 1781 908 1841 humani
920 1801 1019 1842 sensus
1031 1779 1123 1862 longe
1134 1793 1267 1860 superat,
1285 1799 1334 1839 nn-

174 1857 220 1916 bis
233 1857 290 1918 erit
300 1853 493 1932 incredibilis,
513 1857 610 1918 donee
629 1869 743 1917 mentes
762 1869 881 1918 nostrae
901 1857 945 1918 ad.
956 1857 1093 1918 intuitum
1111 1857 1274 1916 immensae
1283 1856 1334 1916 Dei
1368 1913 1369 1944 ,

196 1932 326 1992 olentiae
346 1953 426 1992 assur
448 1944 508 2008 ant,
528 1953 584 2012 qna
604 1944 703 2012 potest
722 1932 778 1994 sibi
797 1933 944 1995 subiicere
964 1933 1073 2008 omnia,
1093 1933 1333 2013 quemadmodum

173 1955 385 2069 locetl’aulus
405 1951 496 2088 (ihil.
507 2014 536 2082 3,
548 2009 620 2088 21.).
659 2007 744 2094 Adde
765 2011 1044 2089 quodSadducaeos
1065 2010 1207 2090 desipere
1227 2029 1333 2070 necesse
1368 2073 1369 2078 χ

280 2086 326 2146 uia
346 2106 503 2166 perperam
522 2087 670 2166 praesenti
689 2098 766 2146 statu
786 2087 920 2148 coelestis
938 2088 1016 2148 vitae
1032 2086 1162 2171 gloriam
1179 2087 1332 2146 metieban-
1368 2127 1369 2142 .

156 2164 229 2224 ‘tur.
259 2107 388 2222 interea
408 2171 505 2222 tamen
526 2162 683 2238 docemur,
712 2163 770 2224 rite
791 2176 822 2223 et
840 2163 1002 2245 prudenter
1021 2184 1072 2224 eos
1093 2161 1220 2224 demum
1237 2163 1333 2223 sentire
1368 2159 1369 2240 J

174 2249 207 2298 et
224 2237 313 2331 loqui
330 2237 367 2329 de
386 2237 474 2321 regni
493 2239 628 2300 coelestis
648 2241 804 2327 mysteriis,
824 2241 874 2322 qui
891 2239 950 2302 Dei
969 2239 1139 2322 potentiam
1158 2261 1231 2301 eum
1243 2239 1332 2318 Serip-
1368 2299 1369 2340 t

8 2369 24 2418 h,
64 2396 68 2407 .
172 2327 247 2378 tuns
268 2327 463 2397 coniungunt.
1368 2343 1369 2432 q

249 2399 299 2460 30.
338 2391 415 2454 Sana
433 2395 505 2453 sicta
523 2393 631 2472 angeli.
658 2395 740 2460 ,Non
760 2393 916 2479 intelligit,
942 2393 1017 2456 lilios
1036 2394 1115 2470 Dei,
1139 2394 1195 2456 ubi
1215 2411 1333 2456 resurre-
1368 2453 1369 2466 ,

152 2467 282 2547 'xerint,
302 2491 358 2562 per
378 2470 477 2530 omnia
496 2471 612 2532 loturos
625 2471 865 2552 angelissimiles,
883 2473 936 2532 sed
949 2484 1092 2552 quatenus
1105 2470 1143 2532 ab
1160 2473 1245 2533 omni
1259 2490 1333 2552 prae·
1368 2481 1369 2516 l

172 2547 264 2610 sentis
284 2559 362 2608 vitae
381 2544 552 2608 infirmitate
573 2549 715 2610 immunes
736 2561 835 2609 erunt:
856 2550 915 2610 acsi
935 2559 1061 2630 negaret
1079 2549 1213 2610 caducae
1229 2563 1261 2610 et
1277 2569 1332 2606 cnr-

171 2621 319 2704 ruptibilis
343 2623 420 2686 vitae
446 2624 666 2685 necessitatibus
693 2625 817 2709 amplius
837 2625 903 2698 lore
922 2625 1077 2686 obnoxios.
1116 2625 1216 2686 Lucas
1241 2625 1335 2686 elarius

173 2700 310 2778 exprimit
328 2699 525 2760 similitudinis
545 2699 702 2776 rationem,
722 2701 802 2781 quod
821 2701 898 2762 ultra
913 2703 989 2761 mori
1003 2723 1066 2762 non
1082 2713 1244 2783 poterunt,
1262 2704 1334 2762 ideo-

173 2796 232 2854 que
256 2796 319 2836 non
345 2776 402 2837 erit
419 2781 519 2856 xpropn
542 2776 649 2837 andum
677 2798 779 2838 eornm
799 2799 891 2860 genus
911 2778 997 2838 sicuti
1015 2778 1045 2838 in
1067 2791 1157 2840 terra.
1196 2779 1335 2860 Loquitur

173 2864 271 2910 autern
293 2852 329 2911 de
349 2852 420 2912 solis
439 2797 585 2926 fidelibus,
605 2852 673 2932 quia
693 2853 730 2914 de
749 2855 885 2934 reprobis
902 2855 967 2916 'non
988 2855 1084 2916 luerat
1100 2855 1224 2918 habitus
1240 2873 1334 2916 sermo·

139 2943 147 2955 “
172 2925 234 2989 Sed
248 2927 409 3006 quaeritur,
429 2949 481 2988 cur
500 2927 578 2988 dicat
596 2939 668 2990 tunc
687 2929 825 2992 loreDei
844 2931 931 3005 filios,
952 2932 1021 3012 quia
1039 2931 1092 2992 lilii
1113 2932 1333 2996 resurrectionis
1368 2965 1369 3002 r

171 3014 276 3078 erunt,
296 3025 386 3082 quum
405 3001 551 3076 Dominus
575 3004 677 3066 fideles
695 3028 779 3082 suos,
809 3007 880 3069 licet
904 3007 1002 3091 fragili
1027 3009 1165 3090 corporis
1192 3009 1334 3094 ergastulo
1368 3035 1369 3090 3

161 3077 311 3155 inclusos,
332 3079 389 3140 hoc
409 3079 525 3140 honore
546 3081 693 3174 dignetur.
731 3085 772 3146 Et
791 3086 942 3163 quomodo
959 3096 1097 3146 aeternae
1109 3087 1188 3147 ritae
1201 3088 1334 3150 haeredes
1368 3091 1369 3126 l

171 3165 242 3232 post
261 3167 387 3215 mortem
408 3176 546 3233 essemus,
566 3159 622 3218 msi
642 3160 699 3220 iam
719 3180 774 3222 nos
795 3174 972 3243 agnosceret
989 3162 1071 3226 Deus
1090 3183 1148 3242 pro
1170 3164 1263 3224 filiis?
1286 3163 1334 3221 lle·
1368 3175 1369 3180 ’

171 3231 319 3310 spondeo,
339 3253 373 3291 ex
390 3251 452 3312 quo
472 3231 530 3294 fide
549 3235 706 3296 inserimur
723 3235 754 3295 in
772 3258 879 3319 corpus
894 3238 1013 3314 Christi,
1032 3239 1169 3320 adoptari
1180 3263 1241 3302 nos
1253 3241 1335 3300 alteo
1368 3303 1369 3318 χ

170 3305 203 3365 in
222 3305 314 3383 filios,
334 3320 422 3390 atque
443 3310 527 3374 buius
547 3313 603 3372 ado
627 3313 716 3374 tionis
736 3313 757 3373 S
780 3314 878 3374 iritum
898 3327 1003 3376 testem
1024 3335 1103 3392 esse,
1127 3315 1153 3376 si
1177 3317 1279 3389 illum,
1297 3335 1334 3374 ar-
1368 3337 1369 3354 ¹

170 3383 255 3444 rbam
275 3396 306 3445 et
326 3385 448 3468 pignus,
474 3399 506 3448 ut
532 3389 585 3450 bac
606 3333 711 3451 iducis
732 3337 827 3451 libere
848 3389 972 3452 clamare
993 3391 1098 3466 liceat,
1123 3337 1234 3471 Alba,
1257 3395 1337 3454 Pater
1368 3397 1369 3402 ’

167 3459 273 3598 ljRom'
293 3465 397 3538 8,·15.
437 3463 505 3524 Gal.
523 3473 559 3541 4,
578 3466 632 3544 6.).
673 3465 832 3530 Caeterum
859 3487 1026 3549 quanquam
1050 3471 1174 3558 seimus,
1200 3491 1257 3532 nos
1280 3487 1336 3530 esse
1368 3471 1369 3548 ᾖ

202 3538 229 3598 ei
248 3537 335 3630 filios,
356 3539 424 3631 quia
445 3553 544 3602 tamen
564 3540 697 3624 nondum
717 3544 853 3626 apparuit
894 3545 1082 3622 uiderimus,
1104 3545 1205 3608 donee
1225 3545 1335 3607 musli-
1368 3601 1369 3616 ,

169 3625 267 3696 guratr
285 3637 317 3674 m
338 3635 400 3679 erus
419 3616 545 3700 gloriam
558 3617 721 3681 videbimus
738 3642 803 3680 eum
821 3567 913 3700 qualis
932 3633 985 3696 est,
1005 3623 1139 3683 nondum
1152 3625 1261 3686 ellectu
1270 3623 1337 3702 ipso

170 3705 323 3752 censemur
338 3690 400 3754 filii.
438 3692 479 3754 Et
499 3717 664 3778 quanquam
678 3697 862 3778 SpirituDei
882 3719 914 3758 re
939 3699 1012 3758 eniti
1030 3715 1141 3774 sumus,
1162 3701 1227 3794 quia
1238 3711 1336 3758 tamen
1368 3707 1369 3778 ᾗ

168 3767 264 3830 adbuc
285 3767 469 3832 abscondita·
479 3784 524 3834 est
542 3774 599 3834 vita
620 3785 733 3851 nostra,
751 3775 814 3836 eius
826 3774 905 3835 mani
919 3775 1024 3835 estatio
1041 3776 1336 3838 vereetm-solidum
1368 3795 1369 3834 l

158 3845 206 3930 ,nb
228 3847 371 3908 extraneis
390 3869 446 3908 nos
467 3844 624 3910 discernet.
663 3849 731 3912 Hoc
757 3871 844 3912 sensu
869 3852 991 3933 adoptio
1017 3865 1118 3917 nostra
1144 3855 1177 3916 in
1202 3853 1335 3915 ultimum
1368 3867 1369 3918 l

169 3919 250 3982 dicul
267 3944 283 3982 a
303 3922 397 3984 Paulo
418 3923 557 3985 differtur
574 3926 677 4005 (Rom.
697 3933 727 4003 8,
745 3930 819 4006 21.).
1368 3937 1369 3970 l

214 3997 317 4090 'Luc
336 4007 383 4067 37.
465 3999 526 4061 uod
547 4024 615 4062 uero
638 4019 801 4080 resurgant.
849 4004 1009 4086 Postquam
1040 4005 1257 4068 absurditatem
1288 4005 1338 4068 sibi
1368 3991 1369 4050 Ῐ

169 4073 318 4136 obtectam
326 4077 623 4158 relutavrthristus,
643 4080 701 4142 iarn
721 4081 787 4144 Scri
809 4093 893 4142 turae
914 4082 1085 4142 testimonio
1107 4085 1268 4146 conlirmat
1287 4085 1336 4143 do·
1368 4083 1369 4108 ¹

168 4151 292 4210 ctrinam
319 4153 362 4213 de
382 4153 482 4219 ultima
507 4157 735 4218 resurrectione.
807 4170 879 4238 tque
903 4158 952 4218 hic
978 4159 1053 4219 ordo
1080 4159 1171 4223 uobis
1196 4162 1336 4222 tenendus
1368 4177 1369 4212 1

168 4235 222 4300 est,
241 4238 275 4284 ut
294 4227 392 4290 hostes
412 4233 541 4292 veritatis
555 4233 705 4294 calumniis
720 4235 778 4294 suis
795 4235 910 4315 depulsi
926 4234 1106 4318 intelligant,
1125 4257 1161 4297 se
1175 4239 1235 4298 Dei
1248 4237 1335 4296 verbo
1368 4215 1369 4282 l

166 4320 350 4392 repugnare:
371 4307 471 4368 donec
488 4307 567 4368 enim
588 4311 717 4372 convicti
737 4311 849 4372 luerint
867 4309 1038 4390 Scripturae
1057 4313 1243 4390 testimonio,
1265 4313 1335 4372 libc—

166 4397 231 4436 rum
250 4375 308 4439 ntis
329 4381 386 4444 erit
404 4375 521 4465 semper
542 4384 724 4468 obstrepere.
764 4387 862 4451 Porro
881 4387 983 4450 locum
1002 4409 1037 4450 er
1056 4389 1144 4452 Mose
1165 4391 1235 4453 citat
1249 4389 1335 4452 Chri·
1368 4415 1369 4502 q
