2766 4834
130 329 142 352 .
203 232 243 314 ltu
298 243 306 262 '
380 236 532 320 SECTIO
553 237 609 300 111.
648 231 725 299 lusu
744 223 897 300 usrsc'rs
918 225 961 298 ar
981 211 1154 298 ruiturus.

206 409 265 458 tam
284 393 381 456 tenuit
399 395 457 456 Dei
476 391 576 454 Filius.
616 393 656 454 Et
675 391 756 473 'quod
776 392 846 452 dicit
866 389 1015 475 irenaeus,
1036 389 1205 470 quiescente
1225 388 1342 450 divini-

207 486 267 534 tate
309 493 400 534 assum
420 471 517 546 luisse,
536 473 599 530 bon
618 471 708 530 modo
730 470 769 529 de
786 467 934 550 corporali
953 479 1050 530 morte
1069 467 1261 545 interpretor,
1282 468 1342 526 sed

208 551 244 614 de
264 495 316 610 illb
335 548 501 615 incredibili
521 547 632 624 animae
654 547 757 608 dolore
778 557 808 606 et
828 544 973 617 cruciatu,
1020 543 1048 602 ui
1068 543 1142 602 lranc
1162 541 1205 602 illi
1232 543 1340 621 queri-

206 628 335 688 moniam
355 625 503 708 expressit,
521 624 602 684 Deus
622 645 713 698 meus,
732 636 765 682 nt
785 623 854 701 quid
874 641 921 680 nte
941 564 1140 700 dertlliquisti?
1160 619 1196 690 In
1210 641 1342 695 summa,
1369 667 1370 680 .

196 704 395 784 ,uisi'negare
420 701 526 774 libeat,
556 699 705 762 Christum
729 719 829 759 verum
855 695 1004 758 hominem
1028 715 1090 756 esse
1114 695 1238 772 factum,
1270 717 1340 756 non

207 781 315 861 pudeat
335 777 421 850 etiam
443 777 537 850 lateri,
556 777 634 838 ultro
654 797 736 837 susce
759 776 814 854 isse
835 778 909 856 qlrae
930 773 966 833 ab
988 773 1113 834 bumana
1131 784 1341 853 naturasepa-

206 857 264 918 rari
284 866 443 935 nequeunt
468 854 579 922 ¹Stulte
600 866 695 920 autem
717 798 865 926 obiicitur,
883 849 1096 932 ignorantiam,
1124 871 1213 929 quum
1234 870 1340 928 poena

206 933 244 994 sit
263 931 391 1012 pcccati,
417 928 537 992 Christo
561 952 623 990 non
645 931 800 1010 quadrare:
826 929 903 990 idem
929 927 1006 986 enirn
1034 927 1070 986 de
1095 937 1192 986 morte
1212 947 1340 1006 quoque

207 1008 363 1076 dicendum
384 1009 471 1068 soret.
523 1003 605 1080 Quin
631 1007 729 1098 potius
748 1003 919 1066 Mediatoris
944 1001 1045 1063 officio
1072 1003 1241 1062 defunctum
1269 1023 1340 1062 esse

204 1085 294 1144 tradit
314 1085 479 1164 Scriptura:
505 1084 571 1163 quia
593 1085 730 1163 quioquid
749 1099 912 1162 poenarum
936 1101 1050 1140 eramus
1070 1079 1223 1159 promeriti
1248 1077 1280 1137 in
1303 1099 1339 1140 se

205 1159 299 1240 ipsum
319 1161 442 1222 anobis
460 1159 617 1224 transtulit.
654 1161 739 1222 udde
781 1160 841 1220 nod
860 1157 944 1218 nimis
964 1175 1058 1216 crasse
1079 1168 1108 1215 et
1127 1155 1251 1216 inscitei
1277 1177 1339 1216 no-

204 1238 327 1298 rautiam
349 1237 460 1298 iaciunt
470 1257 596 1316 poenam
608 1237 730 1318 peccati.
798 1253 872 1326 eque
886 1233 963 1294 enim
979 1232 1140 1317 putandum
1154 1242 1206 1306 est,
1226 1175 1339 1306 Adam,

205 1333 293 1392 quum
314 1313 408 1374 adhuc
428 1319 508 1373 esset
522 1311 649 1397 integer,
669 1313 766 1373 omnia
786 1311 917 1372 servisse:
943 1327 1039 1388 neque
1060 1307 1168 1390 angeli,
1188 1307 1256 1367 dum
1278 1308 1339 1366 ali-

122 1451 126 1460 ,
226 1390 275 1450 nid
295 1389 445 1470 ignorant,
464 1390 609 1450 sustinent
627 1391 740 1470 peccati
760 1409 896 1468 poenam.
937 1384 1078 1445 Subtilius
1098 1383 1245 1464 colligunt
1265 1384 1339 1474 qui-

203 1410 288 1540 dam,
307 1464 523 1548 nibil'baesisse
542 1464 727 1546 ignorantiae
746 1465 777 1525 iu
800 1461 936 1536 Christo,
955 1459 1022 1541 quia
1042 1461 1210 1544 ignorantia
1228 1460 1339 1521 vitrum

202 1541 249 1602 sit.
289 1541 350 1602 Sed
369 1542 415 1602 isti
436 1541 666 1622 quoquefalsum
688 1555 718 1603 et
728 1542 815 1601 inane
835 1539 1011 1620 principium
1031 1558 1186 1627 perperam
1197 1549 1336 1598 sumunt:

108 1657 126 1692 .,
202 1615 335 1697 alioquin
360 1637 445 1698 pares
465 1639 527 1677 esse
546 1619 615 1678 Deo
635 1618 756 1702 angelos
777 1637 895 1680 necesse
916 1615 987 1689 erit,
1012 1626 1045 1674 ut
1064 1613 1161 1674 vttiosi
1180 1634 1243 1674 nou
1264 1614 1337 1673 sint.

201 1693 317 1760 Vitiosa
342 1693 460 1773 quidem
480 1706 524 1754 est
543 1695 668 1757 coecitas
694 1696 836 1754 humanae
855 1691 976 1764 trientis,
1001 1702 1031 1750 et
1049 1689 1156 1752 merito
1176 1709 1244 1769 pars
1271 1691 1337 1750 ori-

178 1769 306 1908 ginalis
326 1768 442 1850 peccati
467 1783 616 1832 censetur:
641 1771 760 1840 sedhic
784 1769 921 1830 nonalia
943 1764 1062 1842 Christo
1089 1767 1259 1848 ignorantia
1278 1767 1336 1826 tri-

224 1845 312 1921 uitur,
332 1867 513 1926 quamquae
533 1847 563 1907 i'n
584 1847 731 1908 hominem
753 1845 834 1906 omni
845 1843 958 1926 peccati
975 1843 1086 1903 macula
1106 1837 1212 1922 poium
1226 1844 1345 1904 cadere

200 1932 308 2018 potest.
353 1917 510 1982 Caeterum
536 1945 625 2005 quum
651 1923 722 1984 dicit
740 1921 849 1996 Lucas,
873 1919 1038 1982 roboratum
1053 1921 1155 2000 fuisse
1177 1921 1285 1994 spiritu
1308 1933 1360 1978 et.

199 1995 346 2072 emptarum
363 2002 506 2073 sapientia
546 2001 706 2083 significat,
757 1997 877 2078 nicquid
902 2010 945 2058 est
964 1996 1124 2076 sapientiae
1150 1995 1180 2054 in
1201 1996 1336 2056 homini-

199 2073 270 2149 bus,
290 2087 320 2134 et
332 2075 471 2212 guotidie
491 2075 510 2136 il
525 2077 546 2136 is
567 2076 722 2150 accrescit,
737 2021 834 2136 luere
856 2095 889 2134 ex
908 2073 996 2133 unico
1017 2073 1073 2131 isto
1095 2073 1195 2147 sonte,
1222 2093 1336 2154 nempe

200 2169 235 2214 ex
253 2149 311 2216 Dei
376 2151 454 2211 iritu.
500 2148 678 2214 Generalior
699 2163 743 2215 est
769 2172 843 2232 quae
868 2151 1000 2230 sequitur
1027 2147 1180 2238 loquutio,
1201 2154 1337 2225 gemam

197 2225 322 2289 Dondni
336 2173 439 2320 sitisse
461 2251 548 2310 super
571 2252 652 2290 eum:
684 2223 909 2309 comprehendit
940 2225 1179 2305 enitntqurcquid
1209 2225 1241 2286 iu
1267 2226 1335 2308 ipso

201 2303 389 2378 excellentrae
409 2304 601 2386 resplenduit.

171 2447 183 2455 ,
274 2387 323 2446 «ll.
359 2379 448 2444 Ibunt
465 2397 602 2457 parentes
626 2385 687 2443 etrus
711 2383 874 2474 quotannis.
923 2377 1072 2438 Laudatur
1097 2375 1144 2438 bic
1164 2375 1278 2438 Mariae
1305 2391 1338 2440 et

198 2453 319 2537 Iosephi
339 2457 442 2538 pietas,
462 2460 543 2538 quod
562 2459 692 2520 studiose
711 2481 742 2519 an
764 2469 885 2518 externo
906 2455 964 2516 Dei
984 2453 1065 2514 cultu
1085 2467 1115 2514 se
1137 2456 1335 2516 exercuerint.

196 2530 302 2614 Neque
322 2535 401 2596 euim
421 2547 531 2596 temere
552 2536 588 2596 ab
612 2535 680 2616 ipsis
690 2546 824 2615 suscepta
845 2529 900 2592 luit
920 2551 1016 2590 annua
1037 2531 1107 2590 baec
1118 2531 1339 2613 peregrinatio,

197 2610 249 2673 sed
274 2631 313 2685 eu⁴
328 2612 466 2672 mandato
485 2612 553 2672 Dei.
596 2613 671 2675 Nam
696 2613 776 2691 quod
795 2607 1013 2670 Lex'masculis
1037 2618 1152 2666 tantum
1176 2609 1337 2688 praecipit,

197 2699 230 2746 ut
249 2707 280 2746 se
300 2687 404 2748 sistant
428 2689 459 2747 in
478 2687 538 2767 Dei
558 2700 766 2779 conspectum,
791 2708 853 2747 non
878 2685 1006 2746 excludit
1030 2683 1060 2742 iu
1080 2692 1176 2744 totum
1196 2681 1337 2760 feminas,

197 2762 249 2824 sed
267 2761 323 2822 illis
344 2763 438 2842 parcit
457 2765 617 2824 secundum
638 2763 860 2846 indulgentiam.
905 2763 1003 2854 Atque
1023 2759 1077 2819 bac
1098 2772 1169 2837 uota
1189 2759 1336 2820 discerni-

196 2849 245 2898 tur
270 2859 343 2928 pura
367 2838 422 2898 reli
445 2839 475 2898 io
502 2861 518 2900 a
545 2840 625 2902 vanis
651 2851 681 2900 et
700 2841 795 2921 pravis
820 2834 1106 2929 superstitionibus(
1126 2835 1208 2916 quod
1228 2835 1279 2896 illa
1301 2859 1335 2898 se

197 2925 332 2974 contmet
355 2913 409 2972 sub
462 2915 489 2975 ei
514 2915 658 2996 obsequio
686 2926 716 2976 et
735 2927 918 2997 praescrrpto
937 2912 1025 2996 Legis
1052 2913 1128 2987 eius,
1153 2913 1207 2992 luae
1233 2925 1335 2974 autent

196 3010 251 3076 pro
274 2990 412 3068 cuiusque
424 2991 546 3052 arbitrio
569 3004 647 3053 extra
659 2991 719 3061 Dei
737 2991 860 3053 verbum
880 2979 943 3051 sine
964 3001 1043 3050 certa
1055 2988 1156 3070 regula
1176 3003 1335 3070 vagantur.

197 3066 338 3140 Quamvis
359 3076 455 3127 autem
475 3067 573 3128 multis
594 3069 769 3150 corruptelis
789 3069 915 3128 iniectus
936 3077 1012 3127 esset
1031 3065 1124 3125 cultus
1145 3063 1260 3146 templi,
1280 3089 1343 3125 ve-

195 3139 263 3202 nale
283 3155 360 3204 esset
378 3143 584 3218 sacerdotium,
604 3157 634 3205 et
654 3145 788 3206 doctrina
808 3139 905 3203 m'ultis
917 3141 1066 3202 erroribus
1086 3141 1229 3222 implicita
1240 3143 1337 3219 foret,

196 3217 263 3354 guia
283 3229 381 3282 tamen
401 3221 496 3282 adbuc
516 3221 656 3303 uigebant
674 3221 783 3304 legales
803 3219 999 3291 ceremoniae,
1020 3230 1050 3277 et
1069 3231 1220 3279 externum
1240 3221 1337 3279 sacri.

208 3295 303 3382 'candi
323 3295 428 3370 ritum,
448 3297 540 3376 qualis
561 3297 592 3357 in
614 3297 696 3380 Lege
717 3297 858 3372 traditur,
877 3295 1049 3370 servabant,
1075 3293 1209 3374 oportuit
1230 3295 1337 3357 fideles

195 3369 301 3512 palibus
328 3372 469 3434 exercitiis
492 3373 580 3435 lldem
599 3396 680 3434 suam
700 3374 810 3435 testari.
857 3371 1016 3436 Caeterum
1042 3389 1151 3432 nomen
1172 3371 1270 3431 Patris
1295 3373 1336 3434 ad

213 3448 305 3527 osepb
324 3449 363 3508 im
386 3450 486 3529 roprie
506 3451 683 3519 transfertur
703 3471 736 3510 ex
755 3449 869 3586 vulgari
889 3448 1042 3512 hominum
1062 3469 1156 3508 sensu.

269 3531 316 3591 lt.
376 3525 447 3586 llum
469 3549 531 3588 osse
557 3531 589 3602 irs
613 3531 757 3590 coutimur.
829 3547 846 3584 x
875 3523 1014 3605 pluribus.
1033 3544 1133 3586 sacrae
1158 3521 1335 3603 Scripturas

193 3599 267 3663 locis
287 3613 412 3676 constat,
432 3604 580 3666 turmatim
601 3604 658 3666 iter
677 3604 776 3664 lacere
795 3602 912 3676 solitos,
932 3603 983 3680 qui
1003 3599 1105 3660 diebus
1125 3599 1205 3661 lestis
1225 3601 1335 3660 venie.

194 3675 315 3738 hautio
336 3679 480 3760 templum
500 3681 642 3744 adorandi
654 3701 749 3742 eausa.
777 3673 893 3758 (Quare
914 3700 976 3738 nou
996 3677 1169 3751 mirurnest‚
1188 3677 1212 3736 si
1226 3673 1336 3758 'primo

193 3753 240 3816 die
261 3755 371 3839 Ioseph
392 3768 422 3815 et
440 3756 533 3816 Maria
560 3757 595 3819 de
617 3778 710 3837 puero
731 3757 827 3815 minus
847 3752 974 3814 solliciti
986 3752 1108 3814 luerint:
1134 3766 1238 3834 postea
1258 3773 1334 3815 vero

163 3907 166 3915 ‚
192 3851 223 3892 se
243 3852 307 3891 non
328 3832 446 3968 pigritia
466 3832 512 3893 vel
535 3831 675 3914 neglectu
695 3853 815 3897 securos
836 3831 925 3894 luisse
947 3831 1116 3891 ostendunt.

203 3967 207 3980 ,
268 3915 316 3972 46.
379 3907 505 3968 edentem
528 3912 560 3968 r'u
578 3908 671 3970 madio
690 3908 847 3970 doctorum.
886 3903 995 3970 Radios
1020 3906 1110 3968 diuini
1130 3904 1255 3990 fulgoris
1278 3927 1334 3986 pa-

136 4009 148 4028 ·
194 3983 250 4042 lam
270 3984 414 4068 in,puero
437 3985 575 4046 enituisse
597 3997 728 4065 oportet,
748 3997 781 4044 ut
801 4005 909 4047 sessum
923 3983 1060 4042 admissus
1081 3983 1172 4043 suerit
1191 4003 1208 4042 a
1224 4004 1334 4063 super-

191 4059 237 4121 bis
257 4059 434 4121 hominibus.
463 4061 652 4140 ,Quanquam
682 4073 778 4124 autern
799 4059 955 4142 probabile
977 4071 1036 4134 est,
1060 4059 1090 4117 in
1110 4059 1252 4122 subsellio
1297 4080 1333 4120 o-

144 4209 145 4214 ,
192 4135 250 4224 tius
277 4156 363 4217 quarn
384 4139 538 4198 doctorum
559 4139 653 4228 gradu
672 4139 796 4212 sedisse,
821 4147 1090 4214 nunquam'tamen
1111 4136 1254 4199 fastidiosi
1274 4081 1334 4196 bo-

191 4231 287 4299 nnues
313 4211 490 4275 audientiam
510 4213 553 4274 illi
573 4229 604 4273 tn
625 4213 746 4294 publico
768 4225 857 4275 coetu
881 4213 979 4272 lacere
1000 4211 1112 4294 dignati
1133 4225 1247 4288 essent,
1274 4213 1335 4273 nisi

192 4308 235 4344 vus
256 4286 352 4364 aliqua
373 4288 471 4350 diviua
491 4290 569 4370 ipsos
591 4291 743 4372 coegisset.
782 4289 851 4349 Fuit
872 4309 944 4369 crgo
966 4284 1022 4347 boc
1044 4289 1125 4368 quasi
1166 4290 1333 4350 raeludium

176 4361 368 4446 1νοεαῑίοιιίε,
389 4365 469 4426 cuius
489 4367 622 4428 noudum
641 4379 787 4432 maturum
806 4357 1100 4449 tempusaduenerat
1139 4309 1239 4450 laque
1260 4366 1333 4431 idco
1350 4403 1370 4421 .·

1194 4463 1207 4486 X
