2790 4838
307 61 323 84 ‘
734 59 739 75 ’
876 74 902 129 s

300 185 303 192 ‚
348 283 352 290 ,
408 209 471 288 (82
498 183 580 270 (inex
599 98 1036 316 (imperitantemw

20 385 21 388 ’
62 365 177 430 laetum
187 363 832 448 ingerunt,etnnntinveruntinoivitatem
846 378 880 434 et
892 369 925 432 in
935 367 1038 434 villas.
1058 362 1204 440 Maias

63 477 138 532 runt
148 475 259 532 autem
278 465 394 530 videre
413 466 537 544 lactum,
558 478 590 534 et
606 479 767 534 venerunt
780 469 821 533 ad
833 470 947 546 lesum,
968 479 999 532 et
1010 469 1203 536 invenerunt'
1287 458 1292 472 ¹

62 567 229 632 sedentem
244 565 419 644 hominem,
441 589 459 634 a
483 591 547 654 quo
561 567 729 636 daemonia
744 571 1063 650 exierant,*vestitum
1078 592 1114 634 ac
1128 567 1206 643 sana
1249 566 1274 659 l⁸

60 679 165 732 mente
179 666 222 730 ad
235 667 341 754 pedes
354 667 439 732 lesu:
456 679 487 734 et
499 671 682 736 timuerunt.
703 673 755 736 36.
770 671 1007 758 Nuntiaveruut
1019 681 1124 736 eutem
1139 669 1208 734 illis
1289 736 1294 749 ,

62 773 112 856 qui
125 767 292 843 viderant,
315 769 478 852 quomodo
491 782 618 862 sanatus
633 781 715 835 esset
729 771 964 863 daemoniacus,
991 773 1041 836 37.
1060 771 1101 860 Et
1115 793 1208 856 rogas
1301 790 1311 827 t

60 867 285 938 reruntilltim'
302 871 406 934 omnis
424 870 594 950 multitudo
614 875 756 956 regionis
768 873 1023 958 (immersorum,
1041 885 1080 958 ,ut
1094 855 1207 945 ¹dissei

62 969 151 1034 deret
174 967 218 1032 ab
232 971 322 1053 ipsis,
346 974 419 1055 qnia
438 993 552 1057 magno
566 963 906 1040 timore⁸tenebantura
922 977 992 1061 ipse
1008 983 1114 1037 autem
1128 993 1208 1036 cona

61 1093 169 1136 scensa
183 1073 261 1134 navi
274 1091 423 1134 reversus
437 1085 494 1137 ost.
514 1073 714 1158 surrogavit
730 1084 832 1140 autem
848 1080 908 1150 vir,
925 1083 1023 1160 aquo'
1033 1073 1205 1164 daemonia

61 1176 211 1248 exierant.
223 1179 258 1236 ut
272 1193 346 1238 curn
359 1173 398 1236 eo
413 1183 509 1240 esset:
520 1173 579 1238 sed
589 1173 713 1262 ¹dimisit
728 1197 798 1239 eum
811 1175 907 1250 lesus,
923 1174 1044 1258 dicens,
1060 1170 1204 1262 39,ttedt

61 1273 189 1338 domurn
213 1283 312 1348 tuam,
334 1282 366 1337 et
384 1293 479 1338 narra
502 1295 717 1362 quaecunque
739 1275 798 1341 tibi
822 1275 898 1340 lecit
918 1273 1018 1339 Deus.
1046 1274 1102 1338 ¹lit
1123 1272 1205 1338 'abiit

60 1395 115 1460 per
135 1383 240 1439 totam
263 1375 434 1454 civitatem,
454 1374 646 1460 praedicans
659 1395 871 1464 quaeeunque
890 1372 1092 1440 sibilecisaet
1106 1375 1203 1437 lesus.

131 1581 198 1640 lam
229 1579 312 1660 prius
344 1599 448 1642 eortina
475 1599 607 1640 errorem
631 1579 775 1655 refutavi,
805 1581 854 1662 qui
880 1581 1011 1640 blancum
1043 1589 1074 1637 ot
1091 1577 1202 1636 Lucam

61 1655 136 1718 aliud
157 1656 336 1716 miraculum
357 1657 470 1716 referre
492 1656 604 1716 volunt.
641 1657 718 1716 Nam
738 1679 828 1737 quum
840 1659 976 1717 eadem-a
1000 1653 1091 1715 tribus
1105 1655 1203 1714 Evau-

63 1735 173 1816 gelistis
194 1743 321 1792 notetur
339 1733 424 1813 regio
439 1733 589 1794 Galilaeae
610 1734 757 1814 opposita,
777 1735 862 1794 sicuti
885 1734 971 1794 etiam
992 1733 1085 1792 Lucas
1107 1751 1140 1790 er
1162 1729 1204 1789 ri«

62 1813 120 1884 mit,
141 1823 174 1870 et
194 1810 378 1870 conveniant
398 1826 499 1870 omnes
514 1809 762 1872 circumstantiae:
786 1812 832 1872 cui
845 1808 1080 1892 persuadebitur,
1101 1751 1203 1868 eadem

62 1889 130 1948 baec
144 1887 256 1952 ‘omnia
277 1885 398 1946 diversis
419 1886 602 1966 temporibus
624 1887 781 1948 accidisse?

132 1965 242 2024 blatth.
262 1967 311 2028 28.
354 1961 549 2024 occurremur
566 1967 594 2022 ei
605 1961 663 2023 duo
673 1963 861 2026 daemoniaci.
901 1963 968 2025 lloc
988 1984 1078 2022 unum
1100 1961 1202 2022 discri-

62 2062 126 2100 men
149 2061 268 2100 causam
289 2039 398 2099 erroris
417 2039 554 2120 praebuit
573 2040 802 2131 interpretibus,
827 2053 859 2100 ut
879 2041 1061 2100 blattbaeunr
1082 2038 1118 2100 ab
1140 2036 1203 2098 aliis

61 2119 151 2176 disiun
176 2129 279 2188 erent,
334 2116 378 2176 uia
406 2116 452 2177 hic
480 2118 553 2176 duos
579 2131 730 2192 nominat,
760 2117 810 2176 alii
836 2119 974 2176 duntaxat
999 2138 1098 2176 unum.
1135 2114 1199 2176 Sed

60 2139 224 2274 probabilis
252 2203 297 2256 est
346 2192 472 2274 agustini
500 2193 686 2266 coniectura,
715 2193 766 2272 qui
787 2193 859 2254 duos
880 2193 970 2254 luisse
986 2193 1132 2264 sentiens,
1163 2191 1203 2250 de

61 2292 118 2330 uno
147 2281 262 2332 tantum
289 2270 337 2328 hic
363 2269 453 2329 verba
479 2269 541 2328 lieri
568 2282 703 2342 excusat,
744 2271 824 2347 quod
849 2269 940 2348 magis
967 2269 1093 2328 famosus
1115 2275 1201 2340 esset,

61 2359 146 2482 atpue
168 2347 209 2408 ita
230 2358 356 2426 propter
375 2346 443 2406 mali
464 2345 646 2409 atrocitatem
667 2345 712 2404 nia
736 2346 758 2404 is
778 2345 889 2404 illustre
912 2344 1001 2404 luerit
1019 2344 1049 2402 in
1064 2365 1099 2402 eo
1111 2342 1201 2402 mira·
1223 2372 1230 2384 =

63 2446 167 2484 cunm.
208 2427 250 2484 Et
280 2435 360 2482 certe
387 2423 518 2484 videmus
538 2421 648 2480 Lucam
678 2434 709 2480 et
746 2424 859 2480 larcum
886 2421 916 2478 iu
942 2419 1062 2481 saevitia
1088 2417 1201 2478 diaboli

63 2501 267 2580 amplificanda
288 2499 385 2558 multis
405 2499 501 2560 verbis
520 2499 674 2568 insistere,
698 2511 731 2556 ut
751 2507 867 2557 constet
886 2497 1022 2556 miserum
1042 2495 1123 2554 illum
1144 2495 1203 2554 ho-

62 2579 187 2650 minem,
220 2579 257 2638 de
279 2597 338 2654 quo
360 2576 537 2654 loquuntur,
558 2573 622 2653 plus
644 2594 729 2652 quam
750 2573 931 2650 impotenter
952 2570 1038 2630 luisse
1058 2581 1200 2630 vexatum.

65 2655 154 2728 Quod
176 2673 252 2735 ergo
273 2673 363 2711 unum
375 2653 499 2732 insigne
522 2650 684 2730 exemplum
711 2649 827 2708 divinae
850 2647 960 2706 Christi
980 2646 1130 2782 potentiae
1151 2665 1202 2704 ce-

66 2731 198 2804 lebrant,
229 2752 245 2790 a
265 2728 408 2790 Matthaei
428 2729 597 2789 narratione
617 2749 678 2786 non
700 2725 835 2797 dissidet,
868 2745 941 2804 quac
962 2735 1085 2784 aterum
1105 2719 1203 2782 horni-

65 2829 145 2880 nern,
179 2808 251 2867 licet
277 2803 372 2866 minus
397 2805 568 2888 cognitum,
596 2803 738 2883 adiungit.
786 2801 877 2874 Quod
907 2800 1000 2860 Lucas
1032 2798 1118 2872 dicit,
1149 2817 1201 2858 oc-

66 2887 186 2944 currisse
214 2881 365 2942 bominem
391 2903 407 2941 e
437 2880 744 2954 civitate,=incertum
770 2890 827 2951 est,
857 2877 990 2939 civemne
1012 2876 1202 2936 Gadarenum

66 2961 149 3022 hrisse
171 2959 337 3040 intelligat,
363 2981 399 3018 an
421 2957 502 3017 illinc
523 2957 689 3037 proiectum
711 2955 832 3017 Christo
852 2953 939 3014 luisse
961 2953 1087 3012 obviam.
1125 2953 1202 3010 Nam

67 3059 150 3128 quum
171 3037 267 3096 iussus
288 3046 373 3108 esset,
393 3037 512 3096 domum
532 3033 613 3094 abire
635 3044 664 3092 et
684 3033 761 3092 inter
780 3054 847 3092 suos
868 3030 1038 3110 praedicate
1054 3029 1112 3088 Dei
1132 3049 1201 3112 gra-

66 3127 140 3188 tum,
160 3115 280 3173 blarcus
302 3111 388 3184 dicit,
408 3133 474 3171 eum
494 3111 526 3170 in
544 3113 625 3170 Deca
650 3109 691 3168 oli
713 3111 769 3170 hoc
790 3108 907 3178 fecisse,
950 3127 1003 3170 uae
1022 3105 1118 3165 vicina
1138 3111 1202 3164 erat

65 3193 147 3272 regio
168 3192 200 3249 in
223 3187 387 3248 Galilaeam
409 3208 547 3268 vergens:
577 3131 656 3246 undle
677 3185 847 3259 coniicitur,
879 3129 1002 3244 Gallam·
1028 3204 1089 3242 non
1111 3181 1227 3257 luisse¹

68 3282 175 3328 uatum.
216 3265 314 3326 Porro
341 3285 403 3324 non
423 3285 571 3345 egressum
592 3263 680 3324 luisse
706 3284 740 3322 ex
759 3261 832 3320 urbe
853 3261 1017 3320 Matthaeus
1037 3271 1067 3318 et
1085 3260 1201 3318 Marcus

69 3345 173 3404 diserte
196 3352 354 3412 testantur,
373 3341 424 3400 sed
445 3361 479 3400 ex
498 3339 712 3412 monumentis,
732 3351 762 3398 et
782 3338 874 3398 Lucas
894 3337 956 3416 ipse
977 3347 1042 3396 tuto
1062 3346 1203 3396 contextu

69 3421 214 3502 significat
246 3418 276 3476 in
302 3418 460 3477 solitudine
485 3417 596 3477 vixisse.
640 3415 723 3474 llaec
749 3414 839 3501 igitur
862 3414 966 3486 serbe,
1002 3413 1136 3476 Occurrit
1158 3412 1204 3468 air

69 3497 186 3576 mudum
206 3497 362 3570 asinitate,
383 3495 424 3554 sic
445 3493 636 3573 interpretor,
656 3493 747 3571 quod,
767 3491 934 3572 priusquam
947 3490 1100 3550 accederet
1112 3485 1201 3550 Chri-

67 3587 124 3634 stus
152 3572 194 3634 ‘ad
225 3570 345 3645 urbem,
384 3571 421 3630 ab
447 3591 481 3630 ea
509 3581 591 3650 parte
616 3591 647 3628 se
679 3568 805 3631 medium
827 3565 971 3628 obtulerit
989 3563 1202 3626 daemoniacus.

70 3651 229 3712 Caeterum
252 3647 301 3726 qui
323 3659 442 3726 putant,
481 3646 510 3705 in
535 3645 674 3725 sepulcris
699 3645 842 3704 habitasse
864 3643 1029 3716 homiuem,
1068 3639 1136 3718 quia
1155 3635 1204 3696 sel

68 3730 158 3787 odore
185 3725 361 3786 cadaverum
392 3723 591 3796 delectantur,
620 3722 668 3781 vel
700 3720 885 3781 oblationum
909 3720 1014 3778 nidore
1039 3717 1204 3774 mulcentur

70 3803 243 3876 daemones,
263 3799 310 3860 vel
332 3801 399 3880 quia
419 3800 531 3860 arrianas
548 3810 685 3877 captent,
712 3819 786 3878 quae
806 3797 863 3856 suis
884 3793 1058 3874 corporibus
1079 3787 1203 3920 propiu-

71 3901 140 3970 quae
162 3899 227 3939 esse
248 3887 407 3956 appetunt,
427 3876 533 3936 l'rivola
555 3886 616 3949 est,
641 3875 700 3934 imo
721 3873 808 3934 stulta
829 3895 931 3933 eorum
951 3865 1101 3930 divinatio.
1151 3885 1202 3953 ορ-

69 3969 121 4016 turs
140 3956 283 4018 miserum
301 3955 379 4014 liunc
401 3953 549 4014 bominem
571 3951 600 4010 in
621 3951 762 4030 sepulcris
788 3948 914 4010 detinuit
933 3943 1096 4004 immundus
1114 3961 1202 4019 sparr-

71 4045 127 4108 tus,
157 4045 192 4092 ut
213 4031 356 4090 continuo
379 4051 444 4090 eum
466 4043 580 4088 terrore
602 4029 640 4086 oh
661 4029 774 4087 tristem
794 4026 896 4086 mortis
924 4030 1113 4099 conspectum
1139 4017 1202 4077 lau-

71 4111 199 4185 ciuaret,
240 4106 298 4166 acsi
327 4119 475 4186 exemptus
502 4127 519 4165 e
545 4125 669 4164 numero
696 4104 845 4164 hominum
870 4101 928 4158 iam
958 4099 1037 4157 inter
1069 4108 1202 4154 mortuos
1256 4163 1259 4168 .
1294 4104 1302 4121 ²

70 4200 199 4266 ageret..
220 4183 307 4245 Adde
327 4183 405 4262 quod
426 4183 493 4242 hinc
507 4180 650 4254 discimus,
671 4179 818 4242 diabolum
839 4199 900 4236 non
921 4173 1051 4236 cruciare
1070 4173 1101 4230 in
1115 4191 1201 4250 prae·

72 4265 145 4324 senti
165 4273 281 4328 tantum
301 4260 358 4320 vita
377 4259 530 4331 homines,
555 4257 606 4318 sed
625 4259 662 4317 nd
681 4269 808 4320 mortem
828 4273 919 4334 usque
939 4248 1088 4332 persequi,
1108 4249 1200 4310 adeo·

75 4359 129 4418 que
149 4359 279 4422 regnum
298 4338 359 4400 eius
372 4337 409 4400 in
429 4347 525 4399 morte
545 4333 656 4416 vigere.
