2768 4834
462 217 596 314 Onirro
617 267 652 316 nr
672 267 799 316 nourr.
1106 319 1110 334 ,
1137 259 1196 320 tet

99 409 185 492 (hd)
225 405 402 476 MATTH.
427 407 499 474 'v1t
546 409 596 474 12.
631 408 752 476 Omnia
778 409 875 495 igitur
901 427 1115 495 quaecunque
1138 433 1196 478 vo-

60 509 193 591 lueritis,
207 519 252 576 ,nt
273 509 395 576 iaciant
415 503 510 575 robis
522 507 678 590 homines,
697 511 744 575 sic
767 521 799 576 et
818 531 878 578 vos
898 509 994 576 facite
1016 495 1093 574 illis:
1116 509 1197 578 haec

62 615 144 679 enim
167 621 220 678 est
239 611 309 676 Lex
331 621 365 676 et
382 609 574 694 Prophetae.
619 613 669 678 13.
689 612 823 678 introite
842 633 903 698 per
924 623 1042 677 arctam
1064 624 1198 698 portam,

60 717 215 800 quoniam
237 711 301 776 lata
324 707 374 776 esl
395 721 488 798 porta
510 722 543 776 et
563 715 704 798 spatiosa
724 717 792 792 via,
819 735 902 800 quae
925 710 1057 777 abducit
1078 716 1112 778 in
1135 717 1198 780 eri·

60 817 151 894 tium,
180 811 342 899 multique
360 821 449 892 sunt,
477 814 533 898 qni
559 814 783 898 ingrediuntur
806 835 867 902 per
893 811 990 894 illam.
1033 815 1084 879 14.
1106 813 1199 902 Quo·
1269 867 1287 888 ,
1362 873 1367 884 ,

60 919 145 980 uiam
166 923 304 1000 angusta
326 921 375 978 est
395 923 488 998 porta
511 923 543 978 et
563 917 670 980 stricta
690 917 751 994 ria,
772 937 857 1003 quae
877 901 1010 984 abducit
1031 914 1073 982 ad
1093 918 1199 996 vitans,
1282 997 1287 1008 Ι

62 1026 91 1081 et
110 1018 213 1102 pauci
233 1024 325 1092 snut,
348 1015 407 1100 qni
427 1015 598 1081 inveniunt
616 1013 714 1082 illam.

137 1147 249 1216 LUC.
270 1145 326 1214 Vl.
367 1147 420 1213 31.
442 1147 486 1213 Et
511 1159 609 1235 prout
634 1146 747 1227 vultis,
777 1159 813 1216 ut
837 1149 956 1217 faciam
982 1147 1078 1238 vobis
1097 1129 1199 1218 homi·

61 1270 129 1330 nes,
149 1269 215 1316 vos
237 1267 370 1334 qnoque
390 1247 487 1316 lacite
509 1248 575 1316 illis
595 1249 749 1317 similiter.

135 1405 246 1466 blattb.
265 1411 313 1470 12
355 1405 462 1468 ossea
485 1427 670 1500 quaecuuque
692 1405 839 1468 ocimoide
856 1359 916 1468 etc.¹
948 1403 1136 1487 Supervacua
1156 1421 1201 1470 est
1230 1405 1257 1448 ⁸·
1366 1479 1367 1486 ἵ

63 1481 174 1558 illatio,
206 1482 454 1561 quemadmodum
472 1505 562 1566 saepe
582 1505 613 1544 m
634 1485 757 1546 concisis
775 1483 930 1545 sententiis
948 1483 1108 1563 particulae
1127 1485 1200 1545 istae

64 1559 226 1623 abundant.
264 1559 336 1620 Dixi
355 1573 452 1622 autem
472 1581 570 1642 supra,
589 1581 651 1621 non
669 1579 757 1622 unam
769 1559 880 1622 Christi
899 1559 1076 1622 concionem
1096 1561 1201 1622 relerri

65 1633 256 1711 ablatthaeo,
276 1637 329 1698 sed
350 1658 384 1697 ex
402 1638 488 1698 variis
504 1637 690 1700 sermonibus
709 1658 849 1700 summam
869 1637 1023 1698 doctrinae
1043 1637 1105 1698 eins
1126 1659 1200 1698 con-

65 1713 128 1772 teri.
169 1711 315 1772 Seorsum
340 1733 413 1796 ergo
437 1715 564 1808 legenda
591 1727 635 1776 est
665 1714 927 1791 baee‘sententia,
958 1735 1015 1794 qua
1041 1715 1200 1794 discipulos

68 1787 199 1850 Christus
221 1790 259 1850 ad
279 1790 456 1870 aequitatem
475 1791 610 1868 sustituit,
629 1790 809 1873 brevemque
829 1803 860 1852 et
878 1790 994 1852 facilem
1015 1792 1075 1852 eins
1096 1791 1201 1858 defini-

66 1867 176 1926 tionem
221 1867 297 1942 o‘nit,
317 1879 351 1926 ut
367 1867 501 1942 sciamus,
520 1882 582 1929 no'n
602 1869 657 1929 alia
677 1871 714 1930 de
734 1877 876 1930 causatot
888 1867 1055 1929 inimicitias
1073 1889 1201 1953 regnare

67 1941 183 2002 inmun
208 1962 244 2018 o,
283 1955 391 2010 ac.tut
413 1945 509 2005 modis
528 1945 661 2008 homines
680 1945 805 2006 invicem
829 1944 886 2005 sibi
906 1965 968 2006 esse
988 1944 1108 2020 noxios,
1146 1945 1202 2007 nisi

67 2019 131 2098 qnia
149 2019 282 2087 scientes
301 2032 334 2080 et
351 2019 485 2082 volentes
504 2041 538 2082 ae
560 2023 681 2083 uitatem
700 2021 826 2104 pedibus
846 2021 975 2096 calcant,
995 2043 1083 2102 quam
1101 2034 1201 2084 tamen

68 2097 189 2175 quisque
209 2118 283 2191 erga
303 2117 336 2156 se
355 2099 471 2172 serrari¹
488 2044 584 2180 rigide
603 2100 741 2180 postulat.
774 2097 843 2166 ,Ubi
863 2099 985 2181 propria
1010 2099 1116 2160 utilitas
1137 2100 1201 2184 agi-

68 2182 127 2246 tur,
155 2193 250 2234 nemo
271 2185 404 2234 nostrum
426 2187 486 2250 est,
517 2176 650 2266 quinon
671 2174 823 2238 articulate
848 2186 879 2235 et
902 2173 1050 2236 subtiliter
1070 2176 1202 2252 disserat,

70 2251 134 2328 quid
161 2263 280 2313 rectum
311 2251 358 2310 sit
401 2251 484 2334 Ergo
516 2252 624 2334 singuli
655 2251 685 2312 in
715 2271 799 2313 suum
828 2252 1015 2311 commodum
1044 2263 1147 2314 acutos
1170 2273 1203 2313 se

70 2327 228 2386 ostendunt
249 2327 406 2418 aequitatis
424 2329 593 2465 mapistros:
615 2329 665 2408 qui
686 2329 734 2403 fir,
752 2340 786 2387 ut
805 2347 867 2387 non
887 2328 989 2388 eadem
1009 2328 1041 2388 in
1061 2339 1202 2410 promptu
1223 2393 1226 2414 1

71 2415 204 2464 occurrat
215 2403 365 2486 cognitio,
384 2403 435 2464 ubi
452 2427 490 2468 ar
510 2406 602 2466 navel
614 2404 733 2479 utilitas,
751 2404 797 2466 rel
817 2403 928 2474 iactura
946 2403 979 2463 in
999 2407 1203 2485 quaestionem

71 2481 161 2556 venit,
181 2479 242 2540 nisi
263 2480 332 2560 quia
351 2481 438 2542 nobis
457 2493 570 2542 tantum
589 2501 694 2576 sapere
712 2481 857 2552 vonum,
876 2475 966 2539 nemo'
982 2491 1081 2540 eutem
1094 2482 1203 2560 proxi-

71 2557 196 2618 miscuis
217 2556 368 2618 consutis?
412 2559 519 2650 Neque
539 2557 569 2618 id
589 2557 697 2632 modo,
734 2557 787 2616 sed
811 2555 949 2690 malique
965 2555 1090 2636 dataque
1111 2577 1203 2636 opera
1224 2623 1236 2642 Ι

72 2635 260 2696 connivemus
280 2632 319 2692 ad
338 2635 491 2715 aequitatis
510 2634 659 2718 regulam,
684 2653 759 2714 quae
779 2631 810 2691 iu
830 2652 883 2693 cor
903 2629 968 2691 ihus
987 2633 1096 2694 uostris
1115 2631 1202 2694 lucet.

72 2709 167 2772 Docet
186 2727 264 2791 ergo
287 2708 429 2787 Christus,
449 2731 536 2792 posse
556 2728 795 2791 unumquemque
814 2707 871 2770 sibi
890 2718 972 2768 recte
992 2720 1024 2768 et
1041 2709 1116 2770 inste
1136 2730 1203 2770 cnm

92 2788 207 2850 roximis
226 2787 347 2850 vivendi
368 2807 429 2848 esse
449 2788 598 2871 regulam,
625 2787 796 2849 siricissim
815 2785 879 2846 aliis
898 2795 1028 2866 praestet
1067 2787 1127 2848 nod
1146 2784 1203 2848 sihi
1250 2793 1255 2808 ’

72 2805 132 2923 ieri
150 2864 253 2948 exigit.
291 2865 337 2924 Ita
356 2884 448 2926 vanos
468 2884 570 2926 omnes
610 2877 756 2926 raetextus
775 2861 901 2938 refellit,
932 2881 1006 2940 quos
1030 2807 1088 2924 sibi
1114 2882 1203 2925 exco-
1261 2886 1264 2906 ¹

74 2939 164 3022 gitarn
175 2941 319 3001 homines
331 2941 368 3001 ad
379 2943 537 3033 tegendam
548 2887 609 3005 vei

74 3031 116 3078 ret
134 3020 215 3080 enim
235 3017 342 3098 procul
363 3019 453 3080 dubio
473 3019 553 3079 iuter
571 3041 626 3080 nos
646 3017 778 3100 perlecta
798 3016 944 3097 nequitus,
973 3014 998 3077 si
1018 3017 1147 3092 activae,
1171 3029 1205 3076 nt

74 3093 110 3154 ita
123 3095 241 3175 loquar,
261 3095 388 3156 caritatis
400 3107 458 3155 tam
478 3095 578 3158 fideles
598 3117 723 3157 essemus
744 3093 889 3174 discipuli,
910 3113 995 3173 quam
1016 3093 1093 3154 acuti
1105 3113 1203 3154 sumus

75 3174 201 3307 passivae
213 3172 365 3232 doctores.
402 3171 490 3233 Haec
504 3176 580 3232 esim
597 3187 639 3233 est
656 3173 709 3232 leae
727 3186 754 3232 et
767 3167 936 3248 propbetas.
973 3167 1205 3262 Non'intelligit
1252 3188 1254 3201 ’

608 2942 763 3003 locandam
774 2959 854 3000 suam
865 2937 1045 3000 iniustitiam.
1083 2941 1204 3022 Regna.

91 3249 223 3324 hristus,
253 3269 344 3308 unum
369 3250 426 3309 boc
451 3251 605 3312 doctrinae
625 3261 714 3340 caput
731 3249 807 3308 uadi
833 3247 864 3306 iu
884 3246 966 3328 Lege
987 3257 1017 3306 et
1035 3246 1206 3328 Prophetas,
1314 3262 1320 3286 ⁸

75 3327 121 3385 sed
141 3325 285 3406 quicquid
306 3327 342 3386 de
362 3324 482 3388 caritate
508 3327 567 3386 illic
607 3327 781 3416 raecipitur,
832 3344 1006 3403 uaecunqne
1030 3335 1143 3384 exstant
1161 3325 1206 3385 le-

95 3425 123 3462 es
141 3415 174 3463 et
194 3401 414 3464 exhortationes
435 3403 471 3463 de
492 3348 617 3464 colenda
636 3402 763 3476 iustitia,
791 3347 830 3463 ad
848 3403 1068 3482 bunc·scopum
1088 3401 1205 3461 referri.

93 3493 177 3558 taque
198 3499 302 3539 sensus
320 3489 373 3554 est,
392 3479 525 3540 satisfieri
536 3481 681 3540 secundae
700 3477 829 3554 tabulae,
848 3477 873 3537 si
892 3478 984 3538 modo
1004 3477 1104 3556 quales
1124 3479 1155 3537 in
1174 3497 1206 3538 se

78 3557 199 3636 quisque
219 3555 295 3616 alios
314 3575 377 3615 esse
397 3557 492 3636 cupit,
520 3557 609 3618 talem
628 3577 659 3616 se
678 3553 735 3615 illis
753 3555 880 3615 vicissim
899 3553 1054 3635 praebeat:
1080 3554 1139 3614 acsi
1159 3553 1205 3614 di·

78 3643 169 3708 ccret,
200 3653 264 3691 nou
285 3631 382 3714 longis
401 3653 435 3694 ac
455 3633 600 3716 perplexis
619 3632 865 3722 disputationibus
886 3652 960 3712 opus
980 3651 1059 3706 esse,
1089 3632 1114 3692 si
1133 3631 1206 3690 haec
1317 3662 1337 3686 ι

79 3709 246 3802 simplicitas
271 3707 401 3785 colatur,
432 3730 488 3770 nec
513 3721 707 3791 praepostero
731 3729 775 3768 sur
799 3729 900 3770 amore
929 3707 1049 3770 deleant
1072 3705 1207 3766 homines

78 3785 282 3846 rectitudinem
302 3786 440 3848 cordibus
458 3788 516 3851 suis
535 3787 717 3866 insculptam.

151 3867 199 3930 13-
238 3861 360 3922 Iasona
373 3876 430 3953 per
447 3878 559 3924 arctum
573 3877 700 3940 portum.
741 3861 820 3936 Quia
840 3863 915 3922 nihil
942 3857 1023 3922 carni
1042 3857 1134 3940 magis
1154 3859 1207 3918 ad·
1326 3876 1328 3882 ’

79 3961 190 4000 emaum
216 3951 262 3999 est
286 3939 419 4000 doctrina
444 3939 569 4014 Christi,
600 3961 688 4000 nemo
715 3961 843 4018 unquam
868 3941 900 3999 in
926 3959 959 3998 ea
985 3935 1042 3996 rite
1062 3935 1208 4015 proficiet,

81 4017 128 4095 qui
152 4035 216 4076 nou
243 4015 380 4076 didicerit
403 4037 503 4078 sensus
529 4038 596 4077 suos
623 4031 652 4078 et
672 4016 796 4077 allectus
822 4037 924 4078 omnes
945 4013 1025 4093 quasi
1045 4014 1076 4072 iu
1095 4023 1207 4072 arctum

84 4113 206 4176 cogere,
236 4105 270 4152 ut
294 4115 326 4152 se
351 4093 429 4153 inter
451 4094 515 4154 illas
539 4094 686 4176 angustias
707 4093 895 4166 contineant,
927 4089 1031 4171 quibus
1055 4087 1207 4150 laeciviam

82 4183 208 4230 nostram
234 4169 358 4231 cohibet
382 4171 518 4231 coelestis
536 4171 685 4252 Magister.
734 4170 885 4244 Quoniam
912 4187 985 4250 ergo
1006 4165 1134 4228 libenter
1152 4167 1208 4227 sibi

83 4245 236 4330 indulgent
255 4246 402 4324 homines,
431 4247 628 4308 exsultant‘ac
648 4246 802 4322 diffluunt,
833 4245 964 4308 Christus
984 4243 1031 4306 hic
1052 4245 1209 4326 discipulos

84 4343 146 4384 suos
165 4325 324 4399 admonet,
353 4337 387 4384 ut
410 4347 440 4386 se
465 4345 530 4385 com
555 4335 639 4384 arent
662 4323 744 4384 velut
770 4324 807 4383 ad
826 4324 990 4383 restrictum
1011 4333 1041 4384 et
1058 4324 1207 4404 spinosum

85 4397 145 4461 iter.
185 4399 337 4474 Quoniam
362 4415 457 4466 autern
477 4345 633 4464 molestum
660 4413 720 4474 cst,
750 4400 922 4480 cupiditates
937 4411 1060 4476 ,nostras
1080 4421 1096 4460 u
1116 4397 1209 4459 libera
