2766 4840
162 226 221 292 ato
392 213 508 279 sect.
527 213 608 276 xnt
647 163 916 274 summumne
937 221 980 268 er
999 221 1102 269 noas.

165 377 318 467 doeemur,
335 369 410 462 nibil
429 367 596 430 audendum
616 383 690 457 esse,
708 363 766 455 nbi
784 373 928 443 quatenns
946 361 1030 422 Deus
1049 381 1170 452 manum
1189 361 1332 498 ,refigite
1374 343 1375 390 ³

166 473 234 532 qnia
258 447 477 512 inconsiderato
504 445 569 506 zelo
595 443 669 504 nrbrl
688 462 781 523 magis
802 441 942 501 caducum
963 437 1010 502 vel
1031 437 1199 500 evanidam.
1239 439 1280 498 ir
1303 460 1331 498 e-

166 529 240 588 bant
258 522 497 606 discipuli‚,nitil
517 541 579 582 esse
598 519 691 602 magis
710 529 798 608 turpe
817 515 863 576 vel
883 515 1041 576 absurdum
1058 535 1147 594 quam
1160 516 1333 598 magistrum

167 607 312 666 deserere.
350 603 433 683 Ergo
454 601 513 660 boe
531 593 682 679 llagitinm‘
696 607 803 654 merito
825 593 1019 666 detestantur,
1031 593 1091 652 ‘sed
1110 592 1196 652 nulla
1208 593 1333 673 promis-

165 681 258 742 sionis
277 679 335 740 lide
359 677 510 752 instructi,
535 687 566 736 et
592 671 736 754 neglectis
761 669 899 750 precibus
923 689 1082 750 perperam
1105 668 1144 730 ad
1168 669 1332 734 iactantiam

167 755 372 832 constantiam,
391 775 468 836 quae
487 751 567 814 nulla
587 762 660 827 crat,
679 747 870 810 transvolant.

250 1047 352 1130 (199.)
393 1031 495 1112 LUC.
515 1043 613 1110 xxti.
655 1043 706 1109 35.
735 1041 779 1108 Et
804 1037 883 1105 dixit
910 1040 971 1118 eis,
1003 1035 1148 1130 Quando
1175 1037 1248 1101 misi
1277 1057 1336 1100 vos
1374 1087 1375 1128 ζ

162 1155 238 1218 sine
259 1148 390 1218 saeculo
413 1157 547 1235 et‘peru
570 1157 603 1210 et
623 1145 863 1224 calceamentis,
890 1163 971 1212 num,
994 1139 1100 1208 deluit
1119 1139 1198 1228 quid
1217 1137 1339 1204 robis?
1374 1143 1375 1162 ¹

165 1255 210 1318 At
237 1251 287 1318 illi
313 1249 476 1330 dixerunt,
509 1243 612 1315 Nihil.
662 1247 714 1312 36.
744 1245 835 1311 Dixit
863 1249 1028 1333 engucia,
1056 1243 1125 1310 Sed
1145 1264 1246 1319 nune,
1279 1244 1338 1327 qui
1374 1231 1375 1268 l

166 1355 267 1422 habet
286 1334 465 1432 saeculnm,
493 1349 612 1426 tollat:¹
626 1345 773 1414 similiter
801 1360 834 1414 et
854 1372 979 1436 peram:
1006 1359 1038 1413 et
1060 1349 1118 1433 qni
1139 1343 1339 1422 nonhabet,
1374 1359 1375 1368 ¹

167 1459 289 1526 vendat
311 1462 451 1525 tunicam
473 1471 572 1532 suam,
593 1463 626 1518 et
647 1459 731 1517 emat
752 1449 902 1535 gladium.
943 1453 994 1518 at.
1014 1451 1101 1518 Dico
1124 1453 1212 1516 euim
1232 1448 1338 1523 robis,
1374 1441 1375 1448 '

166 1567 321 1652 quoniam
351 1561 456 1627 adhue
487 1555 577 1646 qnod
604 1556 757 1640 seriptum
786 1565 834 1621 est
855 1564 986 1644 oportet
1005 1554 1123 1641 perlici
1142 1555 1179 1618 in
1201 1573 1275 1629 me,
1300 1551 1338 1616 Et

166 1687 237 1732 eum
269 1665 389 1750 iniquis
423 1661 595 1748 deputatus
624 1667 681 1724 est.
732 1657 860 1726 Etenim
894 1681 950 1738 ea,
982 1679 1067 1746 quae
1096 1665 1176 1722 snut
1205 1653 1248 1718 de
1278 1675 1336 1728 me,
1374 1685 1375 1768 g

123 1764 127 1770 ’
166 1769 265 1844 finem
288 1763 417 1831 habent.
458 1763 510 1828 38.
546 1765 591 1828 At
609 1758 663 1825 illi
682 1760 852 1842 dixeruntJ
873 1760 1035 1840 Domine,
1062 1781 1142 1826 ecee
1164 1758 1219 1824 bic
1240 1755 1335 1844 gladii
1374 1769 1375 1842 l

167 1868 244 1936 duo.
286 1869 330 1932 At
350 1863 408 1932 ille
431 1864 510 1932 dixit
532 1867 587 1944 eis,
608 1863 690 1931 Satis
713 1875 770 1931 est.
1374 1873 1375 1890 ³

112 2113 119 2124 ⁸
148 2171 156 2178 .
244 2115 313 2178 Huc
333 2125 447 2196 spectat
465 2125 545 2174 tetus
567 2111 679 2173 Christi
698 2133 814 2190 sermo,
841 2115 1031 2176 sebastenus
1056 2110 1228 2194 pepercisse
1246 2109 1332 2170 disci-

190 2192 257 2271 nlis,
275 2213 314 2253 ne
337 2191 413 2272 qnid.
427 2190 484 2252 illis
505 2191 569 2271 plus
590 2189 758 2271 imponeret
776 2190 929 2252 molestiae
942 2212 1028 2272 quam
1044 2209 1102 2270 pro
1125 2190 1256 2270 ipsorum
1268 2208 1333 2246 mo-

93 2275 104 2294 *
168 2217 250 2334 dolo.
288 2271 333 2331 Ac
359 2267 467 2350 prioris
493 2268 613 2348 quidem
637 2267 779 2358 temperis
804 2268 1018 2351 indulgentiam
1044 2259 1254 2340 commendat,
1278 2284 1332 2344 quo

167 2369 248 2410 nnnc
268 2345 390 2406 alacrius
413 2345 451 2405 ad
477 2343 626 2405 duriorem
645 2343 779 2406 militiam
804 2365 836 2405 se
862 2352 1044 2426 comparent.
1085 2341 1243 2416 Quorsum
1263 2343 1334 2401 enim
1374 2367 1375 2414 l

166 2425 254 2485 rudes
285 2423 380 2484 adbuc
404 2419 567 2485 tirunculos
592 2419 697 2501 procul
723 2441 738 2480 a
765 2419 895 2482 telorum
914 2421 992 2482 iactu
1011 2419 1042 2484 in
1062 2419 1172 2480 umbra
1193 2431 1224 2479 et
1244 2419 1335 2556 geiste
1374 2463 1375 2504 ,

170 2499 330 2576 continuit,
349 2498 405 2559 nisi
424 2509 458 2558 nt
476 2496 616 2578 paulatim
636 2497 768 2558 collectis
787 2499 818 2558 in
839 2501 903 2560 etio
921 2495 1023 2559 animis
1044 2507 1076 2556 et
1093 2495 1210 2558 viribus
1230 2517 1248 2555 a
1288 2517 1335 2574 pu·

171 2577 323 2676 gnandum
343 2573 562 2636 assuescerent?
601 2564 731 2634 Perinde
752 2575 844 2656 igitur
863 2587 906 2636 est
926 2574 984 2636 acsi
1005 2573 1133 2649 dixisset,
1153 2573 1254 2634 Vobis
1273 2573 1336 2632 bae·

169 2667 257 2714 tenus
277 2651 334 2713 suit
353 2651 508 2712 commoda
529 2661 560 2710 et
578 2649 655 2710 laeta
675 2651 824 2726 conditio,
856 2651 923 2732 quia
949 2664 1088 2729 tanquam
1109 2669 1226 2730 pueros
1246 2649 1336 2708 melli·

167 2742 216 2792 ter
236 2730 339 2792 lovere
357 2727 456 2789 volni:
477 2747 557 2787 nune
576 2737 723 2788 maturmn
742 2729 825 2788 adest
844 2740 971 2808 tempus,
990 2747 1050 2808 quo
1070 2748 1125 2786 eos
1146 2727 1247 2787 instar
1265 2727 1337 2785 rire

168 2829 234 2868 rum
255 2805 416 2868 exerceam.
453 2803 587 2884 Longius
610 2815 708 2864 tamen
732 2815 815 2886 patet
838 2804 951 2866 diversa
977 2823 1066 2884 quam
1086 2803 1135 2863 bic
1157 2803 1254 2884 punit
1272 2803 1337 2863 dne·
1374 2853 1375 2900 ,

168 2905 234 2944 rum
254 2894 422 2962 temporum
442 2879 639 2970 comparatio:
659 2901 726 2940 narn
747 2881 771 2942 si
790 2881 901 2962 absque
921 2885 1050 2956 annona,
1070 2901 1164 2960 quum
1185 2901 1238 2940 res
1259 2901 1338 2971 paca·
1374 2915 1375 2954 ,

120 3005 126 3014 .
169 2971 218 3019 tae
239 2959 318 3039 ipsos
338 2957 394 3017 sibi
411 2975 585 3090 gresprcere
605 2955 748 3032 sinerent,
768 2957 804 3018 ad
821 2979 929 3018 munus
950 2979 1033 3018 snum
1054 2957 1184 3048 egressis
1205 2957 1336 3018 nibrlde·

169 3035 242 3112 fuit,
262 3055 341 3094 nunc
360 3045 454 3093 muto
474 3033 566 3114 magis
586 3031 618 3091 in
637 3034 763 3094 tumultu
784 3046 814 3094 et
834 3035 969 3108 fervore,
989 3035 1123 3114 deposita
1143 3033 1248 3094 victus
1269 3053 1338 3104 cura,

168 3131 332 3202 properare
346 3108 495 3184 convenit,
516 3129 575 3189 quo
596 3123 684 3171 vocat
702 3110 868 3173 necessitas.
910 3109 999 3185 Quan
1022 3131 1087 3170 nam
1103 3122 1207 3170 autem
1219 3109 1293 3171 bles
1312 3131 1337 3166 e-

171 3187 285 3252 eialrter
304 3198 517 3247 commemorat
538 3186 684 3263 Christus,
704 3187 774 3268 quid
793 3186 891 3268 egerit
910 3207 975 3248 cnm
996 3132 1155 3248 duodecim
1176 3133 1340 3267 Apostoli,

169 3263 255 3326 simul
268 3275 365 3323 tamen
385 3263 484 3337 docet,
503 3263 572 3324 dum
591 3263 686 3324 adbuc
705 3263 811 3326 novitii
830 3285 927 3324 sumus
948 3275 979 3324 et
998 3263 1110 3324 debiles
1130 3263 1167 3322 in
1187 3263 1265 3338 tide,
1283 3275 1340 3322 tsn-
1374 3237 1375 3308 l

168 3339 262 3422 tisper
287 3338 375 3401 nobis
400 3340 531 3402 inducias
557 3340 635 3418 dari,
661 3341 729 3400 dum
750 3339 950 3402 adolescemus
970 3341 1000 3400 in
1021 3339 1117 3401 viros:
1144 3339 1252 3420 itaque
1277 3362 1341 3420 per·
1374 3349 1375 3356 ’

193 3439 271 3478 eram
292 3437 343 3478 eos
363 3415 472 3492 facere,
493 3417 542 3497 qui
563 3437 615 3478 sna
635 3417 734 3497 quiete
755 3417 792 3477 ad
812 3415 929 3478 delicias
949 3422 1182 3498 utuntur,'qnae
1202 3413 1277 3478 fidei
1295 3438 1344 3476 ro·
1374 3483 1375 3486 Ἴ

169 3440 229 3556 bur
248 3504 400 3556 enervent.
441 3494 599 3556 Caeterum
619 3514 657 3553 ne
677 3495 862 3569 dubitemus,
886 3493 956 3572 quin
983 3493 1075 3554 bodie
1102 3513 1228 3574 qnoque
1251 3495 1343 3554 ratio-
1374 3509 1375 3516 ¹

169 3593 240 3634 nem
259 3571 353 3632 nostri
373 3569 480 3630 babeat
499 3567 644 3646 Christus,
662 3581 697 3630 nt
714 3570 843 3630 novitios
865 3581 896 3631 et
915 3567 1047 3631 imbelles
1068 3589 1132 3630 non
1155 3570 1346 3650 praecipitet,
1374 3625 1375 3636 ,

168 3650 221 3710 sed
261 3647 409 3728 riusquam
428 3647 465 3707 ad
485 3646 664 3707 conflictum*
676 3647 783 3723 mittat,
803 3646 890 3706 armis
909 3645 1035 3706 instruat
1054 3657 1086 3706 et
1104 3644 1226 3708 eirnrte.

272 3730 317 3786 uc.'
344 3730 391 3790 36.
436 3723 525 3784 Nune
555 3726 606 3802 qui
633 3721 715 3784 lubet
743 3723 897 3789 suendum.
943 3723 1084 3804 Figurate
1111 3724 1254 3805 ingentes
1279 3735 1346 3783 tur·

169 3801 222 3864 bas
244 3814 274 3863 et
291 3801 451 3862 acerrimos
471 3799 593 3860 insultus
613 3799 724 3862 instare
745 3800 915 3875 denuntiat,
943 3799 1068 3880 perinde
1088 3801 1153 3862 acsi
1172 3802 1347 3882 imperator.

167 3879 276 3940 milites
295 3879 397 3941 volens
417 3877 448 3936 in
469 3876 759 3956 aciemprodncere,
779 3878 816 3938 ad
829 3897 907 3936 arma
920 3876 1093 3936 conclamat.
1134 3877 1347 3950 Iubetautem,

68 4013 70 4020 ,
169 3957 307 4017 omnibus
331 3953 395 4016 aliis
423 3953 499 4013 curis
525 3950 624 4014 valere
649 3952 747 4029 iussis,
783 3951 902 4012 nonnisi
928 3953 965 4012 ad
991 3953 1188 4034 pugnandum
1214 3955 1346 4016 intentos

169 4054 250 4108 esse,
274 4044 309 4093 nt
333 4051 371 4092 ne
399 4031 436 4094 de
461 4029 540 4092 victu
559 4029 677 4110 quidem
698 4030 846 4112 cogitent:
873 4029 963 4090 docet
983 4029 1061 4089 enim
1082 4031 1188 4110 (utin
1211 4031 1346 4092 extremis

168 4109 306 4188 pericnlis
333 4107 398 4168 fieri
417 4105 524 4186 solet),
553 4107 654 4172 omnia
671 4128 763 4188 usque
786 4108 823 4168 ad
843 4126 945 4186 peram
965 4117 995 4166 et
1013 4105 1165 4166 sacculum
1187 4129 1255 4169 esse
1274 4129 1347 4167 ren-

169 4183 281 4258 denda‚
306 4197 338 4244 ut
361 4205 393 4246 se
420 4182 507 4245 armis
532 4184 673 4243 nanniant.
719 4184 879 4246 Caeterum
909 4204 960 4243 cos
981 4182 1017 4242 ad
1037 4195 1194 4244 externam
1218 4205 1347 4268 pugnam

167 4257 295 4339 minime,
308 4272 406 4336 vocat,
425 4260 477 4320 sed
496 4269 610 4320 tantum
629 4260 682 4320 snb
704 4259 834 4320 bellandi
854 4255 1045 4320 similitudine
1066 4259 1233 4336 admonet,
1261 4281 1343 4343 quen
1374 4279 1375 4316 t

75 4337 81 4358 ⁸
168 4333 303 4420 difficiles
323 4334 380 4397 illis
401 4333 557 4400 obeundae
577 4335 637 4402 sint
656 4337 753 4402 luctae
772 4335 980 4414 tentationum,
1001 4345 1033 4397 et
1053 4355 1144 4418 quam
1167 4337 1344 4422 granesspi-

801 4435 810 4474 ,
835 4453 841 4458 .
