2766 4840
485 229 618 293 ennam
637 237 830 293 usnemu.
1180 234 1239 300 291

76 382 235 476 ingenium²
254 395 345 466 atque
363 393 397 446 nt
413 405 471 446 noa
489 405 564 448 vana
583 384 649 466 plns
670 403 758 464 qnam
779 391 903 463 oportet
920 379 1033 444 sciendi
1044 381 1185 476 cupiditas
1197 387 1238 448 ti-

76 463 156 524 tiltet.
195 461 327 524 Videbat
345 462 433 542 etiam
454 460 587 524 Christus
608 461 768 541 discipulos
788 459 994 542 intempestive
1008 462 1044 521 ad
1057 462 1239 553 triumphum

77 559 245 622 properare.
283 539 356 602 Vult
381 559 454 623 ergo
481 539 558 601 diem
584 539 726 600 adventus
751 535 796 598 sui
819 537 862 598 ita
887 538 1000 618 sperari
1019 549 1050 598 ct
1070 551 1182 619 expetr,
1205 552 1240 602 nt

76 629 170 678 tamen
195 636 283 676 nemo
310 615 462 696 inquirere
482 607 604 690 audead,
632 613 751 696 quando
771 625 911 676 venturus
932 614 978 674 sit.
1017 615 1091 675 Vult
1110 616 1239 710 denique
1281 615 1284 622 ’

76 713 139 756 suos
159 691 231 753 disci
255 692 319 753 ulos
339 693 379 752 ita
398 692 538 754 incedere
558 693 588 751 in
609 690 720 752 lumine
746 690 835 766 fidei,
862 703 896 751 ut
920 691 957 752 de
982 693 1165 773 temporibus
1191 716 1240 755 m-

76 771 146 832 certi
164 714 377 832 revelationem
398 769 546 851 patienter
570 779 748 850 exspectent.
789 767 961 830 Cavendum
986 789 1075 851 ergo,
1100 791 1138 830 nc
1163 772 1240 837 ultra

77 867 159 928 quam
179 845 324 928 permittit
341 847 488 908 Dominus
509 845 539 906 in
559 857 727 928 temporum
747 844 875 906 articulis
895 846 983 908 simus
1003 845 1133 907 solliciti.
1162 849 1239 912 Nam

96 923 231 1004 raecipua
244 943 318 1058 ¹pars
338 923 500 1004 sapientiae
520 933 639 982 nostrae
659 921 689 980 iu
711 941 748 982 eo
770 919 919 997 consistit,
940 922 963 982 si
984 943 1039 983 nos
1058 923 1135 984 intra
1155 927 1240 988 verbi

75 945 132 1060 ltei
151 1009 242 1060 cauce
256 1005 300 1061 los
320 1000 419 1061 sobrie
440 999 633 1060 continemus.
672 998 769 1059 Porro
788 1019 827 1059 ne
846 998 1013 1079 hominihus
1023 999 1179 1062 molestum
1190 1004 1240 1082 sit,

77 1077 149 1136 diem
171 1063 255 1135 illum
275 1077 400 1152 nescire,
420 1097 456 1136 an
481 1077 543 1136 elus
563 1074 605 1136 eia
619 1063 752 1138 Christus
769 1075 907 1138 associat:
927 1077 1035 1138 nimiae
1046 1077 1124 1139 euim
1135 1100 1241 1158 supcr-

76 1151 139 1212 biae
160 1173 195 1213 ac
216 1152 370 1234 improbae
390 1097 559 1234 cupiditatis
579 1151 675 1226 soret,
700 1151 765 1233 plus
785 1151 872 1212 nobis
891 1165 1049 1234 appetere,
1075 1154 1126 1246 qui
1151 1178 1241 1237 super

74 1239 183 1289 terram
208 1242 372 1308 reptamus,
406 1251 491 1310 quam
522 1227 699 1290 coelestibus
729 1229 842 1366 angelis
866 1249 1038 1292 concessum
1063 1243 1109 1291 sat.
1151 1233 1241 1312 Apud

75 1305 207 1365 Marcum
227 1306 354 1380 additur,
372 1309 459 1366 etiam
477 1305 574 1366 Filius
591 1303 723 1365 hortinis.
789 1324 859 1366 orco
878 1318 926 1367 ter
945 1317 976 1366 et
996 1316 1100 1386 quater
1123 1307 1241 1372 insanus
1341 1349 1346 1358 ·

76 1381 164 1456 soret,
186 1381 287 1462 quise
307 1383 450 1466 gravatim
470 1381 656 1466 ignorantiae
676 1381 850 1462 subiiceret,
875 1403 961 1462 quam
981 1403 1020 1444 ne
1039 1384 1102 1463 ipse
1143 1385 1242 1448 uidem

74 1457 133 1518 Dei
152 1457 245 1520 Filius
265 1472 366 1520 nostra
386 1480 471 1520 causa
491 1459 590 1520 subire
610 1457 723 1518 abnuit.
762 1457 920 1520 Caeterum
950 1461 1018 1539 quia
1044 1460 1100 1521 hoc
1121 1405 1242 1524 Christo

75 1533 230 1618 indignum
251 1553 314 1596 esse
333 1535 418 1597 multi
438 1536 592 1618 putabant,
612 1535 712 1596 conati
731 1547 800 1596 sunt
818 1535 901 1595 buius
921 1536 1085 1596 sententiae
1105 1539 1243 1608 duritiem

75 1633 127 1671 suo
150 1623 321 1672 commento
341 1613 445 1674 lenire.
483 1613 530 1673 Ad
551 1611 727 1695 captandum
747 1611 835 1672 etiam
854 1612 1070 1704 subterfugipm
1090 1635 1142 1675 eos
1163 1615 1242 1676 forte

75 1689 220 1769 compulit
236 1689 417 1750 Arianorum
440 1689 567 1762 malitia,
592 1686 645 1770 qui
662 1686 733 1749 hinc
752 1689 890 1750 wintere
910 1702 1009 1750 conata
1029 1703 1114 1766 sunt,
1139 1692 1243 1754 Chris·

74 1775 136 1826 tum
157 1785 220 1826 nou
241 1785 424 1838 essetecum
445 1778 475 1828 et
494 1766 613 1830 unicum
632 1762 741 1824 Deum.
780 1767 880 1848 Ergo,
905 1767 1066 1826 secundum
1087 1771 1155 1845 hos,
1175 1790 1243 1830 nes-

75 1841 144 1904 civit
171 1841 304 1904 Christus
335 1843 411 1904 diem
444 1855 620 1918 extremm,
650 1841 719 1922 quia
750 1840 812 1903 aliis
838 1841 1007 1923 patefacere
1031 1845 1137 1905 noluit.
1182 1843 1245 1908 Sed

76 1939 167 1998 quum
188 1918 284 2000 palam
304 1919 352 1994 sit,
372 1919 493 1980 Christo
513 1939 700 1981 communem
721 1939 787 1980 cnm
807 1919 920 2002 angelis
932 1920 1129 2008 ignorantiam
1142 1920 1245 1999 tribui,

75 1995 149 2056 alius
175 2012 276 2058 sensus
301 1998 400 2076 aptior
424 1997 512 2058 ¹nobis
532 1989 718 2078 quierendus
739 2009 799 2072 est,
824 2017 912 2076 quem
931 2009 1089 2082 putoquam
1131 1999 1245 2074 tolero,

75 2071 210 2132 breviter
229 2071 337 2132 diluam
357 2095 460 2146 eorum
481 2072 679 2154 obiecta,'qui
691 2075 799 2134 Filium
808 2074 868 2134 Dei
888 2073 1069 2143 contumelia
1089 2096 1105 2134 a
1140 2076 1168 2135 ei
1188 2097 1245 2158 pu·

75 2159 152 2226 tant,
172 2147 196 2208 s'i
216 2148 247 2207 in
268 2170 334 2208 cum
355 2149 414 2210 ulla
434 2149 603 2230 ignorantia
623 2150 795 2283 competere
816 2151 937 2209 dicatur.
977 2149 1079 2209 Primo
1094 2152 1174 2231 quod
1187 2151 1245 2213 ub-

74 2225 192 2302 iiciunt,
211 2223 280 2283 Deo
301 2225 375 2284 nihil
397 2245 459 2286 esse
479 2225 676 2307 incognitum,
709 2225 788 2284 acilia
809 2237 854 2284 est
872 2224 992 2286 solutio.
1031 2225 1146 2286 Scimus
1166 2228 1245 2289 enim

78 2302 153 2362 duas
174 2313 293 2362 naturas
312 2300 344 2358 in
365 2300 485 2362 Christo
506 2302 545 2360 ita
566 2301 655 2362 inisse
675 2301 847 2363 coniunctas
867 2301 899 2360 iu
918 2321 1006 2360 unam
1066 2323 1193 2378 monam,
1213 2316 1247 2366 nt

75 2399 130 2438 sua
152 2378 258 2455 ruique
279 2376 444 2456 proprietas
463 2387 611 2436 maneret:
632 2375 803 2456 praesertim
819 2396 891 2436 vcro
926 2377 1015 2438 uievit
1055 2378 1179 2453 ivinitas‚
1199 2402 1246 2441 se-

76 2472 140 2534 que
160 2451 281 2511 minime
303 2452 437 2526 exseruit,
460 2453 576 2532 quoties
596 2453 633 2526 ad
653 2451 834 2531 implendum
854 2397 1028 2514 Mediatoris
1048 2453 1179 2515 officium
1199 2456 1247 2515 in·
1286 2513 1289 2518 ,

75 2527 186 2591 tensuit
205 2528 361 2588 humanam
380 2540 514 2588 naturam
533 2547 665 2590 seorsum
685 2528 813 2609 operari,
835 2528 916 2610 quod
935 2552 1019 2590 suum
1039 2543 1111 2591 crat.
1144 2531 1247 2606 Quare

73 2606 155 2668 nihil
180 2605 297 2666 absurdi
323 2605 394 2682 suit,
421 2603 588 2682 Christum,
612 2604 663 2685 qui
683 2604 781 2664 omnia
800 2605 927 2680 sciebat,
951 2607 1062 2687 aliquid
1085 2609 1248 2670 secundum

74 2681 209 2745 hominis
229 2702 344 2742 sensum
365 2680 493 2744 nescire:
523 2702 621 2767 neque
647 2672 726 2742 enim
752 2679 838 2742 aliter
864 2681 964 2742 dolori
983 2695 1013 2742 et
1032 2683 1170 2744 anxietati
1190 2684 1247 2745 ob-

77 2760 196 2835 noxius,
217 2771 247 2818 et
266 2759 353 2818 nobis
373 2758 474 2819 similis
495 2777 557 2820 esse
571 2769 705 2897 poterat.
745 2757 837 2832 Quod
856 2777 928 2820 vero
949 2759 1097 2841 excipiunt
1120 2761 1248 2911 puidam,

76 2857 143 2898 non
165 2855 332 2916 congruere
352 2836 549 2920 ignorantiam

78 2935 170 3006 quarn
189 2913 347 2974 absurdum
367 2926 419 2974 est.
457 2914 503 2973 Ac
528 2913 624 2994 primo
652 2913 770 2993 quidem
789 2911 893 2974 inserte
913 2926 1079 2996 nugantur,
1104 2933 1253 2995 ignoran:

77 3003 153 3052 tram
174 2994 264 3072 (quae
285 2989 398 3072 angelis
417 2989 572 3070 tribuitur)
593 3011 628 3050 ex
647 3001 770 3073 peccato
791 3010 924 3050 manare:
944 2991 996 3052 sed
1017 2989 1047 3050 in
1070 2991 1163 3052 altero
1184 3012 1249 3051 non

78 3069 178 3129 minus
204 3065 306 3126 insulsi
331 3078 416 3144 sunt,
467 3068 527 3127 uod
559 3087 622 3128 non
654 3075 821 3158 agnoscunt
852 3065 1001 3127 Christum
1030 3067 1099 3130 ideo
1129 3069 1248 3129 c'arnem

78 3157 214 3205 nostram
234 3143 375 3220 induisse,
394 3154 428 3204 ut
446 3089 559 3204 debitas
579 3143 835 3224 peccatisnostris
853 3163 967 3223 poenas
983 3145 1014 3204 in
1031 3165 1063 3206 se
1076 3146 1249 3226 susciperet.

81 3221 178 3313 Quod
198 3232 295 3280 autem
313 3222 475 3281 secundum
494 3221 645 3282 hominem
661 3219 795 3282 Christus
815 3221 892 3282 diem
912 3221 1047 3282 ultimum
1065 3223 1199 3298 nescivit,
1218 3223 1249 3284 id

79 3298 179 3358 nihilo
199 3297 291 3380 magis
311 3297 427 3358 divinae
448 3297 509 3359 eius
529 3309 650 3358 naturae
671 3299 806 3381 derogat,
826 3319 912 3390 guam
933 3299 1014 3378 quod
1034 3299 1165 3360 mortalis
1185 3299 1249 3361 luit.

81 3373 244 3436 Caeterum
264 3395 326 3435 non
348 3374 468 3450 dubito,
494 3373 564 3454 quin
590 3375 634 3440 ad,
652 3395 757 3435 munus
781 3373 837 3435 siba
863 3397 879 3435 a
900 3373 988 3436 Patre
1012 3375 1176 3437 iniunctum
1201 3397 1250 3436 re-

81 3473 96 3512 s
120 3451 201 3527 iciat,
222 3451 467 3530 quemadmodum
487 3473 584 3531 supra,
604 3471 694 3530 quum
713 3452 840 3527 diceret,
860 3473 922 3511 non
942 3472 1005 3512 esse
1024 3473 1108 3512 suum
1128 3454 1181 3511 bos
1200 3451 1249 3512 vel

82 3475 156 3591 illos
175 3531 212 3590 ad
233 3532 380 3590 dexteram
401 3542 430 3588 et
450 3527 595 3588 sinistram
616 3549 695 3588 suam
716 3527 824 3589 locare.
862 3528 933 3588 Nou
954 3528 1032 3588 enim
1052 3533 1102 3608 (nt
1119 3527 1179 3588 illic
1200 3549 1250 3589 ex-

106 3608 187 3686 osui)
206 3604 377 3686 simpliciter
397 3604 455 3666 hoc
474 3603 532 3664 sibi
552 3604 737 3679 detrahebat,
755 3605 806 3665 sed
826 3624 926 3665 sensus
948 3617 1022 3678 erat,
1041 3625 1104 3664 non
1124 3603 1213 3664 fuisse
1233 3625 1250 3663 a

81 3629 175 3746 l’atre
194 3683 313 3742 missum
332 3703 397 3743 curn
418 3683 476 3744 hoc
495 3681 650 3756 mandato,
676 3702 763 3761 quam
789 3681 838 3742 diu
864 3681 944 3742 inter
962 3681 1100 3741 mortales
1119 3691 1251 3740 versatus

83 3773 140 3822 est.
179 3761 230 3820 Sic
250 3759 338 3820 etiam
357 3779 437 3828 nupc
457 3755 551 3820 intelli
575 3779 606 3832 o,
625 3770 768 3839 quatenus
788 3757 938 3818 Mediator
957 3757 993 3818 ad
1012 3776 1068 3815 nos
1087 3756 1250 3818 descende-

83 3851 143 3914 rat,
163 3839 259 3900 donec
279 3855 330 3896 sua
351 3835 502 3914 provincia
523 3779 678 3896 delunctus
699 3845 784 3908 esset,
803 3856 865 3898 non
887 3833 975 3896 luisse
995 3832 1039 3894 illi
1059 3833 1158 3893 datum
1170 3832 1251 3914 qnod

83 3928 192 3998 postea
215 3935 232 3974 a
257 3911 476 3974 resurrectione
500 3911 629 3994 accepit:
653 3933 722 3973 nam
745 3923 818 3974 tunc
842 3911 959 3972 denium
982 3909 1039 3971 sibi
1065 3912 1162 3976 datam
1188 3929 1251 3972 esse

82 4013 186 4056 rerum
207 3992 338 4052 omnium
358 3999 535 4071 potestatem
556 3989 685 4050 asseruit.

600 2835 692 2896 bristo
718 2838 809 2915 (quae
829 2855 926 2928 poena
948 2848 993 2898 est
1011 2838 1125 2929 peccati
1147 2882 1156 2913 ,
1181 2837 1247 2917 plus

62 4322 68 4336 ,
171 4260 277 4340 (190.)
324 4257 496 4324 ΜΑΤΤΗ.
522 4255 639 4322 XXlV.
685 4257 736 4322 tt.
769 4251 837 4320 Sed
870 4253 951 4319 sicut
988 4251 1174 4330 dies'Nod,
1207 4255 1252 4318 ita

88 4365 153 4431 erit
173 4373 206 4432 et
227 4363 384 4430 adventus
404 4358 481 4428 Filii
503 4359 648 4428 bominis.
690 4359 742 4426 38.
775 4357 866 4426 Sicut
892 4361 978 4426 euim
1006 4359 1158 4460 erantpiu
1185 4353 1254 4422 die·
