2768 4834
482 247 616 312 Ouarro
635 267 671 316 ns
690 259 817 319 unare.
1156 275 1215 340 149

106 403 192 484 (tn)
238 401 417 472 Manen.
440 403 480 469 V.
522 407 573 474 23.
601 409 714 497 ltaque
740 416 768 478 si
795 412 954 482 obtuleris
980 439 1095 488 munus
1123 432 1211 494 tuum

70 501 105 567 ad
124 503 252 585 altare,
283 517 317 572 ct
337 505 408 571 illic
428 507 617 576 recordatus
639 512 754 593 tueris,
788 515 878 602 quod
900 518 999 584 trater
1019 531 1092 588 tuus
1112 523 1212 594 babet

69 603 184 690 aliquid
215 607 394 674 adversum
417 617 462 684 te,
503 608 553 675 24
580 609 743 700 Relinque
764 614 833 680 illic
852 639 967 684 munus
988 630 1077 687 tuum
1100 645 1208 694 coram

66 703 165 786 altari,
197 721 234 773 et
261 707 330 774 abi:
362 709 452 792 prius
473 711 695 796 reconcilieris
717 717 805 784 fratri
828 729 900 796 tuo,
923 731 954 784 et
976 730 1052 786 tunc
1072 717 1209 792 veniens

18 809 20 860 Γ
65 806 141 869 oller
169 831 299 874 munus
325 819 424 872 tuum.
465 807 515 874 25.
546 811 676 880 Habeto
704 813 965 884 benevolentiam
994 843 1065 887 cum
1093 825 1208 893 adver-

17 1001 19 1016 l

17 916 19 990 ξ
62 909 139 972 sario
163 919 228 975 tuo
254 913 334 987 cito,
356 907 432 1007 dum
454 929 489 972 es
511 915 544 978 in
566 919 617 979 via
639 939 709 980 eum
731 916 815 1014 illoq
829 939 871 983 ne
894 921 1027 1007 quando
1049 934 1081 988 te
1100 928 1207 994 tradat

16 1028 18 1050 ³
60 1007 270 1074 adversarius
299 1009 416 1086 iudici,
437 1021 482 1074 ·et
502 1011 601 1078 iudex
621 1025 653 1080 te
675 1017 780 1083 tradat
800 1023 958 1100 ministro,
990 1033 1022 1090 et
1043 1027 1076 1090 in
1098 1049 1206 1094 caroc-

58 1129 117 1171 rem
140 1113 347 1175 coniiciaris
378 1111 428 1174 26.
450 1113 554 1176 Amen
577 1112 651 1181 dico
672 1115 743 1196 tibi,
764 1135 832 1186 non
854 1119 957 1188 exibis
968 1117 1068 1206 illino',
1091 1126 1201 1198 donee

59 1208 195 1274 solveris
222 1211 371 1278 ultimum
392 1211 613 1298 quadrantem.

132 1328 248 1396 LUC.
269 1331 338 1395 Xll.
380 1325 430 1394 58.
462 1329 572 1418 Quum
601 1335 684 1397 enim
711 1334 805 1400 vadis
834 1357 906 1402 cum
934 1338 1119 1408 edversario
1142 1354 1201 1412 tuo

57 1425 91 1488 ad
112 1434 353 1516 magistratum,
371 1433 404 1494 in
424 1433 476 1495 via
488 1431 529 1496 da
542 1445 739 1520 operamut
752 1433 901 1502 libereris
912 1435 953 1502 ab
964 1439 1040 1505 ino:
1061 1443 1200 1510 neforto

56 1531 288 1612 perarmare
322 1530 366 1596 ad
392 1529 548 1610 iudicem,
591 1543 623 1600 et
648 1532 747 1598 iudex
773 1535 880 1602 tradat
906 1545 1124 1622 te.exactori,
1167 1553 1200 1610 et
1291 1609 1295 1624 ,

56 1643 184 1698 exactor
215 1635 370 1698 coniiciat
399 1642 430 1696 te
452 1635 485 1697 in
507 1655 677 1700 carcerem.
718 1637 768 1699 59.
797 1637 883 1703 Dico
903 1637 977 1719 tibi,
1005 1641 1074 1708 don
1095 1642 1198 1712 exibis

56 1733 133 1812 inde,
157 1734 274 1800 douec
294 1733 442 1814 ultimum
463 1736 558 1798 etiam
580 1738 734 1801 minutum
755 1735 884 1803 reddas.

123 1916 237 1976 ntanh.
259 1921 308 1980 22
335 1914 373 1974 Si
391 1913 525 1975 obtuleris
542 1935 655 1980 munem.
696 1919 763 1978 Hac
783 1917 911 1980 clausula
931 1922 1086 1986 confirmat
1106 1927 1194 1986 etsi.

55 1991 109 2050 mul
128 1993 265 2073 explicat
283 1990 467 2072 superiorem
488 1993 660 2052 doctrinam.
692 1995 811 2076 Summa
826 1996 904 2056 enirn
916 2010 969 2074 est,
988 2011 1059 2060 tunc
1073 2000 1192 2066 demum

55 2069 115 2128 satis
136 2070 206 2130 fieri
216 2067 308 2151 Legis
329 2080 500 2148 praecepto,
521 2089 580 2147 quo
601 2082 734 2130 vetamur
754 2071 903 2148 occidere,
921 2073 945 2134 si
965 2097 1140 2137 consensum
1160 2091 1194 2146 et

55 2145 212 2206 fraternam
234 2143 474 2205 benevolentiam
494 2167 558 2204 cum
579 2145 717 2224 proximis
737 2149 844 2208 nostris
864 2149 1006 2212 sonemus.
1037 2153 1136 2237 Atque
1156 2167 1191 2215 ut

6 2225 7 2234 ’
55 2243 105 2280 nos
126 2223 225 2305 magis
248 2221 358 2282 afficiat
379 2219 522 2294 Christus,
541 2221 604 2300 ipsa
625 2243 744 2302 quoque
764 2225 881 2314 pietatis
901 2227 1000 2287 officia
1011 2232 1194 2362 pronuntiat

55 2297 168 2378 ingrata
197 2319 263 2359 esse
289 2299 359 2356 Deo
386 2309 417 2358 et
439 2297 476 2358 ab
502 2297 567 2387 iplo
593 2299 757 2378 repudiari,
787 2323 811 2360 sr
836 2301 914 2361 inter
938 2324 992 2363 nos
1033 2304 1190 2368 'ssidemus

55 2375 122 2434 Nam
149 2397 245 2456 quum
268 2373 354 2434 iubet
381 2395 447 2448 eos,
480 2395 530 2454 qm
555 2396 644 2433 sinum
670 2376 798 2454 aliquem
818 2397 852 2436 ex
872 2378 1010 2438 fratribus
1030 2378 1189 2459 laeserunt,

54 2454 145 2512 redire
178 2453 261 2533 prius
294 2473 362 2512 cum
385 2450 436 2510 illo
462 2450 493 2509 in
519 2451 659 2532 gratiam,
698 2471 783 2529 qnam
808 2473 912 2513 munus
936 2475 1020 2513 suum
1047 2456 1192 2533 olserant,

54 2529 212 2608 significat,
237 2528 410 2608 quantisper
429 2526 517 2586 alieni
537 2547 633 2585 sunaus
653 2539 753 2586 nostra
774 2527 819 2588 cul
843 2550 894 2588 aa
914 2529 1068 2620 proximis,
1088 2551 1187 2592 acces-

53 2627 111 2666 sum
130 2605 224 2664 nobis
244 2606 281 2664 ad
301 2604 399 2664 Deum
419 2624 481 2662 non
502 2613 614 2683 patere.
654 2602 772 2676 Quodsi
792 2551 867 2664 orbis
886 2627 945 2664 sors
964 2615 1076 2680 totum,
1097 2628 1186 2685 quern

52 2679 114 2740 Ileo
141 2683 337 2762 impendunt,
369 2679 477 2740 cultum
502 2679 641 2758 polluunt
665 2675 798 2740 homin'es
824 2691 854 2740 et
879 2692 1085 2760 corrumpunt,
1117 2683 1186 2746 hinc

53 2758 227 2840 colligimus,
248 2756 352 2837 quanti
372 2757 504 2817 aestimet
523 2767 652 2816 mutuam
671 2755 751 2815 inter
770 2776 825 2817 nos
845 2757 1044 2816 concordiam.
1081 2757 1186 2820 Potest

52 2843 145 2895 tamen
171 2835 222 2894 laic
248 2833 340 2894 obiici
382 2833 507 2892 rraestio:
539 2853 575 2892 au
596 2853 658 2891 nou
678 2832 836 2893 absurdum
856 2833 907 2907 sit,
937 2833 1064 2894 caritatis
1085 2835 1186 2906 officia

52 2909 137 2987 pluris
157 2909 223 2972 fieri
242 2931 332 2990 quam
351 2855 410 2970 dei
431 2908 549 2969 cultum.
587 2909 662 2968 Nam
683 2921 733 2968 aut
752 2922 973 2990 praeposterum
991 2909 1080 2993 Legis
1101 2912 1189 2972 ordi-·

52 3007 115 3048 nem
136 2989 267 3048 dicamus
289 3007 352 3046 esse
374 2997 504 3067 oportet,
524 2995 574 3044 aut
594 2986 677 3066 prior
694 2985 794 3044 tabula
814 2988 959 3046 secundae
996 2989 1117 3048 raeserri
1130 2991 1183 3050 de-

51 3059 108 3122 bet.
153 3064 274 3124 Solutio
300 3061 393 3123 facilis
413 3074 470 3124 est:
502 3081 600 3140 neque
621 3063 700 3122 enim
720 3062 778 3122 alio
798 3075 932 3144 spectant
1000 3064 1062 3124 risti
1081 3063 1184 3142 verba,

52 3161 133 3216 quam
161 3141 237 3202 falso
264 3152 296 3200 et
314 3138 442 3199 inaniter
463 3137 596 3218 profiteri
616 3160 647 3198 se
666 3139 724 3198 Dei
745 3139 888 3215 cultores,
918 3140 967 3218 qui
988 3139 1092 3201 fratres
1111 3164 1181 3202 suos

51 3215 153 3278 iniuste
178 3217 273 3277 laesos
289 3215 425 3296 superbe
450 3215 539 3273 etiam
564 3227 777 3274 contemnunt·
820 3216 895 3276 Nam
920 3215 973 3275 snb
999 3237 1057 3278 nna
1080 3219 1180 3298 specie

51 3313 100 3370 per
126 3293 338 3375 synecdochen
363 3304 480 3351 externa
508 3289 599 3350 divini
625 3292 718 3351 cultus
739 3291 872 3354 exercitia
893 3292 1039 3374 designat,
1075 3293 1181 3374 quibus

49 3389 133 3450 saepe
154 3370 291 3430 homines
313 3367 453 3448 pietatem
471 3367 565 3448 magis
584 3367 734 3441 simulant,
754 3390 841 3446 quam
861 3387 930 3428 vere
949 3379 1102 3430 testentur.
1139 3371 1181 3432 Et

51 3449 211 3507 notandum
236 3457 295 3520 est,
336 3444 491 3512 Christum,
509 3465 565 3522 pro
589 3444 668 3504 illius
693 3445 802 3504 saeculi
827 3445 943 3504 ratione
970 3445 1006 3504 de
1031 3445 1179 3508 sacrificiis

49 3519 138 3601 loqui.
170 3522 269 3582 Hodie
290 3519 434 3581 dissimilis
455 3531 499 3580 est
516 3531 616 3580 nostra
637 3521 783 3580 conditio:
804 3521 937 3581 doctrina
957 3533 1054 3582 tamen
1076 3523 1179 3586 eadem

48 3613 160 3674 manet,
191 3599 330 3660 vitiosum
356 3597 469 3657 seilicet
496 3616 557 3656 esse
584 3595 721 3678 quicquid
745 3597 814 3658 Deo
839 3596 1006 3676 offerimus,
1036 3599 1092 3658 nisi
1111 3619 1178 3658 cum

48 3673 181 3736 tratribus
213 3673 323 3735 nostris
353 3695 450 3732 sumus
480 3673 660 3746 concordes,
698 3672 800 3734 saltem
823 3675 929 3754 ‘quoad
953 3675 984 3734 in
1012 3674 1099 3734 nobis
1126 3683 1202 3752 est„

46 3749 163 3811 Eleemo
199 3772 250 3810 nas
263 3750 416 3830 Scriptura
434 3751 680 3812 vocatSacriiieia
700 3747 774 3808 boni
800 3751 915 3810 odoris:
936 3751 1177 3810 audimustamen

48 3847 78 3885 ex
100 3848 154 3888 ore
205 3827 282 3901 auli,
315 3846 381 3886 eum
404 3826 478 3888 nihil
505 3847 582 3900 esse,
632 3827 662 3886 ui
681 3837 872 3886 totam'suam
892 3826 1051 3886 substantia
1102 3844 1197 3888 con-2

47 3903 128 3964 sumit
147 3905 177 3963 in
198 3923 355 3984 pauperes,
374 3901 430 3962 nisi
450 3902 600 3964 caritatem
613 3849 827 3982 babeatffhit.
840 3909 869 3978 d,
882 3909 927 3968 18
948 3903 973 3965 1.
984 3845 1112 3973 cordia
1120 3901 1174 3979 3.).

46 3978 177 4059 Deuiqne
203 4001 260 4059 pro
289 3978 355 4038 filiis
381 3998 443 4040 non
462 3980 536 4038 susci
560 3979 583 4038 it
601 4000 697 4059 neque
718 3979 852 4062 agnoscit
870 3978 967 4050 Deus,
996 3977 1052 4035 nisi
1072 3975 1123 4056 qui
1141 3997 1175 4040 se

47 4055 210 4117 homiuibus
230 4055 355 4116 vicissim
376 4053 514 4116 exhibent
533 4001 645 4116 batres.
685 4056 815 4116 Tametsi
835 4067 930 4115 autern
953 4051 1086 4114 Christus
1106 4063 1174 4114 tan-

47 4143 184 4206 tumens,
206 4131 258 4213 qui
279 4131 383 4190 iniuria
403 4131 559 4194 affecerint
579 4133 692 4207 fratres,
711 4131 794 4191 iubet
813 4130 882 4210 ipsis
888 4129 1040 4220 placandis
1051 4151 1174 4210 operam

47 4209 125 4286 dare,
157 4207 213 4270 sub
237 4229 295 4268 una
314 4220 411 4270 tamen
430 4209 527 4289 specie
548 4210 693 4284 ostendit,
713 4227 802 4287 quarn
820 4217 948 4287 pretiosa
967 4206 1005 4266 sit
1023 4205 1091 4278 Deo
1112 4208 1174 4267 sra-

46 4295 122 4346 terna
142 4283 318 4348 concordia.
360 4285 466 4368 Longe
487 4285 575 4346 etiam
594 4284 659 4374 plus
680 4283 829 4365 exprimit,
858 4305 946 4361 quum
967 4281 1050 4343 iubet
1067 4302 1173 4348 munus

45 4361 169 4452 relinqui
189 4373 263 4448 aute
282 4357 388 4441 altare,
425 4363 556 4444 quamsi
575 4361 707 4438 dmsser,
735 4361 842 4426 trustra
860 4359 892 4420 in
911 4358 1053 4444 templum
1071 4359 1175 4425 venire
