<?xml version="1.0" encoding="UTF-8"?>
<!DOCTYPE html PUBLIC "-//W3C//DTD XHTML 1.0 Transitional//EN"
    "http://www.w3.org/TR/xhtml1/DTD/xhtml1-transitional.dtd">
<html xmlns="http://www.w3.org/1999/xhtml" xml:lang="en" lang="en">
 <head>
  <title>
</title>
<meta http-equiv="Content-Type" content="text/html;charset=utf-8" />
  <meta name='ocr-system' content='tesseract 3.04.00' />
  <meta name='ocr-capabilities' content='ocr_page ocr_carea ocr_par ocr_line ocrx_word'/>
</head>
<body>
  <div class='ocr_page' id='page_1' title='image "./innovumtestamen00calvgoog_0513.png"; bbox 0 0 2778 4838; ppageno 0'>
   <div class='ocr_carea' id='block_1_1' title="bbox 152 191 1033 328">
    <p class='ocr_par' dir='ltr' id='par_1_1' title="bbox 152 191 1033 328">
     <span class='ocr_line' id='line_1_1' title="bbox 152 191 1033 328; baseline -0.009 -20"><span class='ocrx_word' id='word_1_1' title='bbox 152 211 226 312; x_wconf 59' lang='lat' dir='ltr'><strong><em>m</em></strong></span> <span class='ocrx_word' id='word_1_2' title='bbox 435 234 553 301; x_wconf 83' lang='lat' dir='ltr'><strong>SECT.</strong></span> <span class='ocrx_word' id='word_1_3' title='bbox 571 239 638 300; x_wconf 83' lang='lat' dir='ltr'><strong>XV.</strong></span> <span class='ocrx_word' id='word_1_4' title='bbox 677 191 772 328; x_wconf 68' lang='lat' dir='ltr'><strong>meus</strong></span> <span class='ocrx_word' id='word_1_5' title='bbox 790 251 833 296; x_wconf 79' lang='lat' dir='ltr'><strong>nu</strong></span> <span class='ocrx_word' id='word_1_6' title='bbox 852 251 1033 300; x_wconf 79' lang='lat' dir='ltr'><strong>orscmuur.</strong></span> 
     </span>
    </p>
   </div>
   <div class='ocr_carea' id='block_1_2' title="bbox 53 391 1380 2702">
    <p class='ocr_par' dir='ltr' id='par_1_2' title="bbox 154 391 1328 794">
     <span class='ocr_line' id='line_1_2' title="bbox 154 391 1326 476; baseline 0.002 -20"><span class='ocrx_word' id='word_1_7' title='bbox 154 395 226 456; x_wconf 84' lang='lat' dir='ltr'><strong>Nou</strong></span> <span class='ocrx_word' id='word_1_8' title='bbox 246 391 411 476; x_wconf 68' lang='lat' dir='ltr'><strong>expostulat</strong></span> <span class='ocrx_word' id='word_1_9' title='bbox 429 403 531 475; x_wconf 89' lang='lat' dir='ltr'><strong>aperte</strong></span> <span class='ocrx_word' id='word_1_10' title='bbox 548 391 684 456; x_wconf 79' lang='lat' dir='ltr'><strong>Christus</strong></span> <span class='ocrx_word' id='word_1_11' title='bbox 704 391 735 452; x_wconf 93' lang='lat' dir='ltr'><strong>in</strong></span> <span class='ocrx_word' id='word_1_12' title='bbox 754 409 809 454; x_wconf 85' lang='lat' dir='ltr'><strong>suo</strong></span> <span class='ocrx_word' id='word_1_13' title='bbox 828 409 983 474; x_wconf 88' lang='lat' dir='ltr'><strong>responso,</strong></span> <span class='ocrx_word' id='word_1_14' title='bbox 1001 391 1054 454; x_wconf 87' lang='lat' dir='ltr'><strong>sed</strong></span> <span class='ocrx_word' id='word_1_15' title='bbox 1073 392 1200 474; x_wconf 81' lang='lat' dir='ltr'>oblique</span> <span class='ocrx_word' id='word_1_16' title='bbox 1219 395 1251 454; x_wconf 88' lang='lat' dir='ltr'><strong>iu</strong></span> <span class='ocrx_word' id='word_1_17' title='bbox 1267 393 1326 458; x_wconf 76' lang='lat' dir='ltr'><strong>lao-</strong></span> 
     </span>
     <span class='ocr_line' id='line_1_3' title="bbox 156 465 1328 556; baseline 0.002 -24"><span class='ocrx_word' id='word_1_18' title='bbox 156 473 268 533; x_wconf 80' lang='lat' dir='ltr'>minem</span> <span class='ocrx_word' id='word_1_19' title='bbox 287 483 476 551; x_wconf 81' lang='lat' dir='ltr'><strong>retorquens,</strong></span> <span class='ocrx_word' id='word_1_20' title='bbox 537 471 578 531; x_wconf 91' lang='lat' dir='ltr'><strong>0d</strong></span> <span class='ocrx_word' id='word_1_21' title='bbox 619 489 752 552; x_wconf 82' lang='lat' dir='ltr'><strong>erpemm</strong></span> <span class='ocrx_word' id='word_1_22' title='bbox 772 465 894 546; x_wconf 84' lang='lat' dir='ltr'><strong>dixerat,</strong></span> <span class='ocrx_word' id='word_1_23' title='bbox 913 469 1018 550; x_wconf 87' lang='lat' dir='ltr'><strong>culpae</strong></span> <span class='ocrx_word' id='word_1_24' title='bbox 1037 489 1103 530; x_wconf 89' lang='lat' dir='ltr'><strong>eum</strong></span> <span class='ocrx_word' id='word_1_25' title='bbox 1123 473 1276 556; x_wconf 77' lang='lat' dir='ltr'><strong>coarguit,</strong></span> <span class='ocrx_word' id='word_1_26' title='bbox 1296 485 1328 534; x_wconf 86' lang='lat' dir='ltr'><strong>et</strong></span> 
     </span>
     <span class='ocr_line' id='line_1_4' title="bbox 157 545 1328 630; baseline 0 -20"><span class='ocrx_word' id='word_1_27' title='bbox 157 550 194 612; x_wconf 91' lang='lat' dir='ltr'><strong>de</strong></span> <span class='ocrx_word' id='word_1_28' title='bbox 214 548 386 628; x_wconf 88' lang='lat' dir='ltr'><strong>quaerendo</strong></span> <span class='ocrx_word' id='word_1_29' title='bbox 410 567 490 609; x_wconf 90' lang='lat' dir='ltr'><strong>reme</strong></span> <span class='ocrx_word' id='word_1_30' title='bbox 512 549 542 608; x_wconf 92' lang='lat' dir='ltr'><strong>io</strong></span> <span class='ocrx_word' id='word_1_31' title='bbox 567 568 584 606; x_wconf 89' lang='lat' dir='ltr'><strong>a</strong></span> <span class='ocrx_word' id='word_1_32' title='bbox 635 557 716 608; x_wconf 87' lang='lat' dir='ltr'><strong>onet.</strong></span> <span class='ocrx_word' id='word_1_33' title='bbox 755 545 884 607; x_wconf 75' lang='lat' dir='ltr'>Perinde</span> <span class='ocrx_word' id='word_1_34' title='bbox 904 547 982 607; x_wconf 88' lang='lat' dir='ltr'><strong>euim</strong></span> <span class='ocrx_word' id='word_1_35' title='bbox 1002 547 1081 608; x_wconf 77' lang='lat' dir='ltr'><strong>valet</strong></span> <span class='ocrx_word' id='word_1_36' title='bbox 1099 548 1154 609; x_wconf 86' lang='lat' dir='ltr'><strong>ista</strong></span> <span class='ocrx_word' id='word_1_37' title='bbox 1174 551 1328 630; x_wconf 83' lang='lat' dir='ltr'><strong>exceptio,</strong></span> 
     </span>
     <span class='ocr_line' id='line_1_5' title="bbox 155 621 1326 716; baseline -0.002 -28"><span class='ocrx_word' id='word_1_38' title='bbox 155 631 274 703; x_wconf 80' lang='lat' dir='ltr'><strong>sipotes</strong></span> <span class='ocrx_word' id='word_1_39' title='bbox 283 623 409 702; x_wconf 68' lang='lat' dir='ltr'><strong>medere,</strong></span> <span class='ocrx_word' id='word_1_40' title='bbox 431 625 489 685; x_wconf 89' lang='lat' dir='ltr'><strong>acsi</strong></span> <span class='ocrx_word' id='word_1_41' title='bbox 503 623 628 698; x_wconf 76' lang='lat' dir='ltr'><strong>dixisset,</strong></span> <span class='ocrx_word' id='word_1_42' title='bbox 647 625 696 684; x_wconf 88' lang='lat' dir='ltr'><strong>Tu</strong></span> <span class='ocrx_word' id='word_1_43' title='bbox 714 643 763 687; x_wconf 89' lang='lat' dir='ltr'><strong>me</strong></span> <span class='ocrx_word' id='word_1_44' title='bbox 781 642 881 706; x_wconf 80' lang='lat' dir='ltr'><strong>rogas,</strong></span> <span class='ocrx_word' id='word_1_45' title='bbox 900 635 935 683; x_wconf 88' lang='lat' dir='ltr'><strong>ut</strong></span> <span class='ocrx_word' id='word_1_46' title='bbox 951 621 1124 686; x_wconf 78' lang='lat' dir='ltr'><strong>subveniam</strong></span> <span class='ocrx_word' id='word_1_47' title='bbox 1145 627 1248 716; x_wconf 87' lang='lat' dir='ltr'><strong>quoad</strong></span> <span class='ocrx_word' id='word_1_48' title='bbox 1269 647 1326 708; x_wconf 91' lang='lat' dir='ltr'><strong>po-</strong></span> 
     </span>
     <span class='ocr_line' id='line_1_6' title="bbox 154 698 1326 794; baseline 0 -30"><span class='ocrx_word' id='word_1_49' title='bbox 154 715 237 764; x_wconf 91' lang='lat' dir='ltr'><strong>tero:</strong></span> <span class='ocrx_word' id='word_1_50' title='bbox 259 703 341 794; x_wconf 88' lang='lat' dir='ltr'><strong>atqui</strong></span> <span class='ocrx_word' id='word_1_51' title='bbox 359 701 561 763; x_wconf 82' lang='lat' dir='ltr'><strong>inexhaustum</strong></span> <span class='ocrx_word' id='word_1_52' title='bbox 581 701 695 763; x_wconf 84' lang='lat' dir='ltr'><strong>virtutis</strong></span> <span class='ocrx_word' id='word_1_53' title='bbox 715 698 830 763; x_wconf 85' lang='lat' dir='ltr'><strong>sontem</strong></span> <span class='ocrx_word' id='word_1_54' title='bbox 850 701 882 759; x_wconf 91' lang='lat' dir='ltr'><strong>in</strong></span> <span class='ocrx_word' id='word_1_55' title='bbox 901 721 948 760; x_wconf 88' lang='lat' dir='ltr'><strong>me</strong></span> <span class='ocrx_word' id='word_1_56' title='bbox 968 701 1156 780; x_wconf 54' lang='lat' dir='ltr'><strong>reperiemur</strong></span> <span class='ocrx_word' id='word_1_57' title='bbox 1172 701 1268 764; x_wconf 91' lang='lat' dir='ltr'><strong>modo</strong></span> <span class='ocrx_word' id='word_1_58' title='bbox 1280 705 1326 764; x_wconf 74' lang='lat' dir='ltr'><strong>af-</strong></span> 
     </span>
    </p>

    <p class='ocr_par' dir='ltr' id='par_1_3' title="bbox 53 775 1380 1856">
     <span class='ocr_line' id='line_1_7' title="bbox 53 775 1326 860; baseline -0.001 -19"><span class='ocrx_word' id='word_1_59' title='bbox 53 786 56 794; x_wconf 82' lang='grc'><em>’</em></span> <span class='ocrx_word' id='word_1_60' title='bbox 155 781 234 841; x_wconf 81' lang='lat' dir='ltr'><strong>feras</strong></span> <span class='ocrx_word' id='word_1_61' title='bbox 250 790 319 838; x_wconf 83' lang='lat' dir='ltr'><strong>satrs</strong></span> <span class='ocrx_word' id='word_1_62' title='bbox 332 779 458 859; x_wconf 82' lang='lat' dir='ltr'><strong>amplam</strong></span> <span class='ocrx_word' id='word_1_63' title='bbox 475 777 544 838; x_wconf 81' lang='lat' dir='ltr'><strong>fidei</strong></span> <span class='ocrx_word' id='word_1_64' title='bbox 556 796 731 839; x_wconf 77' lang='lat' dir='ltr'><strong>mensuram</strong></span> <span class='ocrx_word' id='word_1_65' title='bbox 769 776 849 838; x_wconf 86' lang='lat' dir='ltr'><strong>Hinc</strong></span> <span class='ocrx_word' id='word_1_66' title='bbox 860 775 962 860; x_wconf 86' lang='lat' dir='ltr'><strong>colligi</strong></span> <span class='ocrx_word' id='word_1_67' title='bbox 973 789 1074 858; x_wconf 89' lang='lat' dir='ltr'><strong>potest</strong></span> <span class='ocrx_word' id='word_1_68' title='bbox 1083 777 1165 840; x_wconf 88' lang='lat' dir='ltr'><strong>utilis</strong></span> <span class='ocrx_word' id='word_1_69' title='bbox 1175 780 1326 856; x_wconf 66' lang='lat' dir='ltr'><strong>docmina,</strong></span> 
     </span>
     <span class='ocr_line' id='line_1_8' title="bbox 158 847 1326 936; baseline 0 -20"><span class='ocrx_word' id='word_1_70' title='bbox 158 875 234 936; x_wconf 87' lang='lat' dir='ltr'><strong>quae</strong></span> <span class='ocrx_word' id='word_1_71' title='bbox 255 847 452 915; x_wconf 73' lang='lat' dir='ltr'><strong>commuuit&#39;er</strong></span> <span class='ocrx_word' id='word_1_72' title='bbox 476 855 512 914; x_wconf 90' lang='lat' dir='ltr'><strong>ad</strong></span> <span class='ocrx_word' id='word_1_73' title='bbox 538 875 593 916; x_wconf 91' lang='lat' dir='ltr'><strong>nos</strong></span> <span class='ocrx_word' id='word_1_74' title='bbox 613 873 716 915; x_wconf 85' lang='lat' dir='ltr'><strong>omnes</strong></span> <span class='ocrx_word' id='word_1_75' title='bbox 741 851 870 934; x_wconf 85' lang='lat' dir='ltr'><strong>patebit,</strong></span> <span class='ocrx_word' id='word_1_76' title='bbox 895 875 957 914; x_wconf 87' lang='lat' dir='ltr'><strong>nou</strong></span> <span class='ocrx_word' id='word_1_77' title='bbox 977 865 1054 914; x_wconf 87' lang='lat' dir='ltr'><strong>stare</strong></span> <span class='ocrx_word' id='word_1_78' title='bbox 1096 875 1129 916; x_wconf 89' lang='lat' dir='ltr'><strong>er</strong></span> <span class='ocrx_word' id='word_1_79' title='bbox 1142 855 1326 930; x_wconf 85' lang='lat' dir='ltr'><strong>¹Dominum,</strong></span> 
     </span>
     <span class='ocr_line' id='line_1_9' title="bbox 157 877 1326 1016; baseline 0.001 -24"><span class='ocrx_word' id='word_1_80' title='bbox 157 931 314 1016; x_wconf 86' lang='lat' dir='ltr'><strong>quominus</strong></span> <span class='ocrx_word' id='word_1_81' title='bbox 335 933 416 1014; x_wconf 83' lang='lat' dir='ltr'><strong>larga</strong></span> <span class='ocrx_word' id='word_1_82' title='bbox 437 931 585 1000; x_wconf 87' lang='lat' dir='ltr'><strong>bonorum</strong></span> <span class='ocrx_word' id='word_1_83' title='bbox 605 929 724 1014; x_wconf 85' lang='lat' dir='ltr'><strong>ubertas</strong></span> <span class='ocrx_word' id='word_1_84' title='bbox 744 929 781 991; x_wconf 77' lang='lat' dir='ltr'><strong>ab</strong></span> <span class='ocrx_word' id='word_1_85' title='bbox 801 929 867 1010; x_wconf 90' lang='lat' dir='ltr'><strong>ipso</strong></span> <span class='ocrx_word' id='word_1_86' title='bbox 889 931 926 991; x_wconf 85' lang='lat' dir='ltr'><strong>ad</strong></span> <span class='ocrx_word' id='word_1_87' title='bbox 944 949 1001 994; x_wconf 85' lang='lat' dir='ltr'><strong>nos</strong></span> <span class='ocrx_word' id='word_1_88' title='bbox 1020 877 1163 1013; x_wconf 65' lang='lat' dir='ltr'><strong>produnt,</strong></span> <span class='ocrx_word' id='word_1_89' title='bbox 1181 935 1235 994; x_wconf 87' lang='lat' dir='ltr'><strong>sed</strong></span> <span class='ocrx_word' id='word_1_90' title='bbox 1256 934 1326 994; x_wconf 89' lang='lat' dir='ltr'><strong>fidei</strong></span> 
     </span>
     <span class='ocr_line' id='line_1_10' title="bbox 155 1007 1380 1101; baseline 0.001 -32"><span class='ocrx_word' id='word_1_91' title='bbox 155 1020 275 1100; x_wconf 75' lang='lat' dir='ltr'><strong>nostrae</strong></span> <span class='ocrx_word' id='word_1_92' title='bbox 296 1009 438 1091; x_wconf 83' lang='lat' dir='ltr'><strong>augustiis</strong></span> <span class='ocrx_word' id='word_1_93' title='bbox 458 1029 520 1068; x_wconf 90' lang='lat' dir='ltr'><strong>esse</strong></span> <span class='ocrx_word' id='word_1_94' title='bbox 539 1007 760 1099; x_wconf 84' lang='lat' dir='ltr'><strong>imputandum,</strong></span> <span class='ocrx_word' id='word_1_95' title='bbox 790 1007 870 1098; x_wconf 78' lang='lat' dir='ltr'><strong>quod</strong></span> <span class='ocrx_word' id='word_1_96' title='bbox 890 1007 1025 1099; x_wconf 71' lang='lat' dir='ltr'><strong>guttatim</strong></span> <span class='ocrx_word' id='word_1_97' title='bbox 1050 1020 1166 1101; x_wconf 75' lang='lat' dir='ltr'><strong>tantum</strong></span> <span class='ocrx_word' id='word_1_98' title='bbox 1187 1011 1326 1074; x_wconf 84' lang='lat' dir='ltr'><strong>distillat:</strong></span> <span class='ocrx_word' id='word_1_99' title='bbox 1379 1027 1380 1038; x_wconf 62' lang='lat'>¹</span> 
     </span>
     <span class='ocr_line' id='line_1_11' title="bbox 154 1085 1327 1244; baseline 0 -21"><span class='ocrx_word' id='word_1_100' title='bbox 154 1085 1327 1244; x_wconf 52' lang='lat' dir='ltr'><strong>:tlt‘tttatttffld¹¹dttm¹¹tt⁶{¹31letituttttllsstttttt</strong></span> 
     </span>
     <span class='ocr_line' id='line_1_12' title="bbox 157 1237 1328 1322; baseline -0.002 -22"><span class='ocrx_word' id='word_1_101' title='bbox 157 1237 292 1300; x_wconf 86' lang='lat' dir='ltr'><strong>Christus</strong></span> <span class='ocrx_word' id='word_1_102' title='bbox 311 1237 475 1322; x_wconf 84' lang='lat' dir='ltr'><strong>significet,</strong></span> <span class='ocrx_word' id='word_1_103' title='bbox 494 1258 580 1318; x_wconf 87' lang='lat' dir='ltr'><strong>posse</strong></span> <span class='ocrx_word' id='word_1_104' title='bbox 601 1239 750 1318; x_wconf 84' lang='lat' dir='ltr'><strong>homiuem</strong></span> <span class='ocrx_word' id='word_1_105' title='bbox 770 1259 786 1296; x_wconf 90' lang='lat' dir='ltr'><strong>a</strong></span> <span class='ocrx_word' id='word_1_106' title='bbox 806 1258 837 1298; x_wconf 89' lang='lat' dir='ltr'><strong>se</strong></span> <span class='ocrx_word' id='word_1_107' title='bbox 857 1238 923 1318; x_wconf 90' lang='lat' dir='ltr'><strong>ipso</strong></span> <span class='ocrx_word' id='word_1_108' title='bbox 944 1239 1081 1312; x_wconf 82' lang='lat' dir='ltr'><strong>credere,</strong></span> <span class='ocrx_word' id='word_1_109' title='bbox 1107 1241 1223 1319; x_wconf 90' lang='lat' dir='ltr'><strong>quaudo</strong></span> <span class='ocrx_word' id='word_1_110' title='bbox 1243 1239 1328 1299; x_wconf 90' lang='lat' dir='ltr'><strong>nihil</strong></span> 
     </span>
     <span class='ocr_line' id='line_1_13' title="bbox 158 1313 1380 1406; baseline -0.001 -29"><span class='ocrx_word' id='word_1_111' title='bbox 158 1315 239 1377; x_wconf 82' lang='lat' dir='ltr'><strong>aliud</strong></span> <span class='ocrx_word' id='word_1_112' title='bbox 265 1315 294 1376; x_wconf 87' lang='lat' dir='ltr'><strong>ei</strong></span> <span class='ocrx_word' id='word_1_113' title='bbox 318 1316 504 1406; x_wconf 80' lang='lat' dir='ltr'><strong>propositum</strong></span> <span class='ocrx_word' id='word_1_114' title='bbox 520 1314 603 1396; x_wconf 76' lang='lat' dir='ltr'><strong>¹suit,</strong></span> <span class='ocrx_word' id='word_1_115' title='bbox 628 1333 715 1395; x_wconf 87' lang='lat' dir='ltr'><strong>quam</strong></span> <span class='ocrx_word' id='word_1_116' title='bbox 739 1313 865 1376; x_wconf 88' lang='lat' dir='ltr'><strong>reiicere</strong></span> <span class='ocrx_word' id='word_1_117' title='bbox 891 1314 921 1373; x_wconf 88' lang='lat' dir='ltr'><strong>in</strong></span> <span class='ocrx_word' id='word_1_118' title='bbox 946 1314 1083 1375; x_wconf 87' lang='lat' dir='ltr'><strong>homiues</strong></span> <span class='ocrx_word' id='word_1_119' title='bbox 1108 1316 1224 1397; x_wconf 77' lang='lat' dir='ltr'><strong>inopiae</strong></span> <span class='ocrx_word' id='word_1_120' title='bbox 1247 1337 1327 1378; x_wconf 85' lang='lat' dir='ltr'><strong>suae</strong></span> <span class='ocrx_word' id='word_1_121' title='bbox 1379 1313 1380 1328; x_wconf 58' lang='lat'>¹</span> 
     </span>
     <span class='ocr_line' id='line_1_14' title="bbox 159 1389 1261 1497; baseline -0.002 -43"><span class='ocrx_word' id='word_1_122' title='bbox 159 1389 285 1474; x_wconf 88' lang='lat' dir='ltr'><strong>eulpam,</strong></span> <span class='ocrx_word' id='word_1_123' title='bbox 306 1403 422 1490; x_wconf 73' lang='lat' dir='ltr'><strong>quotres</strong></span> <span class='ocrx_word' id='word_1_124' title='bbox 440 1391 501 1452; x_wconf 90' lang='lat' dir='ltr'><strong>Dei</strong></span> <span class='ocrx_word' id='word_1_125' title='bbox 519 1391 658 1490; x_wconf 58' lang='lat' dir='ltr'><strong>,lilim</strong></span> <span class='ocrx_word' id='word_1_126' title='bbox 678 1391 953 1497; x_wconf 28' lang='lat' dir='ltr'><strong>suaqiucredulitate·</strong></span> <span class='ocrx_word' id='word_1_127' title='bbox 973 1403 1150 1486; x_wconf 43' lang='lat' dir='ltr'><strong>extenuant..</strong></span> <span class='ocrx_word' id='word_1_128' title='bbox 1252 1469 1261 1486; x_wconf 46' lang='lat'><strong>·</strong></span> 
     </span>
     <span class='ocr_line' id='line_1_15' title="bbox 157 1467 1326 1636; baseline 0.002 -30"><span class='ocrx_word' id='word_1_129' title='bbox 157 1543 214 1607; x_wconf 81' lang='lat' dir='ltr'><strong>sibi</strong></span> <span class='ocrx_word' id='word_1_130' title='bbox 232 1467 1087 1636; x_wconf 34' lang='lat' dir='ltr'><strong>&amp;Pag&#39;dmldodddddlluduldl‘dlr&#39;ampleldilddllddmundsldld</strong></span> <span class='ocrx_word' id='word_1_131' title='bbox 1098 1469 1326 1610; x_wconf 54' lang='lat' dir='ltr'><strong>qpppelquqspps</strong></span> 
     </span>
     <span class='ocr_line' id='line_1_16' title="bbox 154 1623 1327 1708; baseline -0.001 -24"><span class='ocrx_word' id='word_1_132' title='bbox 154 1623 213 1698; x_wconf 83' lang='lat' dir='ltr'><strong>n&#39;t,</strong></span> <span class='ocrx_word' id='word_1_133' title='bbox 248 1643 305 1684; x_wconf 88' lang='lat' dir='ltr'><strong>nec</strong></span> <span class='ocrx_word' id='word_1_134' title='bbox 335 1643 432 1683; x_wconf 76' lang='lat' dir='ltr'><strong>secus</strong></span> <span class='ocrx_word' id='word_1_135' title='bbox 448 1623 631 1702; x_wconf 78' lang='lat' dir='ltr'><strong>sperandum¹</strong></span> <span class='ocrx_word' id='word_1_136' title='bbox 655 1641 718 1682; x_wconf 84' lang='lat' dir='ltr'><strong>esse</strong></span> <span class='ocrx_word' id='word_1_137' title='bbox 742 1643 757 1680; x_wconf 88' lang='lat' dir='ltr'><strong>a</strong></span> <span class='ocrx_word' id='word_1_138' title='bbox 782 1641 815 1682; x_wconf 87' lang='lat' dir='ltr'><strong>se</strong></span> <span class='ocrx_word' id='word_1_139' title='bbox 839 1642 902 1683; x_wconf 89' lang='lat' dir='ltr'><strong>uuo</strong></span> <span class='ocrx_word' id='word_1_140' title='bbox 934 1623 1057 1702; x_wconf 74' lang='lat' dir='ltr'><strong>quodvis</strong></span> <span class='ocrx_word' id='word_1_141' title='bbox 1093 1623 1194 1683; x_wconf 85' lang='lat' dir='ltr'><strong>auxilii</strong></span> <span class='ocrx_word' id='word_1_142' title='bbox 1229 1645 1327 1708; x_wconf 82' lang='lat' dir='ltr'><strong>genus</strong></span> 
     </span>
     <span class='ocr_line' id='line_1_17' title="bbox 159 1698 1327 1779; baseline 0.003 -21"><span class='ocrx_word' id='word_1_143' title='bbox 159 1719 246 1779; x_wconf 88' lang='lat' dir='ltr'><strong>quam</strong></span> <span class='ocrx_word' id='word_1_144' title='bbox 268 1719 302 1759; x_wconf 84' lang='lat' dir='ltr'><strong>ex</strong></span> <span class='ocrx_word' id='word_1_145' title='bbox 321 1698 384 1778; x_wconf 87' lang='lat' dir='ltr'><strong>ipsa</strong></span> <span class='ocrx_word' id='word_1_146' title='bbox 403 1699 462 1758; x_wconf 88' lang='lat' dir='ltr'><strong>Dei</strong></span> <span class='ocrx_word' id='word_1_147' title='bbox 482 1719 581 1773; x_wconf 87' lang='lat' dir='ltr'><strong>manu,</strong></span> <span class='ocrx_word' id='word_1_148' title='bbox 609 1699 666 1759; x_wconf 84' lang='lat' dir='ltr'><strong>acsi</strong></span> <span class='ocrx_word' id='word_1_149' title='bbox 686 1698 814 1772; x_wconf 84' lang='lat' dir='ltr'><strong>dixisset,</strong></span> <span class='ocrx_word' id='word_1_150' title='bbox 833 1699 963 1758; x_wconf 86' lang='lat' dir='ltr'><strong>Tantum</strong></span> <span class='ocrx_word' id='word_1_151' title='bbox 982 1698 1110 1774; x_wconf 82' lang='lat' dir='ltr'><strong>confide,</strong></span> <span class='ocrx_word' id='word_1_152' title='bbox 1130 1712 1163 1760; x_wconf 86' lang='lat' dir='ltr'><strong>et</strong></span> <span class='ocrx_word' id='word_1_153' title='bbox 1182 1701 1219 1760; x_wconf 89' lang='lat' dir='ltr'><strong>im</strong></span> <span class='ocrx_word' id='word_1_154' title='bbox 1245 1713 1327 1761; x_wconf 88' lang='lat' dir='ltr'><strong>etra-</strong></span> 
     </span>
     <span class='ocr_line' id='line_1_18' title="bbox 155 1723 1326 1856; baseline -0.001 -19"><span class='ocrx_word' id='word_1_155' title='bbox 155 1773 211 1837; x_wconf 83' lang='lat' dir='ltr'><strong>ltis.</strong></span> <span class='ocrx_word' id='word_1_156' title='bbox 252 1775 416 1851; x_wconf 88' lang='lat' dir='ltr'><strong>Quomodo</strong></span> <span class='ocrx_word' id='word_1_157' title='bbox 436 1786 534 1834; x_wconf 90' lang='lat' dir='ltr'><strong>autem</strong></span> <span class='ocrx_word' id='word_1_158' title='bbox 553 1773 667 1854; x_wconf 83' lang='lat' dir='ltr'><strong>quidvis</strong></span> <span class='ocrx_word' id='word_1_159' title='bbox 686 1775 828 1856; x_wconf 81' lang='lat' dir='ltr'><strong>impetret</strong></span> <span class='ocrx_word' id='word_1_160' title='bbox 845 1775 929 1848; x_wconf 85' lang='lat' dir='ltr'><strong>fides,</strong></span> <span class='ocrx_word' id='word_1_161' title='bbox 953 1775 1042 1856; x_wconf 84' lang='lat' dir='ltr'><strong>paolo</strong></span> <span class='ocrx_word' id='word_1_162' title='bbox 1062 1788 1131 1856; x_wconf 83' lang='lat' dir='ltr'><strong>post</strong></span> <span class='ocrx_word' id='word_1_163' title='bbox 1149 1723 1326 1838; x_wconf 69' lang='lat' dir='ltr'><strong>videdimus.</strong></span> 
     </span>
    </p>

    <p class='ocr_par' dir='ltr' id='par_1_4' title="bbox 155 1849 1329 2473">
     <span class='ocr_line' id='line_1_19' title="bbox 233 1849 1328 1929; baseline 0.005 -21"><span class='ocrx_word' id='word_1_164' title='bbox 233 1858 281 1928; x_wconf 78' lang='grc'><strong>24.</strong></span> <span class='ocrx_word' id='word_1_165' title='bbox 325 1849 427 1927; x_wconf 75' lang='lat' dir='ltr'><strong>cndu,</strong></span> <span class='ocrx_word' id='word_1_166' title='bbox 447 1851 583 1912; x_wconf 67' lang='lat' dir='ltr'><strong>Donum.</strong></span> <span class='ocrx_word' id='word_1_167' title='bbox 622 1851 763 1916; x_wconf 75' lang='lat' dir='ltr'><strong>Testatur</strong></span> <span class='ocrx_word' id='word_1_168' title='bbox 782 1871 813 1912; x_wconf 85' lang='lat' dir='ltr'><strong>se</strong></span> <span class='ocrx_word' id='word_1_169' title='bbox 834 1852 974 1929; x_wconf 61' lang='lat' dir='ltr'><strong>credite,</strong></span> <span class='ocrx_word' id='word_1_170' title='bbox 994 1863 1142 1913; x_wconf 82' lang='lat' dir='ltr'><strong>ettamen</strong></span> <span class='ocrx_word' id='word_1_171' title='bbox 1161 1874 1194 1914; x_wconf 88' lang='lat' dir='ltr'><strong>se</strong></span> <span class='ocrx_word' id='word_1_172' title='bbox 1214 1855 1328 1916; x_wconf 81' lang='lat' dir='ltr'><strong>latetur</strong></span> 
     </span>
     <span class='ocr_line' id='line_1_20' title="bbox 157 1921 1327 2020; baseline 0.003 -30"><span class='ocrx_word' id='word_1_173' title='bbox 157 1926 360 1990; x_wconf 82' lang='lat' dir='ltr'><strong>incredulum:</strong></span> <span class='ocrx_word' id='word_1_174' title='bbox 382 1947 547 2020; x_wconf 87' lang='lat' dir='ltr'><strong>quanquam</strong></span> <span class='ocrx_word' id='word_1_175' title='bbox 565 1927 706 1988; x_wconf 78' lang='lat' dir='ltr'><strong>videntur</strong></span> <span class='ocrx_word' id='word_1_176' title='bbox 726 1929 798 1988; x_wconf 87' lang='lat' dir='ltr'><strong>haec</strong></span> <span class='ocrx_word' id='word_1_177' title='bbox 818 1921 877 1990; x_wconf 91' lang='lat' dir='ltr'><strong>duo</strong></span> <span class='ocrx_word' id='word_1_178' title='bbox 894 1949 1039 2013; x_wconf 83' lang='lat' dir='ltr'><strong>pugnare,</strong></span> <span class='ocrx_word' id='word_1_179' title='bbox 1057 1949 1148 1990; x_wconf 90' lang='lat' dir='ltr'><strong>nemo</strong></span> <span class='ocrx_word' id='word_1_180' title='bbox 1159 1941 1261 1992; x_wconf 87' lang='lat' dir='ltr'><strong>tamen</strong></span> <span class='ocrx_word' id='word_1_181' title='bbox 1272 1943 1327 2006; x_wconf 78' lang='lat' dir='ltr'><strong>est,</strong></span> 
     </span>
     <span class='ocr_line' id='line_1_21' title="bbox 181 2003 1329 2089; baseline 0.003 -25"><span class='ocrx_word' id='word_1_182' title='bbox 181 2003 374 2089; x_wconf 85' lang='lat' dir='ltr'><strong>uluouidem</strong></span> <span class='ocrx_word' id='word_1_183' title='bbox 394 2025 425 2064; x_wconf 87' lang='grc' dir='ltr'><strong>ιιι</strong></span> <span class='ocrx_word' id='word_1_184' title='bbox 445 2025 477 2066; x_wconf 87' lang='lat' dir='ltr'><strong>se</strong></span> <span class='ocrx_word' id='word_1_185' title='bbox 496 2005 672 2085; x_wconf 86' lang='lat' dir='ltr'><strong>experiatur.</strong></span> <span class='ocrx_word' id='word_1_186' title='bbox 710 2003 785 2064; x_wconf 88' lang='lat' dir='ltr'><strong>Nam</strong></span> <span class='ocrx_word' id='word_1_187' title='bbox 806 2025 897 2085; x_wconf 90' lang='lat' dir='ltr'><strong>quum</strong></span> <span class='ocrx_word' id='word_1_188' title='bbox 916 2027 1059 2087; x_wconf 76' lang='lat' dir='ltr'><strong>nusquam</strong></span> <span class='ocrx_word' id='word_1_189' title='bbox 1077 2006 1215 2086; x_wconf 79' lang='lat' dir='ltr'><strong>perlecta</strong></span> <span class='ocrx_word' id='word_1_190' title='bbox 1235 2019 1329 2069; x_wconf 86' lang='lat' dir='ltr'><strong>exstet</strong></span> 
     </span>
     <span class='ocr_line' id='line_1_22' title="bbox 157 2027 1327 2219; baseline 0.002 -77"><span class='ocrx_word' id='word_1_191' title='bbox 157 2027 241 2156; x_wconf 76' lang='lat' dir='ltr'><strong>dues,</strong></span> <span class='ocrx_word' id='word_1_192' title='bbox 260 2080 392 2160; x_wconf 89' lang='lat' dir='ltr'><strong>sequitur</strong></span> <span class='ocrx_word' id='word_1_193' title='bbox 412 2103 447 2142; x_wconf 85' lang='lat' dir='ltr'><strong>ex</strong></span> <span class='ocrx_word' id='word_1_194' title='bbox 456 2093 549 2219; x_wconf 80' lang='lat' dir='ltr'><strong>lparte</strong></span> <span class='ocrx_word' id='word_1_195' title='bbox 569 2101 632 2141; x_wconf 85' lang='lat' dir='ltr'><strong>esse</strong></span> <span class='ocrx_word' id='word_1_196' title='bbox 652 2081 1017 2162; x_wconf 51' lang='lat' dir='ltr'><strong>incredulos:··sie4tameu</strong></span> <span class='ocrx_word' id='word_1_197' title='bbox 1029 2103 1085 2162; x_wconf 91' lang='lat' dir='ltr'><strong>pro</strong></span> <span class='ocrx_word' id='word_1_198' title='bbox 1100 2105 1152 2143; x_wconf 77' lang='lat' dir='ltr'><strong>sur</strong></span> <span class='ocrx_word' id='word_1_199' title='bbox 1164 2085 1327 2168; x_wconf 80' lang='lat' dir='ltr'><strong>indulgen-</strong></span> 
     </span>
     <span class='ocr_line' id='line_1_23' title="bbox 155 2156 1326 2241; baseline 0.003 -23"><span class='ocrx_word' id='word_1_200' title='bbox 155 2159 198 2218; x_wconf 85' lang='lat' dir='ltr'><strong>tia</strong></span> <span class='ocrx_word' id='word_1_201' title='bbox 213 2156 302 2218; x_wconf 87' lang='lat' dir='ltr'><strong>nobis</strong></span> <span class='ocrx_word' id='word_1_202' title='bbox 319 2157 449 2240; x_wconf 81' lang='lat' dir='ltr'><strong>ignoscit</strong></span> <span class='ocrx_word' id='word_1_203' title='bbox 489 2179 551 2234; x_wconf 87' lang='lat' dir='ltr'><strong>eus,</strong></span> <span class='ocrx_word' id='word_1_204' title='bbox 568 2168 603 2217; x_wconf 90' lang='lat' dir='ltr'><strong>ut</strong></span> <span class='ocrx_word' id='word_1_205' title='bbox 621 2159 658 2218; x_wconf 90' lang='lat' dir='ltr'><strong>ab</strong></span> <span class='ocrx_word' id='word_1_206' title='bbox 679 2159 785 2241; x_wconf 77' lang='lat' dir='ltr'><strong>exiguo</strong></span> <span class='ocrx_word' id='word_1_207' title='bbox 806 2159 876 2220; x_wconf 87' lang='lat' dir='ltr'><strong>fidei</strong></span> <span class='ocrx_word' id='word_1_208' title='bbox 895 2159 1018 2221; x_wconf 88' lang='lat' dir='ltr'><strong>modulo</strong></span> <span class='ocrx_word' id='word_1_209' title='bbox 1038 2179 1093 2222; x_wconf 87' lang='lat' dir='ltr'><strong>nos</strong></span> <span class='ocrx_word' id='word_1_210' title='bbox 1113 2161 1217 2222; x_wconf 86' lang='lat' dir='ltr'><strong>lideles</strong></span> <span class='ocrx_word' id='word_1_211' title='bbox 1238 2163 1326 2222; x_wconf 75' lang='lat' dir='ltr'><strong>aesti-</strong></span> 
     </span>
     <span class='ocr_line' id='line_1_24' title="bbox 156 2234 1328 2320; baseline 0.003 -24"><span class='ocrx_word' id='word_1_212' title='bbox 156 2246 227 2296; x_wconf 84' lang='lat' dir='ltr'><strong>met.</strong></span> <span class='ocrx_word' id='word_1_213' title='bbox 266 2235 408 2295; x_wconf 83' lang='lat' dir='ltr'><strong>Nostrum</strong></span> <span class='ocrx_word' id='word_1_214' title='bbox 427 2236 541 2296; x_wconf 88' lang='lat' dir='ltr'><strong>interea</strong></span> <span class='ocrx_word' id='word_1_215' title='bbox 562 2245 606 2295; x_wconf 87' lang='lat' dir='ltr'><strong>est</strong></span> <span class='ocrx_word' id='word_1_216' title='bbox 619 2234 723 2296; x_wconf 89' lang='lat' dir='ltr'><strong>sedulo</strong></span> <span class='ocrx_word' id='word_1_217' title='bbox 737 2247 872 2304; x_wconf 72' lang='lat' dir='ltr'><strong>excutere</strong></span> <span class='ocrx_word' id='word_1_218' title='bbox 888 2235 1230 2317; x_wconf 72' lang='lat' dir='ltr'><strong>infidelitatisreliqnias,</strong></span> <span class='ocrx_word' id='word_1_219' title='bbox 1252 2260 1328 2320; x_wconf 84' lang='lat' dir='ltr'><strong>quae</strong></span> 
     </span>
     <span class='ocr_line' id='line_1_25' title="bbox 157 2310 1327 2393; baseline 0.003 -21"><span class='ocrx_word' id='word_1_220' title='bbox 157 2312 191 2372; x_wconf 90' lang='lat' dir='ltr'><strong>iu</strong></span> <span class='ocrx_word' id='word_1_221' title='bbox 210 2311 298 2372; x_wconf 80' lang='lat' dir='ltr'><strong>nubis</strong></span> <span class='ocrx_word' id='word_1_222' title='bbox 317 2311 451 2390; x_wconf 83' lang='lat' dir='ltr'><strong>haerent,</strong></span> <span class='ocrx_word' id='word_1_223' title='bbox 469 2323 505 2372; x_wconf 91' lang='lat' dir='ltr'><strong>ut</strong></span> <span class='ocrx_word' id='word_1_224' title='bbox 522 2333 589 2373; x_wconf 86' lang='lat' dir='ltr'><strong>cum</strong></span> <span class='ocrx_word' id='word_1_225' title='bbox 608 2310 665 2372; x_wconf 88' lang='lat' dir='ltr'><strong>illis</strong></span> <span class='ocrx_word' id='word_1_226' title='bbox 684 2310 839 2387; x_wconf 87' lang='lat' dir='ltr'><strong>luctemur,</strong></span> <span class='ocrx_word' id='word_1_227' title='bbox 859 2333 893 2374; x_wconf 89' lang='lat' dir='ltr'><strong>ac</strong></span> <span class='ocrx_word' id='word_1_228' title='bbox 912 2315 1017 2393; x_wconf 72' lang='lat' dir='ltr'><strong>petere</strong></span> <span class='ocrx_word' id='word_1_229' title='bbox 1036 2313 1204 2376; x_wconf 87' lang='lat' dir='ltr'><strong>aDomiuo</strong></span> <span class='ocrx_word' id='word_1_230' title='bbox 1226 2327 1259 2375; x_wconf 88' lang='lat' dir='ltr'><strong>ut</strong></span> <span class='ocrx_word' id='word_1_231' title='bbox 1278 2337 1327 2376; x_wconf 85' lang='lat' dir='ltr'><strong>eas</strong></span> 
     </span>
     <span class='ocr_line' id='line_1_26' title="bbox 159 2387 1326 2473; baseline 0.002 -23"><span class='ocrx_word' id='word_1_232' title='bbox 159 2389 304 2470; x_wconf 83' lang='lat' dir='ltr'><strong>corrigat:</strong></span> <span class='ocrx_word' id='word_1_233' title='bbox 325 2389 549 2468; x_wconf 87' lang='lat' dir='ltr'><strong>quoties-etiam</strong></span> <span class='ocrx_word' id='word_1_234' title='bbox 568 2387 735 2450; x_wconf 85' lang='lat' dir='ltr'><strong>laboramus</strong></span> <span class='ocrx_word' id='word_1_235' title='bbox 754 2389 786 2448; x_wconf 92' lang='lat' dir='ltr'><strong>iu</strong></span> <span class='ocrx_word' id='word_1_236' title='bbox 806 2389 861 2448; x_wconf 86' lang='lat' dir='ltr'><strong>hac</strong></span> <span class='ocrx_word' id='word_1_237' title='bbox 881 2411 993 2472; x_wconf 82' lang='lat' dir='ltr'><strong>pugna,</strong></span> <span class='ocrx_word' id='word_1_238' title='bbox 1013 2390 1050 2452; x_wconf 79' lang='lat' dir='ltr'><strong>sd</strong></span> <span class='ocrx_word' id='word_1_239' title='bbox 1070 2410 1137 2450; x_wconf 88' lang='lat' dir='ltr'><strong>eum</strong></span> <span class='ocrx_word' id='word_1_240' title='bbox 1159 2392 1326 2473; x_wconf 79' lang='lat' dir='ltr'><strong>coningere</strong></span> 
     </span>
    </p>

    <p class='ocr_par' dir='ltr' id='par_1_5' title="bbox 72 2463 1329 2702">
     <span class='ocr_line' id='line_1_27' title="bbox 72 2463 1329 2548; baseline 0.004 -24"><span class='ocrx_word' id='word_1_241' title='bbox 72 2525 78 2546; x_wconf 34' lang='grc' dir='ltr'><em>Ι</em></span> <span class='ocrx_word' id='word_1_242' title='bbox 157 2476 192 2525; x_wconf 88' lang='lat' dir='ltr'><strong>ut</strong></span> <span class='ocrx_word' id='word_1_243' title='bbox 210 2476 369 2526; x_wconf 83' lang='lat' dir='ltr'><strong>succurret.</strong></span> <span class='ocrx_word' id='word_1_244' title='bbox 409 2467 443 2528; x_wconf 83' lang='lat' dir='ltr'><strong>Si</strong></span> <span class='ocrx_word' id='word_1_245' title='bbox 462 2463 559 2548; x_wconf 85' lang='lat' dir='ltr'><strong>probe</strong></span> <span class='ocrx_word' id='word_1_246' title='bbox 580 2465 787 2545; x_wconf 86' lang='lat' dir='ltr'><strong>expendimus,</strong></span> <span class='ocrx_word' id='word_1_247' title='bbox 813 2467 883 2546; x_wconf 90' lang='lat' dir='ltr'><strong>quid</strong></span> <span class='ocrx_word' id='word_1_248' title='bbox 908 2467 1014 2547; x_wconf 88' lang='lat' dir='ltr'><strong>cuique</strong></span> <span class='ocrx_word' id='word_1_249' title='bbox 1039 2467 1140 2528; x_wconf 82' lang='lat' dir='ltr'><strong>datum</strong></span> <span class='ocrx_word' id='word_1_250' title='bbox 1160 2468 1216 2544; x_wconf 82' lang='lat' dir='ltr'><strong>sit,</strong></span> <span class='ocrx_word' id='word_1_251' title='bbox 1241 2469 1329 2529; x_wconf 84' lang='lat' dir='ltr'><strong>laeile</strong></span> 
     </span>
     <span class='ocr_line' id='line_1_28' title="bbox 158 2541 1326 2702; baseline 0.003 -23"><span class='ocrx_word' id='word_1_252' title='bbox 158 2541 1240 2702; x_wconf 50' lang='lat' dir='ltr'><strong>tttllst&#39;tltttt‘ttttttgtlltidl‘,ttitttutt&#39;i&#39;</strong></span> <span class='ocrx_word' id='word_1_253' title='bbox 1265 2565 1326 2608; x_wconf 73' lang='lat'><strong>‘⁸⁵⁰</strong></span> 
     </span>
    </p>

    <p class='ocr_par' dir='ltr' id='par_1_6' title="bbox 344 2661 1183 2695">
     <span class='ocr_line' id='line_1_29' title="bbox 344 2661 1183 2695; baseline 0.001 -14"><span class='ocrx_word' id='word_1_254' title='bbox 344 2661 354 2695; x_wconf 68' lang='grc'><em>,</em></span> <span class='ocrx_word' id='word_1_255' title='bbox 1173 2667 1183 2682; x_wconf 75' lang='grc' dir='ltr'>Ι</span> 
     </span>
    </p>
   </div>
   <div class='ocr_carea' id='block_1_3' title="bbox 242 2908 1326 3056">
    <p class='ocr_par' dir='ltr' id='par_1_7' title="bbox 242 2908 1326 3056">
     <span class='ocr_line' id='line_1_30' title="bbox 242 2908 1326 3056; baseline 0.004 -26"><span class='ocrx_word' id='word_1_256' title='bbox 242 2961 347 3044; x_wconf 79' lang='grc'>(146.)</span> <span class='ocrx_word' id='word_1_257' title='bbox 387 2955 560 3030; x_wconf 69' lang='grc' dir='ltr'><strong>ΜΑῬΓΗ.</strong></span> <span class='ocrx_word' id='word_1_258' title='bbox 584 2963 688 3031; x_wconf 85' lang='lat' dir='ltr'><strong>XVll.</strong></span> <span class='ocrx_word' id='word_1_259' title='bbox 738 2965 787 3032; x_wconf 84' lang='lat'><strong>19.</strong></span> <span class='ocrx_word' id='word_1_260' title='bbox 820 2965 916 3032; x_wconf 86' lang='lat' dir='ltr'><strong>Tunc</strong></span> <span class='ocrx_word' id='word_1_261' title='bbox 946 2908 1140 3034; x_wconf 81' lang='lat' dir='ltr'><strong>accedentes</strong></span> <span class='ocrx_word' id='word_1_262' title='bbox 1174 2941 1326 3056; x_wconf 85' lang='lat' dir='ltr'><strong>discipuli</strong></span> 
     </span>
    </p>
   </div>
   <div class='ocr_carea' id='block_1_4' title="bbox 156 3065 1328 3673">
    <p class='ocr_par' dir='ltr' id='par_1_8' title="bbox 156 3065 1328 3673">
     <span class='ocr_line' id='line_1_31' title="bbox 159 3065 1327 3155; baseline 0.004 -21"><span class='ocrx_word' id='word_1_263' title='bbox 159 3067 202 3134; x_wconf 86' lang='lat' dir='ltr'><strong>ad</strong></span> <span class='ocrx_word' id='word_1_264' title='bbox 223 3069 327 3132; x_wconf 89' lang='lat' dir='ltr'><strong>lesum</strong></span> <span class='ocrx_word' id='word_1_265' title='bbox 350 3083 504 3146; x_wconf 83' lang='lat' dir='ltr'><strong>seorsum,</strong></span> <span class='ocrx_word' id='word_1_266' title='bbox 528 3065 692 3145; x_wconf 86' lang='lat' dir='ltr'><strong>dixerunt,</strong></span> <span class='ocrx_word' id='word_1_267' title='bbox 714 3067 828 3155; x_wconf 83' lang='lat' dir='ltr'><strong>Quare</strong></span> <span class='ocrx_word' id='word_1_268' title='bbox 849 3089 911 3134; x_wconf 91' lang='lat' dir='ltr'><strong>nos</strong></span> <span class='ocrx_word' id='word_1_269' title='bbox 931 3087 1000 3135; x_wconf 90' lang='lat' dir='ltr'><strong>non</strong></span> <span class='ocrx_word' id='word_1_270' title='bbox 1022 3073 1187 3154; x_wconf 88' lang='lat' dir='ltr'><strong>potuimus</strong></span> <span class='ocrx_word' id='word_1_271' title='bbox 1206 3075 1327 3139; x_wconf 83' lang='lat' dir='ltr'><strong>eiicere</strong></span> 
     </span>
     <span class='ocr_line' id='line_1_32' title="bbox 157 3167 1328 3257; baseline 0.003 -21"><span class='ocrx_word' id='word_1_272' title='bbox 157 3167 264 3236; x_wconf 81' lang='lat' dir='ltr'><strong>illud?</strong></span> <span class='ocrx_word' id='word_1_273' title='bbox 304 3167 356 3234; x_wconf 81' lang='lat'><strong>20.</strong></span> <span class='ocrx_word' id='word_1_274' title='bbox 378 3169 467 3236; x_wconf 84' lang='lat' dir='ltr'><strong>lesus</strong></span> <span class='ocrx_word' id='word_1_275' title='bbox 490 3182 596 3236; x_wconf 85' lang='lat' dir='ltr'><strong>autem</strong></span> <span class='ocrx_word' id='word_1_276' title='bbox 618 3169 697 3235; x_wconf 89' lang='lat' dir='ltr'><strong>dixit</strong></span> <span class='ocrx_word' id='word_1_277' title='bbox 718 3167 797 3249; x_wconf 88' lang='lat' dir='ltr'><strong>illis,</strong></span> <span class='ocrx_word' id='word_1_278' title='bbox 829 3173 974 3257; x_wconf 86' lang='lat' dir='ltr'><strong>Propter¹</strong></span> <span class='ocrx_word' id='word_1_279' title='bbox 989 3173 1254 3246; x_wconf 80' lang='lat' dir='ltr'><strong>incredulitatem</strong></span> <span class='ocrx_word' id='word_1_280' title='bbox 1274 3199 1328 3241; x_wconf 85' lang='lat' dir='ltr'><strong>ve-</strong></span> 
     </span>
     <span class='ocr_line' id='line_1_33' title="bbox 157 3271 1326 3364; baseline 0.003 -24"><span class='ocrx_word' id='word_1_281' title='bbox 157 3284 272 3340; x_wconf 83' lang='lat' dir='ltr'><strong>stram:</strong></span> <span class='ocrx_word' id='word_1_282' title='bbox 296 3271 404 3340; x_wconf 86' lang='lat' dir='ltr'><strong>Ameu</strong></span> <span class='ocrx_word' id='word_1_283' title='bbox 425 3274 546 3362; x_wconf 84' lang='lat' dir='ltr'><strong>quippe</strong></span> <span class='ocrx_word' id='word_1_284' title='bbox 570 3273 645 3342; x_wconf 84' lang='lat' dir='ltr'><strong>diso</strong></span> <span class='ocrx_word' id='word_1_285' title='bbox 665 3272 775 3354; x_wconf 86' lang='lat' dir='ltr'><strong>vobis,</strong></span> <span class='ocrx_word' id='word_1_286' title='bbox 806 3276 833 3340; x_wconf 87' lang='lat' dir='ltr'><strong>si</strong></span> <span class='ocrx_word' id='word_1_287' title='bbox 855 3273 1002 3360; x_wconf 81' lang='lat' dir='ltr'><strong>habeatis</strong></span> <span class='ocrx_word' id='word_1_288' title='bbox 1029 3277 1129 3343; x_wconf 88' lang='lat' dir='ltr'><strong>fidem</strong></span> <span class='ocrx_word' id='word_1_289' title='bbox 1151 3281 1239 3346; x_wconf 86' lang='lat' dir='ltr'><strong>sicut</strong></span> <span class='ocrx_word' id='word_1_290' title='bbox 1258 3301 1326 3364; x_wconf 79' lang='lat' dir='ltr'><strong>gru-</strong></span> 
     </span>
     <span class='ocr_line' id='line_1_34' title="bbox 157 3375 1327 3466; baseline 0.001 -20"><span class='ocrx_word' id='word_1_291' title='bbox 157 3400 237 3448; x_wconf 85' lang='lat' dir='ltr'><strong>num</strong></span> <span class='ocrx_word' id='word_1_292' title='bbox 256 3379 391 3464; x_wconf 85' lang='lat' dir='ltr'><strong>sinapis,</strong></span> <span class='ocrx_word' id='word_1_293' title='bbox 424 3375 537 3444; x_wconf 83' lang='lat' dir='ltr'><strong>dicetis</strong></span> <span class='ocrx_word' id='word_1_294' title='bbox 564 3381 667 3446; x_wconf 90' lang='lat' dir='ltr'><strong>monti</strong></span> <span class='ocrx_word' id='word_1_295' title='bbox 693 3377 782 3458; x_wconf 87' lang='lat' dir='ltr'><strong>huic,</strong></span> <span class='ocrx_word' id='word_1_296' title='bbox 811 3377 965 3466; x_wconf 83' lang='lat' dir='ltr'><strong>Demigra</strong></span> <span class='ocrx_word' id='word_1_297' title='bbox 985 3379 1062 3445; x_wconf 86' lang='lat' dir='ltr'><strong>hius</strong></span> <span class='ocrx_word' id='word_1_298' title='bbox 1081 3379 1180 3459; x_wconf 86' lang='lat' dir='ltr'><strong>illuc,</strong></span> <span class='ocrx_word' id='word_1_299' title='bbox 1219 3393 1252 3447; x_wconf 90' lang='lat' dir='ltr'><strong>et</strong></span> <span class='ocrx_word' id='word_1_300' title='bbox 1270 3385 1327 3447; x_wconf 88' lang='lat' dir='ltr'><strong>mi·</strong></span> 
     </span>
     <span class='ocr_line' id='line_1_35' title="bbox 157 3479 1324 3570; baseline 0.002 -22"><span class='ocrx_word' id='word_1_301' title='bbox 157 3479 278 3570; x_wconf 76' lang='lat' dir='ltr'><strong>grabit:</strong></span> <span class='ocrx_word' id='word_1_302' title='bbox 298 3483 551 3569; x_wconf 82' lang='lat' dir='ltr'><strong>necquicquam</strong></span> <span class='ocrx_word' id='word_1_303' title='bbox 573 3480 776 3568; x_wconf 80' lang='lat' dir='ltr'><strong>impossibile</strong></span> <span class='ocrx_word' id='word_1_304' title='bbox 797 3486 859 3556; x_wconf 82' lang='lat' dir='ltr'><strong>erit</strong></span> <span class='ocrx_word' id='word_1_305' title='bbox 878 3481 983 3550; x_wconf 89' lang='lat' dir='ltr'><strong>vobis.</strong></span> <span class='ocrx_word' id='word_1_306' title='bbox 1023 3483 1074 3548; x_wconf 81' lang='lat'><strong>21.</strong></span> <span class='ocrx_word' id='word_1_307' title='bbox 1096 3482 1165 3550; x_wconf 88' lang='lat' dir='ltr'><strong>Sed</strong></span> <span class='ocrx_word' id='word_1_308' title='bbox 1187 3484 1250 3552; x_wconf 79' lang='lat' dir='ltr'><strong>hoe</strong></span> <span class='ocrx_word' id='word_1_309' title='bbox 1268 3505 1324 3570; x_wconf 81' lang='lat' dir='ltr'><strong>ge·</strong></span> 
     </span>
     <span class='ocr_line' id='line_1_36' title="bbox 156 3575 1151 3673; baseline 0.002 -19"><span class='ocrx_word' id='word_1_310' title='bbox 156 3607 219 3662; x_wconf 86' lang='lat' dir='ltr'><strong>nus</strong></span> <span class='ocrx_word' id='word_1_311' title='bbox 238 3607 307 3654; x_wconf 89' lang='lat' dir='ltr'><strong>non</strong></span> <span class='ocrx_word' id='word_1_312' title='bbox 329 3575 510 3672; x_wconf 79' lang='lat' dir='ltr'><strong>egieditur,</strong></span> <span class='ocrx_word' id='word_1_313' title='bbox 528 3587 591 3652; x_wconf 88' lang='lat' dir='ltr'><strong>uisi</strong></span> <span class='ocrx_word' id='word_1_314' title='bbox 611 3607 671 3673; x_wconf 87' lang='lat' dir='ltr'><strong>per</strong></span> <span class='ocrx_word' id='word_1_315' title='bbox 690 3575 911 3672; x_wconf 79' lang='lat' dir='ltr'><strong>precisionem</strong></span> <span class='ocrx_word' id='word_1_316' title='bbox 933 3598 965 3654; x_wconf 87' lang='lat' dir='ltr'><strong>et</strong></span> <span class='ocrx_word' id='word_1_317' title='bbox 983 3589 1151 3656; x_wconf 85' lang='lat' dir='ltr'><strong>ieiunium.</strong></span> 
     </span>
    </p>
   </div>
   <div class='ocr_carea' id='block_1_5' title="bbox 32 3769 1380 4168">
    <p class='ocr_par' dir='ltr' id='par_1_9' title="bbox 32 3769 1380 4168">
     <span class='ocr_line' id='line_1_37' title="bbox 242 3769 1325 3860; baseline -0.001 -22"><span class='ocrx_word' id='word_1_318' title='bbox 242 3769 382 3840; x_wconf 76' lang='lat' dir='ltr'><strong>Marte.</strong></span> <span class='ocrx_word' id='word_1_319' title='bbox 413 3771 467 3838; x_wconf 88' lang='lat' dir='ltr'><strong>IX.</strong></span> <span class='ocrx_word' id='word_1_320' title='bbox 517 3770 568 3836; x_wconf 75' lang='lat'><strong>28.</strong></span> <span class='ocrx_word' id='word_1_321' title='bbox 599 3769 643 3834; x_wconf 87' lang='lat' dir='ltr'><strong>Et</strong></span> <span class='ocrx_word' id='word_1_322' title='bbox 668 3791 766 3857; x_wconf 88' lang='lat' dir='ltr'><strong>quum</strong></span> <span class='ocrx_word' id='word_1_323' title='bbox 794 3781 879 3838; x_wconf 86' lang='lat' dir='ltr'><strong>esset</strong></span> <span class='ocrx_word' id='word_1_324' title='bbox 905 3774 1066 3860; x_wconf 76' lang='lat' dir='ltr'><strong>ingressus</strong></span> <span class='ocrx_word' id='word_1_325' title='bbox 1094 3771 1243 3850; x_wconf 89' lang='lat' dir='ltr'><strong>domum,</strong></span> <span class='ocrx_word' id='word_1_326' title='bbox 1277 3769 1325 3837; x_wconf 86' lang='lat' dir='ltr'><strong>di·</strong></span> 
     </span>
     <span class='ocr_line' id='line_1_38' title="bbox 157 3870 1380 3962; baseline 0 -22"><span class='ocrx_word' id='word_1_327' title='bbox 157 3873 276 3962; x_wconf 75' lang='lat' dir='ltr'><strong>selpoli</strong></span> <span class='ocrx_word' id='word_1_328' title='bbox 297 3874 384 3944; x_wconf 89' lang='lat' dir='ltr'><strong>illius</strong></span> <span class='ocrx_word' id='word_1_329' title='bbox 405 3870 648 3962; x_wconf 77' lang='lat' dir='ltr'><strong>interrogabant</strong></span> <span class='ocrx_word' id='word_1_330' title='bbox 670 3893 743 3939; x_wconf 85' lang='lat' dir='ltr'><strong>eum</strong></span> <span class='ocrx_word' id='word_1_331' title='bbox 764 3896 924 3954; x_wconf 87' lang='lat' dir='ltr'><strong>seorsum,</strong></span> <span class='ocrx_word' id='word_1_332' title='bbox 953 3877 1106 3951; x_wconf 86' lang='lat' dir='ltr'><strong>Curuus</strong></span> <span class='ocrx_word' id='word_1_333' title='bbox 1127 3897 1196 3943; x_wconf 90' lang='lat' dir='ltr'><strong>non</strong></span> <span class='ocrx_word' id='word_1_334' title='bbox 1219 3877 1328 3962; x_wconf 83' lang='lat' dir='ltr'><strong>potui-</strong></span> <span class='ocrx_word' id='word_1_335' title='bbox 1379 3907 1380 3930; x_wconf 65' lang='grc' dir='ltr'><strong>ι</strong></span> 
     </span>
     <span class='ocr_line' id='line_1_39' title="bbox 156 3975 1380 4065; baseline -0.003 -23"><span class='ocrx_word' id='word_1_336' title='bbox 156 3997 229 4043; x_wconf 86' lang='lat' dir='ltr'><strong>mus</strong></span> <span class='ocrx_word' id='word_1_337' title='bbox 250 3979 370 4044; x_wconf 80' lang='lat' dir='ltr'><strong>eiicere</strong></span> <span class='ocrx_word' id='word_1_338' title='bbox 390 3975 504 4042; x_wconf 81' lang='lat' dir='ltr'><strong>illum?</strong></span> <span class='ocrx_word' id='word_1_339' title='bbox 564 3977 617 4042; x_wconf 78' lang='lat'><strong>29.</strong></span> <span class='ocrx_word' id='word_1_340' title='bbox 646 3975 690 4043; x_wconf 88' lang='lat' dir='ltr'><strong>Et</strong></span> <span class='ocrx_word' id='word_1_341' title='bbox 715 3977 794 4044; x_wconf 88' lang='lat' dir='ltr'><strong>dixit</strong></span> <span class='ocrx_word' id='word_1_342' title='bbox 819 3978 900 4059; x_wconf 87' lang='lat' dir='ltr'><strong>illis,</strong></span> <span class='ocrx_word' id='word_1_343' title='bbox 941 3980 1017 4047; x_wconf 83' lang='lat' dir='ltr'><strong>llos</strong></span> <span class='ocrx_word' id='word_1_344' title='bbox 1043 3999 1146 4065; x_wconf 81' lang='lat' dir='ltr'><strong>genus</strong></span> <span class='ocrx_word' id='word_1_345' title='bbox 1174 3976 1268 4044; x_wconf 89' lang='lat' dir='ltr'><strong>nulla</strong></span> <span class='ocrx_word' id='word_1_346' title='bbox 1288 3998 1324 4044; x_wconf 87' lang='lat' dir='ltr'><strong>re</strong></span> <span class='ocrx_word' id='word_1_347' title='bbox 1379 3993 1380 4038; x_wconf 65' lang='grc' dir='ltr'><strong>ι</strong></span> 
     </span>
     <span class='ocr_line' id='line_1_40' title="bbox 32 4059 1380 4168; baseline 0 -18"><span class='ocrx_word' id='word_1_348' title='bbox 32 4137 38 4150; x_wconf 94' lang='grc'><em>,</em></span> <span class='ocrx_word' id='word_1_349' title='bbox 158 4089 267 4164; x_wconf 87' lang='lat' dir='ltr'><strong>potest</strong></span> <span class='ocrx_word' id='word_1_350' title='bbox 286 4084 388 4161; x_wconf 88' lang='lat' dir='ltr'><strong>exire,</strong></span> <span class='ocrx_word' id='word_1_351' title='bbox 413 4081 477 4150; x_wconf 82' lang='lat' dir='ltr'><strong>nisi</strong></span> <span class='ocrx_word' id='word_1_352' title='bbox 497 4101 557 4168; x_wconf 89' lang='lat' dir='ltr'><strong>per</strong></span> <span class='ocrx_word' id='word_1_353' title='bbox 578 4081 799 4168; x_wconf 77' lang='lat' dir='ltr'><strong>precationem</strong></span> <span class='ocrx_word' id='word_1_354' title='bbox 818 4091 851 4150; x_wconf 88' lang='lat' dir='ltr'><strong>et</strong></span> <span class='ocrx_word' id='word_1_355' title='bbox 871 4085 1036 4152; x_wconf 87' lang='lat' dir='ltr'><strong>ieiunium.</strong></span> <span class='ocrx_word' id='word_1_356' title='bbox 1379 4059 1380 4098; x_wconf 54' lang='lat'>¹</span> 
     </span>
    </p>
   </div>
   <div class='ocr_carea' id='block_1_6' title="bbox 157 4257 1380 4458">
    <p class='ocr_par' dir='ltr' id='par_1_10' title="bbox 157 4257 1380 4458">
     <span class='ocr_line' id='line_1_41' title="bbox 243 4257 1380 4356; baseline 0 -27"><span class='ocrx_word' id='word_1_357' title='bbox 243 4257 346 4332; x_wconf 81' lang='lat' dir='ltr'><strong>LUC.</strong></span> <span class='ocrx_word' id='word_1_358' title='bbox 371 4265 472 4334; x_wconf 85' lang='lat' dir='ltr'><strong>xvtt.</strong></span> <span class='ocrx_word' id='word_1_359' title='bbox 513 4265 543 4331; x_wconf 79' lang='lat'><strong>5.</strong></span> <span class='ocrx_word' id='word_1_360' title='bbox 574 4264 617 4332; x_wconf 91' lang='lat' dir='ltr'><strong>Et</strong></span> <span class='ocrx_word' id='word_1_361' title='bbox 642 4263 794 4333; x_wconf 84' lang='lat' dir='ltr'><strong>dixerunt</strong></span> <span class='ocrx_word' id='word_1_362' title='bbox 814 4267 965 4356; x_wconf 80' lang='lat' dir='ltr'><strong>Apostoli</strong></span> <span class='ocrx_word' id='word_1_363' title='bbox 985 4265 1146 4345; x_wconf 87' lang='lat' dir='ltr'><strong>Domino,</strong></span> <span class='ocrx_word' id='word_1_364' title='bbox 1188 4265 1322 4352; x_wconf 73' lang='lat' dir='ltr'><strong>Adquge</strong></span> <span class='ocrx_word' id='word_1_365' title='bbox 1379 4269 1380 4294; x_wconf 81' lang='lat'>³</span> 
     </span>
     <span class='ocr_line' id='line_1_42' title="bbox 157 4361 1380 4458; baseline 0.005 -28"><span class='ocrx_word' id='word_1_366' title='bbox 157 4361 256 4458; x_wconf 69' lang='lat' dir='ltr'><strong>nolis</strong></span> <span class='ocrx_word' id='word_1_367' title='bbox 276 4363 386 4433; x_wconf 80' lang='lat' dir='ltr'><strong>fidem.</strong></span> <span class='ocrx_word' id='word_1_368' title='bbox 444 4368 476 4434; x_wconf 84' lang='grc'><strong>6.</strong></span> <span class='ocrx_word' id='word_1_369' title='bbox 507 4366 597 4446; x_wconf 82' lang='lat' dir='ltr'><strong>Dixit</strong></span> <span class='ocrx_word' id='word_1_370' title='bbox 621 4376 729 4438; x_wconf 80' lang='lat' dir='ltr'><strong>sutem</strong></span> <span class='ocrx_word' id='word_1_371' title='bbox 754 4369 944 4451; x_wconf 80' lang='lat' dir='ltr'><strong>Dominus,</strong></span> <span class='ocrx_word' id='word_1_372' title='bbox 968 4367 1005 4438; x_wconf 87' lang='lat' dir='ltr'><strong>Si</strong></span> <span class='ocrx_word' id='word_1_373' title='bbox 1030 4367 1197 4440; x_wconf 83' lang='lat' dir='ltr'><strong>haberetis</strong></span> <span class='ocrx_word' id='word_1_374' title='bbox 1223 4369 1320 4437; x_wconf 86' lang='lat' dir='ltr'><strong>fidem</strong></span> <span class='ocrx_word' id='word_1_375' title='bbox 1379 4361 1380 4424; x_wconf 84' lang='lat' dir='ltr'><strong>l</strong></span> 
     </span>
    </p>
   </div>
   <div class='ocr_carea' id='block_1_7' title="bbox 0 0 1397 4838">
    <p class='ocr_par' dir='ltr' id='par_1_11' title="bbox 0 0 1397 4838">
     <span class='ocr_line' id='line_1_43' title="bbox 0 0 1397 4838; baseline 0 0"><span class='ocrx_word' id='word_1_376' title='bbox 0 0 1397 4838; x_wconf 95' lang='lat' dir='ltr'><strong> </strong></span> 
     </span>
    </p>
   </div>
  </div>
 </body>
</html>
