2766 4840
150 203 209 268 ³¹28
381 195 497 260 SECT.
517 195 596 258 xlx.
637 204 769 256 essuri
788 207 904 256 rasam
925 207 968 254 rr
988 209 1088 256 uuus.
1177 181 1182 208 ¹

154 359 277 432 recepto
297 347 429 412 anbelitli
447 369 478 410 sc
498 351 595 427 denuo
616 351 652 412 ad
672 349 768 410 Deum
788 357 973 410 convertunt
1009 347 1126 408 Fuisset
1138 355 1238 406 autem
1257 365 1319 404 uou

154 447 244 510 parva
269 425 380 488 doloris
405 425 531 504 levatio,
561 425 718 507 discipulos
742 425 852 486 babere
876 424 939 486 eius
964 425 1062 486 socios
1089 435 1122 483 et
1146 433 1320 484 consortes:

155 516 261 568 contm
280 503 478 567 vero'acerba'
495 503 564 564 mali
583 503 711 564 accessio
731 502 798 578 luit,
817 501 853 560 ab
873 499 944 580 ipsis
961 521 1080 582 quoque
1094 499 1225 562 destitui.
1258 499 1322 558 Etsi

155 581 236 646 cuim
255 579 363 641 nullius
384 601 441 662 ope
453 579 597 662 indignit,
617 580 683 662 quia
697 591 802 638 tamen
821 577 900 638 ultro
920 577 1105 638 infirmitates
1125 585 1244 636 nostras
1257 597 1319 634 sus-

158 677 263 752 cepera
306 667 394 736 atque
414 657 444 715 iii
457 657 523 718 ,hoe
543 657 664 716 masline
684 674 781 735 agone
802 653 863 714 eius
883 654 1100 722 exinanitionis,
1121 653 1159 712 de
1182 674 1240 743 qpa
1255 671 1321 710 me·

160 733 248 799 minit'
265 667 372 796 lautus
396 727 494 813 (Pllil.
507 739 547 809 ⁴2,
570 735 633 812 7.),
657 732 805 825 specimen
827 729 914 790 edere
934 729 1043 802 voluit,
1072 729 1147 789 iiiliil
1167 749 1274 788 niiriiui
1294 727 1318 786 si

156 817 230 873 eoru
279 809 424 882 socordia,
445 829 518 901 quos
538 809 593 870 sibl
612 829 710 870 socios
730 807 1000 901 delegerat-grave
1021 819 1051 866 et
1070 805 1232 866 molestum
1246 825 1321 864 uuus

157 883 224 947 addi
247 885 269 944 it
288 885 348 946 eius
369 885 475 947 dolori.
512 887 558 946 Ne
581 907 617 946 iic
637 887 716 949 euim
736 883 803 945 ficte
823 903 888 943 cuin
908 885 977 964 ipsis
997 883 1179 964 expostulat,
1204 883 1259 942 secl
1286 902 1321 940 ex

156 961 288 1047 genuino
308 961 398 1023 animl
416 976 502 1022 sensu
522 908 627 1023 dolore
647 961 703 1022 sibi
724 971 863 1034 testatur,
882 960 962 1039 quod
983 961 1019 1019 de
1053 971 1115 1019 rtus
1136 957 1237 1018 luerit.
1270 958 1323 1016 lu-

157 1049 200 1099 sta
220 1043 317 1098 alitem
337 1038 393 1097 luit
410 1037 564 1102 socordiae
585 1037 784 1120 exprobratio,
804 1036 884 1116 quod
904 1037 934 1096 in
955 1047 1017 1097 extr
1066 1035 1166 1096 iseius
1178 1035 1324 1116 angustiis

76 1125 81 1136 ’
159 1133 222 1176 non
243 1115 328 1180 unius
346 1113 449 1174 saltem
470 1115 560 1176 borae
579 1115 693 1198 vigilias
712 1113 854 1175 tulissent
1109 1185 1113 1192 A

167 1209 170 1214 '
233 1197 296 1258 41.“
318 1187 455 1272 'Vigilate
471 1205 499 1252 et
516 1205 604 1253 orate.
644 1191 724 1268 Quia
741 1191 772 1249 in
791 1189 922 1272 magistri
942 1187 1076 1267 periculo
1088 1183 1251 1268 torpebant
1263 1185 1324 1244 dis·

158 1265 263 1347 clpuli,
290 1267 326 1328 ad
350 1269 383 1328 se'
407 1267 492 1350 ipsos
509 1279 702 1342 revocantur,
727 1279 760 1325 ut
779 1266 893 1348 proprii
913 1265 981 1324 mali
1000 1285 1089 1324 sensu
1110 1262 1324 1345 expergefiant.

157 1343 322 1418 Denuntiat
345 1360 418 1430 ergo
440 1342 589 1422 Christus,
613 1345 669 1404 uisi
687 1341 791 1424 vigiles
811 1343 870 1404 sint
890 1353 920 1402 et
939 1352 1041 1416 orent,
1067 1341 1166 1401 statim
1187 1360 1203 1398 a
1222 1349 1324 1398 teuta-

156 1418 241 1492 tione
260 1441 346 1500 posse
367 1417 513 1502 opprimi:
534 1419 735 1494 acsi-dixisset,
755 1419 872 1499 quando
893 1437 944 1480 vos
964 1417 1045 1478 nulla
1064 1417 1163 1498 tangit
1172 1416 1234 1475 mei
1246 1437 1327 1488 cura,

157 1493 252 1556 nolite
271 1497 372 1557 saltem
393 1498 626 1592 vosncgligere,
645 1495 711 1578 quia
731 1505 826 1557 vestra
845 1495 893 1556 bic
912 1515 959 1556 res
979 1493 1086 1576 agitur,
1106 1513 1140 1554 ac
1161 1492 1219 1551 nisi
1236 1513 1325 1552 cave-

157 1571 208 1647 tit,
225 1574 353 1635 tentatio
372 1595 425 1635 ros
445 1585 542 1636 statim
562 1575 724 1654 demerget
761 1571 836 1632 Nam
856 1569 968 1632 intrare
988 1570 1261 1644 intentationem,
1282 1579 1325 1628 cst

158 1647 358 1730 succumbere.
396 1651 540 1712 Notemus
559 1661 656 1710 autem
676 1647 829 1708 resistendi
848 1649 968 1708 modum
989 1647 1037 1706 liic
1056 1645 1241 1727 praescribi,
1261 1665 1323 1704 uon

158 1735 193 1786 ut
211 1737 312 1786 nostra
331 1725 439 1788 virtute
459 1741 489 1787 et
508 1723 648 1786 industria
668 1725 737 1785 l'reti
756 1721 929 1806 colligamus
948 1723 1078 1798 animos,
1097 1723 1151 1782 sed
1171 1719 1273 1812 potius
1292 1731 1324 1780 ut

101 1863 104 1870 ,
159 1801 273 1862 conscii
300 1799 420 1862 uostr'ae
444 1800 619 1866 infirmitatis
645 1821 724 1860 arma
752 1809 783 1860 ct
800 1801 877 1862 vires
895 1811 1028 1880 petamus
1047 1820 1065 1860 a
1084 1799 1231 1859 Domino.
1271 1798 1324 1856 Ni-

158 1875 201 1936 bil
227 1896 302 1960 ergo
325 1875 389 1940 slne
413 1867 550 1959 precibus
573 1875 724 1959 vigilantia
749 1888 851 1936 nostra
877 1877 1022 1957 proficiet
1061 1875 1195 1951 Spiritus
1212 1871 1325 1954 quidm

158 1966 319 2030 promptus.
357 1953 403 2014 Ne
423 1965 538 2034 terrore
558 1953 703 2014 exanimet
722 1952 897 2034 discipulos,
916 1972 1018 2014 eorum
1037 1951 1200 2034 segnitiem
1218 1951 1325 2011 leuiter

160 2025 291 2090 adbibita
317 2027 522 2092 consolatione
546 2029 702 2108 bonaeque
727 2030 792 2108 spei
817 2029 937 2091 m'ateria
957 2028 1090 2112 castigat
1130 2030 1179 2088 Ac
1199 2028 1320 2108 piimuui

161 2102 278 2188 quidem
304 2103 460 2178 admoii'et,
485 2106 600 2167 tametsi
619 2105 784 2166 alacresad
804 2117 884 2166 recte
904 2105 1011 2190 agendi
1030 2103 1163 2165 studium
1184 2104 1323 2178 tmuiur,

164 2201 227 2244 esse
246 2192 346 2242 tamen
365 2202 432 2242 cum
448 2177 619 2243 infirmitate
640 2182 735 2242 carnis
755 2181 934 2256 luctandum,
953 2181 1083 2272 ideoque
1104 2203 1168 2240 nnn
1191 2199 1255 2240 uam
1272 2202 1321 2239 su-

161 2277 321 2341 pervacuas
347 2279 409 2320 esse
435 2276 547 2343 preces.
587 2259 726 2320 Videmus
753 2277 827 2342 ergo
852 2257 1094 2342 promptitudinis
1114 2203 1232 2318 laudem
1253 2277 1323 2316 coii-

162 2334 238 2410 cedi,
257 2353 296 2395 ne
315 2353 365 2395 sna
386 2335 607 2398 eosttnfirniitas
627 2337 658 2396 in
678 2336 913 2416 desperationem
934 2334 1087 2396 coniiciat:
1109 2344 1140 2395 et
1160 2346 1261 2394 tamen
1275 2335 1324 2392 sti-

161 2410 267 2472 mulari
286 2412 322 2476 ad
342 2432 461 2492 preces,
486 2413 554 2504 qi'iia
578 2412 709 2472 no'ndum
734 2411 860 2492 praediti
884 2412 943 2471 sint
966 2411 1032 2472 satis
1052 2411 1185 2471 robusto
1206 2411 1324 2490 Spiritu.

162 2487 267 2564 Quare
293 2486 365 2549 baec
389 2490 552 2555 admonitio
576 2488 697 2569 proprie
723 2489 760 2548 ad
785 2487 886 2548 fideles
905 2499 1033 2568 spectat,
1060 2489 1111 2578 qui
1132 2488 1252 2567 Spiritu
1271 2487 1325 2546 llei
1375 2495 1376 2552 l

160 2563 289 2646 regeniti
309 2565 432 2645 cupiunt
450 2577 531 2626 recte
551 2585 649 2656 agere,
669 2565 722 2626 sub
743 2565 837 2625 caruis
857 2575 955 2625 tamen
974 2561 1146 2624 infirmitate
1169 2563 1268 2624 adbuc
1287 2565 1326 2622 la-

121 2687 127 2710 ,
161 2639 287 2701 borant:
307 2661 373 2701 nani
394 2643 447 2702 etsi
467 2641 548 2724 viget
563 2659 596 2700 in
615 2641 719 2722 ipsisS
742 2640 823 2700 iritus
833 2640 941 2734 gratia,
959 2640 1121 2701 secundum
1142 2661 1267 2702 caruem
1286 2641 1327 2698 iii-

161 2717 241 2778 firmi
258 2727 334 2778 sunt.
375 2717 463 2793 Quan
486 2740 551 2778 uam
572 2728 669 2778 autem
685 2663 755 2778 solis
771 2717 918 2798 discipulis
933 2737 984 2778 sua
1000 2716 1137 2776 debilitas
1151 2717 1330 2787 ostenditur,

162 2793 233 2872 quit
256 2803 355 2854 tamen
375 2739 497 2875 perinde
517 2795 547 2854 in
567 2814 670 2855 omnes
689 2794 832 2873 competit
851 2793 932 2873 quod
952 2793 989 2853 de
1009 2792 1067 2852 illis
1087 2792 1164 2853 dicit
1185 2792 1330 2863 Christus,

162 2867 235 2929 binc
275 2869 380 2929 etenda
400 2883 444 2930 est
463 2869 608 2952 generalis
628 2869 749 2952 regula,
774 2867 891 2930 sedulas
911 2868 1045 2931 excubias
1063 2870 1225 2950 precando
1248 2871 1329 2930 nobis

162 2963 241 3034 agen
263 2963 292 3004 as
312 2964 389 3006 esse:
437 2945 484 3005 uia
503 2947 635 3007 nondum
654 2947 685 3006 iu
705 2943 792 3006 nobis
813 2947 923 3006 eminet
941 2957 1054 3006 tantuna
1075 2945 1210 3026 Spiritus
1230 2947 1330 3018 robur,

163 3039 236 3111 quin
255 3017 380 3080 subinde
399 3019 426 3080 la
449 3043 530 3083 amur
549 3023 644 3084 caruis
663 3023 843 3098 infirmitate,
862 3022 918 3082 nisi
935 3021 1082 3084 Dominus
1098 3043 1156 3082 suo
1173 3043 1235 3084 nos
1255 3023 1328 3084 auxi-

163 3095 206 3156 lio
227 3095 323 3177 erigat
341 3117 375 3156 ac
394 3099 543 3163 sustineat.
583 3097 740 3160 Caeterum
766 3119 829 3161 non
849 3109 893 3159 est
911 3119 963 3159 cur
982 3098 1069 3158 nimis
1088 3100 1179 3159 auxie
1199 3101 1328 3181 trepide-

163 3175 242 3232 mus:
262 3172 329 3252 quia
348 3175 507 3250 remedium
528 3175 614 3238 uobis
634 3187 746 3238 certum
766 3175 960 3257 proponitur,
980 3176 1060 3255 quod
1081 3195 1139 3235 nec
1161 3176 1215 3236 lou
1280 3197 1330 3236 nec

163 3247 271 3308 l'rustra
295 3251 492 3328 quaerendum
521 3265 573 3312 est.
618 3252 793 3333 Superiores
818 3252 896 3312 enim
922 3251 988 3313 lore
1013 3251 1166 3331 promittit
1188 3253 1216 3314 C
1241 3255 1332 3326 iistus,

143 3324 333 3460 pluicpnque
357 3327 394 3387 ad
419 3330 599 3418 precandum
627 3329 734 3390 intenti
754 3329 848 3391 camis
866 3347 935 3389 suae
955 3327 1094 3388 desidiam
1114 3329 1226 3394 sedulo
1247 3351 1333 3391 excu-

188 3421 226 3462 eu

239 3482 286 3545 42
324 3479 432 3544 Ateii
456 3479 515 3542 uice
538 3479 615 3541 iidii't.
664 3479 719 3542 llis
747 3479 889 3542 Matthaei
918 3480 1014 3543 verbis
1043 3480 1166 3544 videtur
1197 3481 1333 3542 Christus

162 3555 247 3634 quasi
265 3554 387 3618 subacto
407 3569 487 3620 metu
506 3557 626 3618 liberius
645 3577 680 3619 ac
699 3553 790 3640 magis
810 3557 907 3618 soluto
927 3558 1025 3618 animo
1046 3575 1079 3618 se
1099 3557 1187 3619 Patri
1206 3559 1330 3638 permit-

161 3641 238 3692 tere.
276 3633 381 3713 Neque
407 3634 485 3694 euim
508 3633 632 3714 amplius
656 3633 733 3714 petit
757 3635 908 3696 manslerri
926 3654 943 3694 a
962 3653 994 3694 se
1013 3633 1176 3714 poculum,
1198 3635 1248 3695 sed
1268 3633 1332 3693 boc

162 3719 236 3770 voto
284 3709 423 3771 raeterito
443 3711 474 3769 iii
494 3709 552 3770 boc
571 3710 670 3790 potius
688 3709 810 3786 insistit,
836 3721 869 3770 ut
886 3710 946 3772 Dei
966 3709 1093 3772 consilio
1113 3721 1228 3791 pareat
1266 3709 1334 3770 Sed

162 3785 241 3865 apud
293 3807 391 3846 arcum
415 3805 588 3868 progressus
612 3785 660 3847 bic
685 3806 748 3846 non
774 3787 959 3880 exprimitur,
988 3786 1049 3846 imo
1076 3807 1172 3868 quum
1196 3787 1333 3847 secundo

160 3881 295 3923 reversus
315 3874 360 3924 est
380 3861 528 3937 Christus,
548 3861 655 3922 dicitur
674 3863 790 3924 easdem
810 3875 930 3924 iterasse
950 3883 1063 3944 preces.
1102 3865 1144 3923 Et
1165 3875 1250 3924 certe
1269 3885 1334 3922 uon

162 3935 285 4030 dubiis,
309 3937 424 4018 quoties
449 3939 560 4012 oravit,
584 3949 666 4000 metu
691 3949 722 3998 et
745 3940 871 4001 horrore
896 3939 933 4000 ad
958 3940 1175 4019 deprecandam
1202 3953 1332 4000 mortem

161 4011 251 4103 luisse
269 4014 435 4095 impulsum.
473 4013 637 4076 Probabile
655 4025 753 4076 tamen
775 4029 834 4092 est,
858 4017 987 4077 secunda
1011 4015 1075 4076 vice
1095 4017 1193 4107 magis
1215 4017 1334 4077 enixum

160 4085 250 4148 luisse
269 4089 316 4180 ad·
326 4089 500 4182 obsequium
520 4087 603 4152 Patri
627 4091 849 4172 piaestandum,
876 4103 906 4154 et
930 4093 1025 4176 primo
1050 4094 1233 4154 tentationis
1258 4113 1334 4154 coii-

160 4163 362 4240 gressusuissc
374 4177 543 4244 animatum,
562 4178 595 4226 iit
613 4169 725 4229 maiore
746 4169 850 4229 fiducia
872 4169 908 4231 ad
926 4179 1051 4230 mortem
1071 4170 1242 4230 accederet.
1275 4169 1333 4227 Lii-

161 4255 217 4326 cps·
235 4237 371 4312 distincte
397 4264 458 4303 non
476 4245 592 4304 'recitat
612 4244 732 4306 diversis
751 4245 862 4306 vicibus
882 4247 976 4327 ipsum
996 4265 1111 4305 orasse:
1135 4247 1189 4306 sed
1216 4257 1332 4305 tantuin

157 4308 245 4386 dicit,
275 4331 362 4392 quum
389 4332 510 4398 urgeret
536 4320 682 4396 anxietas,
711 4321 850 4401 prolixius
877 4333 906 4384 ct
931 4320 1132 4384 vehementius
1158 4323 1189 4382 id
1215 4323 1333 4386 secisse.
