2778 4838
132 228 194 291 tto
414 187 531 280 sn'cu.
550 217 616 278 XV.
654 227 746 277 assos
766 227 1021 304 nnnrsctunnn

112 351 195 436 xrein
209 371 405 450 domesticam
425 369 705 444 benecuraverint,
723 369 784 428 imo
803 367 872 428 tiliis
891 367 1140 448 obsequentibus,
1158 369 1211 448 qui
1232 379 1300 432 tota

132 451 193 515 vita
218 448 511 530 patientes-,tulerint
534 446 625 526 patris
644 446 817 526 imperium..
849 445 1026 524 Quanquam
1052 457 1148 505 antem
1174 466 1300 524 prorsus

133 526 250 608 indigni
275 536 359 600 eqant
383 525 437 586 hac
457 524 557 599 laude,
583 520 716 584 Christus
740 529 839 582 tameh
865 543 900 582 ex
925 543 1028 582 eorum
1052 543 1152 598 sensu,
1169 522 1301 601 loquens

134 603 231 666 fictam
251 600 472 664 sanctimoniam
491 600 548 662 illis
568 618 623 678 pro
647 599 756 658 virtute
791 617 826 658 er
839 598 1061 666 concessionem
1077 598 1219 676 imputat:
1241 599 1302 658 acsi

135 679 261 752 dixisset,
281 677 393 738 etiamsi
412 676 498 736 vohis
518 675 677 736 concedam
698 619 788 754 quoti
799 675 873 744 salso
889 675 1011 748 iactatis,
1031 696 1083 732 vos
1095 673 1164 734 Deo
1180 695 1302 755 semper

135 756 309 816 obedientes
322 753 408 812 luisse
420 751 508 826 lilius,¹
525 773 586 812 non
606 759 705 811 tamen
725 751 764 810 ita
784 749 911 830 superbe
927 763 958 814 et
967 751 1125 812 crudeliter
1137 751 1300 812 abiiciendi

134 843 223 896 erunt
241 831 356 905 iratres,
375 828 426 890 uhi
447 851 463 888 a
483 829 597 908 perdita
616 829 675 887 vita
694 828 878 906 resipiscunt

210 907 282 966 Luc.
302 911 349 971 28.
387 905 576 965 Patet-*illins
593 927 732 981 egissetis.
773 905 826 964 llis
850 903 947 964 verbis
973 903 1140 984 superbiam
1168 927 1232 966 non
1254 906 1302 966 le-

133 985 253 1046 rendam
266 982 426 1062 hypocritis
440 981 609 1060 exprobrat,
630 981 746 1060 quoda
766 991 851 1061 patre
871 981 997 1064 rogandi
1017 982 1085 1054 sint,
1105 1003 1143 1042 ne
1158 982 1300 1043 fratribus

134 1060 192 1122 suis
210 1058 439 1122 misericordiam
460 1057 618 1117 invideant
658 1055 755 1118 Porro
776 1058 845 1118 licet
863 1079 925 1118 non
946 1069 1033 1138 roget
1051 1057 1150 1131 Deus,
1176 1081 1231 1118 suo
1252 1072 1300 1118 ta-

133 1149 202 1200 men
223 1133 357 1216 exemplo
377 1135 414 1195 ad
433 1133 587 1194 toleranda
607 1133 729 1194 fratrum
749 1135 818 1194 vitia
839 1155 893 1194 nos
914 1133 1055 1194 hortatur.
1087 1137 1186 1214 Atque
1197 1147 1229 1192 ut
1239 1136 1296 1194 im-

156 1211 233 1276 roho
252 1211 347 1291 rigori
368 1231 486 1274 omnent
506 1210 722 1271 excusationem
742 1211 902 1290 praecidat,
921 1229 981 1270 non
997 1221 1108 1270 tantum
1127 1209 1295 1290 hypocritas

134 1233 290 1368 innuentes
309 1287 432 1360 inducit,
452 1307 576 1368 quorum
597 1287 719 1347 relutari
738 1288 832 1377 possit
844 1285 914 1347 lalsa
924 1285 1074 1360 iactantia,
1093 1289 1296 1347 verumetiam

134 1365 159 1426 si
184 1364 248 1446 quis
274 1364 466 1444 integerrime
487 1362 623 1424 omnihus
643 1363 885 1442 pietattssosheiis
905 1383 975 1444 erga
996 1363 1112 1422 Patrem
1133 1365 1172 1424 sit
1190 1363 1298 1422 delun-

134 1453 212 1514 ctus,
237 1441 265 1501 ei
290 1452 388 1499 tamen
412 1440 516 1500 iustam
537 1439 739 1518 querimoniae
761 1461 822 1504 esse
842 1461 959 1502 catrsam
976 1451 1080 1520 negat,
1129 1442 1188 1500 uod
1216 1440 1301 1500 fratri

132 1517 219 1578 uenia
239 1519 333 1578 detur.
373 1515 495 1578 Certum
516 1515 633 1595 quidem
655 1529 708 1590 est,
727 1515 857 1577 sinceros
873 1515 931 1575 Dei
952 1515 1079 1575 cultores
1099 1533 1114 1576 a
1158 1517 1217 1576 hoc
1236 1538 1300 1574 ma-

134 1595 217 1677 ligno
238 1593 349 1654 aflectu
369 1613 459 1684 puros
479 1603 647 1672 semperet
665 1614 773 1653 vacuos
794 1594 869 1666 sore,
889 1593 940 1654 sed
954 1590 1065 1652 Christi
1081 1592 1242 1653 consilium
1257 1606 1300 1654 cst

156 1671 311 1743 uendere,
344 1669 476 1746 iniquum
504 1690 565 1730 esse
591 1669 642 1748 qui
668 1669 752 1731 fratri
776 1669 959 1753 insgratiam
983 1682 1108 1750 recepto
1135 1668 1298 1744 obtrectat,

135 1692 249 1809 etiamsi
267 1746 421 1806 sanctitate
442 1743 554 1826 angelis
574 1766 635 1804 non
657 1745 751 1805 cedat.

135 1817 143 1872 l
208 1830 258 1888 ·31s
296 1822 375 1894 Fili,
397 1835 429 1878 us
451 1841 562 1895 semper·
585 1841 694 1880 mecum
711 1838 757 1882 ‘en
797 1823 865 1882 Duo
891 1833 959 1883 sunt
984 1822 1066 1880 huius
1091 1823 1298 1914 responsionis

135 1899 246 1978 eapite:
272 1898 430 1976 priusest,
458 1897 538 1976 qood
558 1895 637 1958 nulla
658 1909 702 1958 est
720 1899 863 1960 irascendi
883 1920 969 1959 cama
990 1899 1209 1979 primogenito,
1231 1900 1298 1960 dum

134 1963 247 2054 hhsque
271 1993 325 2034 suo
350 1973 456 2032 damno
483 1973 603 2034 fratrem
629 1975 794 2036 humaniter
818 1975 910 2054 accipi
936 1975 1028 2034 videt:
1059 1976 1188 2036 alterum
1218 1997 1297 2050 uero,

134 2050 217 2110 'hod
237 2049 316 2109 nulla
335 2049 482 2112 fraternae
502 2049 600 2110 salutis
627 2049 725 2111 habita
749 2053 882 2126 ratione,
908 2051 947 2112 ob
974 2051 1147 2112 hilaritatem
1175 2075 1212 2112 ex
1238 2053 1296 2112 eius

170 2127 233 2187 ditu
252 2137 426 2206 conceptam
445 2127 585 2186 tristetur.
627 2127 751 2204 Ourania,
775 2128 886 2207 inquit,
904 2149 968 2188 men
986 2143 1052 2188 sunt
1068 2141 1140 2187 tun:
1166 2131 1226 2188 boc
1246 2139 1298 2203 esu

134 2203 347 2282 etianssinibil
373 2203 513 2274 haetenus
539 2224 556 2264 e
581 2204 670 2266 domo
697 2226 760 2271 mea
787 2204 957 2278 abstuleris,
981 2205 1054 2264 nibil
1078 2205 1135 2264 tibi
1158 2206 1297 2286 deperiit,

157 2279 205 2342 uia
225 2279 323 2352 omnia
343 2278 398 2340 tibi
417 2279 494 2340 salva
513 2292 643 2340 manent
680 2279 799 2342 Deinde
825 2281 896 2358 quid
916 2293 944 2342 te
966 2279 1093 2341 offendit
1112 2293 1217 2342 nostra
1238 2282 1297 2341 lae-

135 2301 212 2430 dtis,
231 2352 311 2416 cuius
331 2365 363 2416 tn
383 2357 478 2418 socius
499 2377 561 2418 esse
583 2356 746 2419 debueras?
766 2377 833 2416 nam
853 2378 978 2436 aequum
999 2369 1072 2430 erat,
1093 2357 1188 2432 fratri,
1210 2380 1295 2438 quem

129 2433 282 2514 perditum
343 2434 482 2507 terimus,
494 2453 572 2494 nunc
591 2433 670 2494 salvo
692 2445 722 2493 et
740 2434 841 2494 reduci
861 2434 1011 2525 gratulari.
1049 2435 1135 2494 Duae
1155 2435 1231 2496 istae
1250 2457 1296 2494 ra-

107 2511 242 2590 'tiones
258 2531 298 2572 no
322 2509 345 2577 is
359 2511 518 2576 ‚notandae
539 2521 620 2572 sunt:
647 2511 713 2588 quia
738 2532 794 2571 nec
820 2531 976 2589 quicquam
1000 2510 1087 2571 nohis
1101 2511 1248 2587 decedit,
1273 2511 1296 2570 si

132 2585 324 2722 ppnignein
349 2587 473 2672 gratiam
498 2587 605 2678 recipit
622 2587 719 2662 Dens,
747 2587 797 2665 qui
821 2585 948 2678 peccatis
972 2587 1030 2646 suis
1054 2587 1090 2647 ah
1117 2608 1155 2648 eo
1178 2588 1295 2648 alienati

159 2665 268 2723 'eranta
288 2674 319 2723 et
338 2663 426 2744 impia
446 2673 495 2726 est'
509 2663 629 2725 durities
649 2685 712 2724 non
732 2664 843 2740 laetari,
864 2682 953 2746 quum
973 2663 1076 2724 iratres
1097 2683 1113 2723 a
1133 2678 1233 2726 morte
1249 2685 1296 2725 re-

135 2740 252 2803 divivos
269 2740 423 2804 cernimus.

131 2990 140 3016 ‘
219 2989 322 3069 (152)
369 2989 541 3062 ΜΑΤΤΗ.
569 2989 684 3057 XVlll.
738 2991 787 3057 15.
811 2989 857 3058 'Si
884 3011 964 3058 vero
992 2993 1175 3080 peccaverit
1203 2995 1237 3058 in
1266 3003 1298 3058 te

136 3089 350 3180 hamptune,
376 3091 459 3157 vade
486 3103 518 3158 et
545 3115 642 3180 argue
671 3115 743 3159 eum
770 3099 855 3161 inter
883 3107 914 3162 te
937 3108 968 3162 et
991 3099 1093 3182 ipsum
1115 3094 1239 3161 solum:
1271 3099 1298 3161 si

132 3191 169 3260 'te
197 3194 349 3272 audierit,
374 3193 515 3262 lucratus
544 3218 580 3262 es
605 3197 733 3264 fratrem
762 3209 865 3264 tuum:
918 3201 967 3263 16.
997 3199 1030 3262 Si
1056 3220 1136 3264 vero
1165 3191 1199 3263 ie
1230 3221 1297 3266 non

136 3296 284 3376 audierit,
305 3295 424 3363 adhibe
445 3309 548 3364 tecum
572 3300 678 3366 adhuc
699 3317 797 3366 unum
819 3301 875 3366 vel
898 3301 994 3380 duos,
1017 3312 1052 3366 nt
1073 3305 1106 3366 in
1129 3324 1189 3368 ore
1212 3304 1298 3370 diso-

135 3421 206 3466 rum
241 3413 296 3470 aut
320 3403 415 3469 trium
441 3405 573 3468 testium
595 3407 746 3470 consistat
772 3415 870 3470 omne
895 3403 1044 3470 verbum:
1075 3403 1195 3490 quodsi
1228 3427 1295 3470 non

28 3539 33 3552 ι
137 3501 276 3598 audierit
303 3501 373 3581 ebs,
401 3503 455 3570 dic
481 3505 656 3573 Ecclesiae.
705 3509 754 3574 17.
783 3508 913 3594 Quodsi
939 3505 1112 3572 Ecclesiam
1146 3529 1214 3572 non
1243 3531 1295 3570 au·

137 3605 249 3687 dierit,
273 3611 314 3673 sit
338 3607 399 3674 tihi
424 3611 506 3674 sicut
527 3610 681 3676 Ethnicus
707 3621 740 3674 et
760 3609 966 3706 Publicanos.
1007 3609 1059 3675 18.
1088 3614 1193 3676 Amen
1219 3610 1290 3676 dico

136 3707 245 3788 vohis,
275 3732 488 3798 quaecunque
519 3709 691 3798 ligaveritis
725 3736 824 3799 super
855 3726 984 3791 terram,
1018 3721 1111 3778 erunt
1139 3711 1235 3796 ligata
1261 3723 1294 3776 et

135 3813 170 3876 in
192 3811 303 3890 coelo,
324 3825 357 3880 et
377 3835 589 3902 quaeeunque
611 3815 772 3881 solveritis
792 3839 890 3903 snper
911 3829 1045 3892 terram,
1073 3827 1169 3880 erunt
1190 3815 1297 3880 solnta

138 3925 170 3979 et
196 3919 228 3981 in
257 3915 362 3985 coelo.
403 3921 453 3983 19.
478 3919 616 3981 Rursum
645 3917 719 3983 dico
745 3918 855 3998 vohis,
882 3919 971 4008 quod
998 3921 1023 3983 si
1052 3915 1118 3982 duo
1142 3939 1181 3982 ex
1198 3919 1297 3986 'vohis

139 4025 363 4088 consenserint
389 4032 640 4108 superterram,
667 4021 709 4086 de
731 4025 819 4086 omui
839 4045 891 4103 re,
924 4045 1017 4109 quam
1047 4023 1215 4105 petierint,
1243 4021 1299 4086 liet

138 4117 205 4183 illis
237 4143 254 4185 a
287 4125 502 4201 Patre-meo,
534 4129 589 4210 qui
618 4127 651 4188 in
680 4124 780 4190 coelis
808 4137 863 4191 est.
919 4129 970 4190 20.
1012 4121 1078 4190 Uhi
1108 4127 1196 4188 onim
1224 4137 1296 4190 sont

139 4221 205 4286 dno
232 4223 377 4294 veltres
404 4229 588 4316 congregati
614 4229 648 4295 in
676 4231 807 4296 nomine
835 4251 924 4312 meo,
955 4228 1002 4295 ihi
1029 4249 1098 4296 sum
1124 4229 1160 4296 in
1187 4227 1294 4294 medio

136 4347 255 4390 cos-um.
