2790 4838
271 311 273 320 ·
358 279 422 357 (st.
442 276 523 340 Iesus
540 275 609 340 Deo
627 257 735 361 gratior
755 279 843 364 aglu)
866 297 883 346 ι·
1118 289 1177 366 273

41 427 179 504 actione,
208 445 274 490 non
298 437 399 492 umen
423 441 565 510 quautam
589 387 715 494 decebat
736 431 797 494 Dei
821 419 1075 514 beneficiieqnasi
1091 435 1183 502 scalis.
1274 459 1277 464 ·

42 505 196 582 iuvantur,
220 517 255 566 ut
273 503 304 564 in
322 506 442 568 coelum
461 517 626 589 assurgente
651 507 720 568 ideo
740 509 989 572 necessebabeot
1008 532 1024 571 a
1042 511 1176 574 Domino
1285 514 1287 522 ’

43 581 117 664 erigi
137 593 281 662 tanquam
300 595 437 663 porrecta
456 603 559 659 manu,
582 604 621 646 ue
639 584 792 649 subsidant
810 587 842 654 in
860 599 953 662 terra,
977 587 1029 668 sed
1047 577 1184 658 adroe-¹
1281 587 1285 614 ⁴

43 657 145 720 leatem
178 659 341 722 novitatem
373 659 513 739 aspirent
541 675 544 682 ·
570 661 666 724 Norae
692 681 794 722 omnes
813 674 906 726 'vocat
926 661 1014 728 Meo
1036 667 1176 741 onorem,

43 737 122 813 qnod
146 734 285 796 diabolus
310 735 450 828 quioquid
474 734 561 796 nobis
585 737 735 798 adversum
760 750 805 800 cst
826 738 857 800 in
882 759 937 800 noe
962 739 1071 808 vibret:
1110 762 1175 802 non

43 811 122 889 quod
142 812 206 874 eius
226 811 350 873 arbitrro
368 811 554 885 subiaceant,
583 819 658 892 quae
676 813 776 874 valent
794 816 830 877 ad
849 815 1010 880 laedendos
1029 817 1177 893 homines,

44 887 91 948 ted
118 889 189 968 quia
209 887 413 954 armatusDei
431 887 638 950 maledictione
658 890 756 952 omnia
775 891 837 952 eius
855 894 892 952 fla
916 893 973 954 ella
991 893 1023 952 in
1041 888 1178 954 nostrum

44 962 162 1026 exitium
174 977 291 1026 vertere
305 975 438 1040 conatur,
458 965 748 1046 etarripit'tanquam
759 967 829 1043 tela,
848 912 954 1049 quibem
964 989 1019 1032 nos
1030 969 1175 1032 vulneret.

113 1049 165 1108 20.
195 1041 327 1102 Noniae
344 1055 438 1102 umen
453 1044 564 1116 aerim
579 1056 653 1102 aaut.
685 1042 785 1117 Quum
804 1045 991 1126 propositum
1006 1043 1046 1106 sit
1054 1044 1174 1108 Christo

43 1137 109 1178 snos
134 1117 173 1178 ab
200 1119 328 1181 euanido
352 1118 461 1200 gaudio
480 1118 645 1193 retrabere,
665 1132 709 1184 „ur
728 1119 758 1179 in
778 1120 836 1182 uita
855 1133 974 1182 aeterna
997 1121 1173 1199 'ferientum

44 1195 78 1254 ad
102 1195 165 1256 eius
191 1193 340 1277 originem
365 1207 395 1255 et
418 1193 534 1254 sontem
551 1194 631 1274 ipsos
651 1195 781 1258 deducite
808 1217 916 1288 nempe
936 1143 1017 1278 quel
1036 1198 1175 1270 diuinitus

45 1269 87 1332 ele
119 1271 127 1286 “
151 1273 214 1332 rint
237 1281 269 1332 et
293 1270 425 1350 adoptati
449 1269 480 1328 in
505 1269 590 1330 filios.
632 1270 809 1351 Praecipere
834 1274 1111 1354 quadem-poterat,
1139 1286 1175 1335 ut

44 1359 207 1486 gaucpretpt
224 1367 257 1408 ee
275 1347 507 1488 regeoitopnessp
520 1343 723 1486 tilieissspirjitup
743 1358 776 1407 ut
793 1361 1175 1486 novaeterpbepphctrnelptupae
1210 1430 1218 1438 ἡ

45 1445 73 1484 m
141 1445 216 1484 raso
257 1443 408 1485 manse
457 1443 519 1484 ean
570 1443 834 1486 uummaosesre
858 1444 887 1498 ,ε
919 1445 976 1484 srr
1111 1446 1184 1486 erus.

45 1501 170 1562 arebam:
185 1467 250 1562 ¹se’d
269 1443 461 1580 principibu,
476 1499 559 1559 unde
578 1498 651 1560 baec
671 1500 770 1560 omnia
789 1467 870 1560 beria
886 1501 1048 1577 fluxerant,
1067 1512 1183 1572 notare,

45 1579 145 1654 uoluit,
164 1576 324 1671 gratuitam
345 1576 401 1638 Dei
452 1576 610 1652 eeu'onenr,
626 1596 665 1636 ne
685 1575 755 1665 quid
774 1573 831 1637 sibi
850 1575 1040 1639 ascriberent.
1073 1578 1174 1642 blare.-

45 1655 112 1715 riam
132 1655 257 1790 qurffm'
274 1651 411 1715 laudandi
461 1652 489 1712 ei
507 1651 812 1743 nobissuppedrtant,
831 1673 906 1733 quae
926 1653 959 1714 in
977 1653 1173 1718 subiacenti.-
1261 1657 1263 1668 ’

45 1753 102 1792 mue
121 1751 185 1794 erue
228 1727 362 1805 euenere,
378 1728 430 1790 red
449 1740 569 1790 aeterna
589 1727 706 1804 electro,
726 1749 801 1807 quae
821 1741 899 1792 extra
919 1749 975 1790 nos
995 1741 1053 1807 est,
1068 1728 1174 1792 clarius

45 1809 239 1883 demonstrat,
258 1805 289 1869 in
308 1825 387 1866 mera
406 1806 465 1874 Dei
485 1805 617 1876 bonitate
639 1805 791 1878 fundatam
810 1825 872 1866 ease
891 1805 1013 1882 salutern
1032 1819 1172 1880 nostram.

45 1884 137 1946 Porro
156 1881 359 1963 metaphorice
378 1882 460 1958 dixit,
475 1885 586 1958 scripta
602 1903 662 1942 esse
679 1903 797 1944 strom
814 1887 932 1956 maden
949 1887 982 1945 in
999 1873 1095 1962 coelo,
1106 1893 1173 1964 ‚pro
1192 1901 1193 1910 ¹

47 1961 182 2042 eoquod
201 1969 261 2034 eat,
288 1956 413 2020 Conseri
432 1979 532 2022 eoram
550 1960 618 2022 Deo
639 1957 716 2022 filios
735 1967 767 2022 et
785 1957 940 2040 haeredes,
961 1960 1023 2024 ‚acsi
1041 1957 1073 2022 in
1092 1969 1182 2029 ceta-2

45 2036 112 2122 logo
132 2034 273 2117 descripti
293 2045 398 2098 essent.
759 2069 762 2079 .
1070 2057 1073 2062 ·

82 2197 167 2276 (9'7.)
207 2191 380 2261 ΜΑΤΤΗ.
400 2193 462 2260 XL·
484 2194 537 2260 25.
556 2193 594 2260 ln
615 2161 679 2262 illo
695 2179 841 2282 tempore
861 2173 1175 2283 respondena'lesus

47 2293 132 2376 dixit,
164 2293 343 2362 Confiteor
369 2293 429 2362 tibi
456 2297 566 2373 Peter,
595 2294 737 2362 Domine
757 2295 851 2370 ¹coeli
877 2305 910 2360 et
935 2306 1053 2374 terrae,
1072 2293 1175 2382 'qued
1247 2355 1249 2360 ,
1290 2358 1293 2375 ,

46 2395 239 2462 abscondisti
265 2395 346 2461 baec
372 2403 392 2461 b
418 2391 618 2484 sapientibus
645 2405 678 2462 et
704 2391 934 2484 prudentibus,
965 2407 998 2462 et
1022 2394 1176 2461 revelasti

48 2517 82 2561 ea
106 2495 257 2582 parvulis.
302 2498 353 2562 26.
386 2491 487 2564 Certe
517 2495 627 2572 Pater,
659 2497 707 2560 sie
728 2493 787 2560 fuit
807 2491 1046 2579 beneplacitum
1064 2487 1175 2590 eoram
1232 2545 1236 2548 -

47 2606 86 2662 te.
124 2597 176 2662 nt.
203 2595 324 2662 Omnia
345 2597 423 2662 mibi
442 2595 558 2662 tradita
579 2605 693 2661 sunta
714 2596 809 2660 Patre
830 2615 920 2673 meo,
946 2604 979 2659 et
998 2613 1096 2660 nemo
1113 2615 1182 2658 no·.

48 2699 90 2762 rit
114 2695 233 2770 Filium
254 2699 316 2762 nisi
337 2701 446 2778 Pater,
479 2717 588 2783 neque
610 2687 736 2765 Patrem
757 2693 958 2774 uirilibus,
988 2685 1022 2760 'et
1045 2695 1100 2762 cui
1118 2710 1182 2760 vo··

48 2793 138 2863 luerit
163 2797 269 2864 Filius
293 2793 449 2866 revelare.
491 2795 542 2862 2&
572 2797 693 2863 Venite
715 2793 829 2862 adme
849 2783 975 2874 omues,
1007 2797 1064 2883 qui
1082 2789 1177 2862 laboss

48 2901 118 2962 ratis
144 2908 177 2963 et
201 2901 329 2964 onerati
355 2901 446 2976 eatis,
479 2907 513 2963 et
539 2917 600 2984 ego
627 2893 823 2964 refocillabo
849 2917 918 2962 voa.
965 2895 1017 2962 w.
1049 2893 1174 2963 Tollite

48 2999 147 3084 iugum
166 2989 272 3065 meum
293 3017 392 3086 super
411 3017 484 3078 vos,
518 3009 552 3064 et
573 2997 687 3064 discite
709 3019 727 3061 a
747 3017 814 3076 me,
847 2993 937 3084 quod
957 2999 1041 3062 mitis
1060 3001 1119 3086 eitra
1141 3006 1175 3064 et

49 3095 168 3166 bumilie
193 3098 308 3180 corde,
340 3109 373 3165 et
398 3101 569 3166 invenietis
594 3101 739 3186 requiem
767 3093 935 3164 animabus
960 3099 1082 3168 vestris.
1123 3099 1175 3166 3⁰.
1210 3165 1211 3175 ,

49 3197 149 3284 logum
170 3203 257 3267 enim
278 3219 383 3266 meum
404 3221 502 3267 suove
524 3211 584 3279 est,
605 3210 638 3266 et
657 3221 741 3266 onus
760 3220 867 3266 meum
886 3196 973 3266 leve.

102 3329 225 3415 ¹LUC.
245 3331 284 3399 X.
324 3333 375 3402 21.
396 3333 433 3402 ln
455 3331 568 3400 eadem
589 3333 670 3400 bora
692 3331 859 3400 exsultavit
879 3334 994 3420 spiritu
1014 3325 1113 3413 lesus,
1134 3355 1181 3406 ae.

51 3428 132 3514 dixit,
161 3430 337 3504 Confiteor
362 3433 422 3500 tibi
448 3434 563 3524 Pater*
588 3433 731 3500 Domine
757 3431 843 3514 coeli
871 3444 904 3499 et
929 3443 1050 3514 terrae,
1084 3433 1175 3520 quod

49 3529 236 3600 abscondisti
262 3535 345 3600 baec
371 3557 390 3598 a
417 3533 616 3622 sapientibus
646 3544 679 3602 et
704 3532 932 3620 prudentibus,
963 3523 1001 3598 et¹
1023 3532 1175 3599 revelasti
1282 3557 1288 3575 ·

48 3653 82 3698 ea
100 3635 255 3724 parvulis:
276 3655 355 3701 eane
377 3635 485 3715 Pater,
505 3637 657 3722 quoniam
679 3637 727 3700 sic
749 3633 972 3722 complacitum
994 3644 1044 3724 esp
1065 3653 1173 3698 coram
1208 3689 1213 3702 .
1266 3655 1270 3668 ·

47 3742 83 3799 te.
121 3738 171 3802 22
193 3736 313 3802 Omnia
333 3732 411 3800 mibi
431 3736 549 3802 tradita
569 3745 643 3802 sunt
664 3758 683 3801 e
705 3735 800 3810 Patre
821 3755 913 3812 meo,
933 3744 966 3800 et
985 3753 1083 3800 nemo
1104 3734 1174 3811 scit,
1212 3787 1215 3809 ,

47 3837 113 3920 quis
131 3840 174 3902 eit
197 3837 314 3915 Filius,
343 3837 406 3903 nisi
426 3837 539 3916 Pater,
571 3848 602 3903 et
624 3839 695 3924 quie
716 3837 757 3902 eit
777 3837 888 3915 Peter,
916 3837 979 3902 uisi
999 3832 1116 3912 Filius,
1143 3841 1177 3899 et

46 3937 93 4000 eui
111 3936 254 4004 voluerit
275 3937 379 4005 Filius
399 3935 557 4003 revelare.
700 3935 703 3940 ’

113 4099 218 4162 blattb.
243 4069 292 4168 25¹
336 4099 527 4179 Βοῳοηᾰοω
552 4098 645 4190 fetro
690 4098 868 4195 Quanquam
892 4085 1086 4177 mordendi
1108 4121 1176 4164 rer·

48 4172 109 4236 buna
134 4177 281 4240 Hebraeis
305 4177 447 4240 familiare
467 4189 636 4255 estreuamj
665 4177 719 4240 nbi
737 4177 771 4240 fit
790 4179 905 4240 initiunt
924 4177 1084 4254 sermonis,
1115 4197 1174 4264 ego

46 4259 135 4314 tamen
155 4253 223 4318 huic
243 4255 312 4316 loco
332 4255 485 4337 emphasin
505 4253 629 4324 subesse
642 4253 788 4332 arbitror,
809 4257 889 4336 quod
908 4253 1022 4315 seilicet
1042 4254 1175 4318 Christus

48 4331 582 4489 a„e„nnttet:teeb
599 4330 633 4470 t
652 4331 742 4472 ud
760 4329 1179 4478 sirenae„

462 4451 472 4484 φ
756 4465 759 4473 .

74 4505 517 4564 enema-,ammantat
533 4509 555 4558 r.
933 4487 973 4549 18
