2766 4834
178 233 182 240 ι
292 247 299 269 ⁶
423 281 488 360 (14.
513 247 700 366 Genealhgia
719 277 858 362 Christi.)
989 233 1000 250 *¹
1164 285 1245 350 45,

57 430 225 508 disseritur,
246 430 281 490 in
302 428 424 490 solenni
443 429 494 492 illa
513 432 711 514 promissione
729 432 882 495 fundatum
902 441 963 508 est,¹
976 430 1206 514 Sedebitsuper

55 510 199 568 thronum
221 519 309 566 tuum
330 527 494 584 successor,
513 510 563 590 qui
598 530 614 569 e
653 509 887 594 etuoregnahit:
906 511 969 570 Ero
982 509 1068 570 illiin
1081 522 1207 591 patrem,

56 597 89 644 et
105 585 171 666 ipse
193 584 258 644 erit
277 583 351 644 mihi
372 583 404 643 in
426 584 516 645 lilium
536 531 598 668 (ll.
643 608 698 646 am.
718 594 752 662 7,
777 593 823 652 13
843 595 890 653 ld.
911 599 942 647 et
961 585 1009 646 Ps.
1029 592 1102 660 132,
1127 587 1205 664 11.).

56 661 146 740 Atqui
168 672 259 722 extra
281 662 518 722 controversiam
538 675 596 738 est,
617 663 701 723 huius
721 663 835 724 aeterni
855 661 956 746 Regis,
976 663 1027 744 qui
1047 661 1207 744 promissus

56 750 119 798 erat
135 737 273 811 Davidi,
311 736 504 826 §salomonem
525 738 613 799 luisse
632 752 743 820 typum.
781 741 847 800 Nec
867 739 987 802 Christo
1007 739 1094 800 aliter
1111 737 1208 874 aptari

56 825 154 954 mest
200 813 354 888 rumissro,
372 815 432 873 nisi
453 825 596 894 quatenus
616 816 678 876 eius
697 815 809 876 veritas
817 817 847 876 in
862 815 1024 877 Salomone
1034 816 1121 876 adum
1143 825 1226 875 rata·-

192 910 268 965 uuc,
285 889 309 950 si
330 890 368 949 ad
387 890 483 982 ipsum
501 893 709 954 conrefertur
729 889 841 955 Christi
862 895 960 986 origo,
979 893 1058 952 unde
1078 891 1126 951 vel
1147 911 1206 972 qua
1286 910 1291 922 ’
1321 945 1324 952 .

59 967 186 1058 ntione·
204 965 384 1058 censebitur
406 965 457 1028 rlle
478 967 554 1059 filius
577 969 720 1060 Desidis?
758 971 841 1063 lingo
861 969 992 1060 qmspuis
1009 967 1206 1061 §alomeuem
1253 1011 1256 1020 .

58 1041 1099 1202 “ttttrffh‘tllffi‘tlttzttltttttu‘lmtthlh'
1126 1063 1208 1182 ull?

419 1163 430 1195 t
1195 1163 1208 1198 9

64 1197 169 1256 seriem
192 1196 316 1286 generis
336 1197 483 1286 pNathan
501 1199 661 1290 deducens,
677 1199 1081 1300 §domonemnonreiieiat
1100 1209 1214 1280 poste!

60 1295 111 1408 :1¹⁰
124 1271 412 1432 lhiffffl
425 1274 956 1432 2l⁰lltl¹¹²lllttssttll¹ll
971 1275 1207 1488 tussitat}

202 1437 307 1486 tmen
326 1425 497 1488 musena
515 1428 546 1486 in
566 1427 623 1488 illis
643 1429 867 1489 notandaesse.
897 1425 1029 1488 Primum
1050 1437 1104 1502 est,
1123 1449 1163 1506 qu

86 1525 152 1564 uras
185 1503 297 1564 ordine
325 1503 522 1586 retrogrado,
561 1515 594 1563 ut
611 1503 790 1584 loquuntur,
821 1503 858 1564 ab
885 1503 991 1564 ultimo
1017 1501 1054 1564 ad
1079 1501 1206 1582 primunr

62 1579 214 1654 aceedit,
264 1599 336 1638 m
362 1579 526 1640 Matthaeus
546 1579 667 1662 abipsa
687 1579 957 1664 origiueincipiat.
995 1578 1131 1640 Alterum
1151 1589 1207 1654 est,

62 1657 141 1792 pubol
161 1657 260 1719 ,Matt
282 1677 352 1716 aeus
392 1657 592 1718 narrationem
625 1679 706 1717 suam
742 1657 818 1720 ultra
849 1669 982 1720 sanetum
1017 1667 1048 1717 ct
1078 1653 1207 1717 electum

108 1733 200 1794 rahae
221 1752 317 1814 genus
337 1753 402 1793 non
422 1733 566 1794 extendit:
585 1733 679 1794 Lucas
698 1755 770 1796 vero
791 1735 828 1796 ad
846 1734 1053 1814 Adam—usque
1094 1751 1204 1816 regre-

63 1811 148 1871 ditur.
188 1809 339 1884 Tertium,
359 1809 442 1888 quod
460 1809 556 1901 legale
576 1831 669 1894 genos
680 1811 845 1872 Matthaeus
864 1821 980 1886 tractat,
1000 1821 1031 1871 et
1047 1753 1104 1869 sihi
1116 1808 1206 1870 etiam

65 1887 208 1977 quosdam
226 1886 400 1947 rescindere
422 1887 566 1965 pemuttit
584 1909 619 1947 er
638 1888 822 1949 recitationis
841 1889 934 1963 serie,
958 1886 1039 2026 prod
1059 1886 1206 1947 lectorum

66 1983 228 2022 nernorrae
260 1961 548 2024 consuleretvolens
575 1975 636 2024 tres
660 1964 755 2025 solum
778 1966 960 2026 tessaradeca
982 1985 1012 2026 as
1038 1975 1206 2024 enumerata
1292 1999 1297 2004 -

64 2039 157 2100 lucas
174 2059 252 2100 vero
273 2037 410 2099 naturale
429 2059 524 2121 genas
541 2041 755 2123 magnaurae
774 2043 972 2122 prosequitur.
1005 2039 1153 2116 Quartum
1173 2051 1206 2131 pt

65 2120 264 2195 postrenum,
303 2116 388 2196 quod
419 2117 567 2176 interdum
598 2119 635 2178 de
663 2118 768 2179 iisdem
797 2119 954 2198 loquentes
980 2115 1148 2178 hominihus
1172 2137 1206 2176 ru

67 2213 170 2252 eorum
195 2203 298 2252 tamen
323 2191 495 2252 nominihus
519 2194 642 2272 variant.
679 2193 729 2254 De
747 2198 847 2272 priseo
866 2193 1050 2268 discrimine,
1084 2193 1205 2273 quaudo
1282 2211 1290 2240 ι

67 2269 137 2330 unit
163 2267 349 2329 difficultatis
373 2267 479 2342 hahet,
514 2271 579 2351 plus
604 2270 769 2332 verborum
790 2272 889 2332 lacere
913 2271 952 2332 su'
988 2289 1126 2330 rensuum
1151 2279 1205 2329 est.

65 2345 230 2406 ffldarur
257 2345 372 2425 optima
396 2345 512 2405 ratione
536 2367 599 2407 non
627 2359 724 2408 caret:
743 2368 825 2408 :nam
846 2346 915 2428 quia
966 2354 1016 2408 eus'
1034 2345 1092 2407 sihi
1110 2365 1214 2428 genus·

67 2421 204 2483 Ahrahae
225 2421 498 2504 deleg'erat,·.unde
517 2434 688 2484 nasceretur
706 2425 808 2484 mundi
828 2423 1027 2504 Redemptor,
1056 2433 1087 2482 et
1104 2421 1205 2482 salutis

68 2499 237 2578 promissio-
250 2498 313 2558 illic
338 2499 557 2588 quodammodo
581 2499 692 2564 inclusa
712 2511 886 2579 erat‘usque
907 2500 943 2559 ad
964 2498 1074 2558 Christi
1094 2499 1205 2558 adven-

68 2587 137 2650 tum,
155 2597 223 2636 uon
244 2575 399 2658 egreditur
416 2575 583 2636 Matthaeus
601 2575 676 2634 ultra
697 2575 875 2636 constitutos
894 2595 910 2635 a
929 2575 999 2634 Deo
1018 2573 1102 2633 fines.
1140 2573 1206 2632 Te·

68 2653 195 2714 uenum
220 2663 268 2712 est
292 2653 374 2730 quod
399 2651 471 2711 dicit
489 2650 610 2712 Paulus:
641 2652 792 2714 Christum
812 2673 877 2712 esse
895 2650 1058 2710 ministrum
1079 2649 1205 2708 circum-

68 2729 188 2788 cisionis
209 2731 247 2788 ad
291 2729 475 2788 raestandam
496 2728 628 2803 salutem,
650 2747 725 2818 quae
765 2729 887 2788 comissa
905 2726 1004 2787 luerat
1020 2723 1127 2784 sanetis
1147 2723 1206 2784 Pa-

65 2805 172 2880 tribus,
193 2807 233 2864 ad
282 2825 341 2864 om.
361 2812 409 2878 15,
428 2811 456 2871 8.
496 2805 554 2867 Cui
574 2805 708 2867 conciuit
726 2749 798 2866 ilud
809 2803 920 2866 Christi
933 2803 1053 2878 dictum,
1072 2799 1205 2862 Salutem

65 2901 98 2940 ea
121 2881 245 2942 ludaeis
272 2901 351 2956 esse,
384 2881 504 2941 loannis
523 2889 558 2957 4,
582 2889 629 2947 ‘th
668 2883 745 2942 Eum
765 2883 865 2962 itaque
884 2880 1049 2941 Matthaeus
1070 2880 1101 2938 in
1120 2897 1215 2946 sacro„

64 2957 114 3018 illo
139 2979 258 3041 genere
283 2958 526 3050 conspiciendum
552 2957 712 3040 proponit,
742 2959 790 3019 eui
810 2958 931 3040 proprie
952 2956 1112 3018 destinatus
1133 2966 1206 3016 erat.

64 3035 136 3096 ldco
162 3035 195 3094 in
225 3035 369 3096 Matthaer
394 3034 531 3126 catalogo
558 3036 803 3096 considerandum
830 3046 873 3096 est
887 3033 985 3096 tnohis
1008 3033 1068 3094 Dei
1088 3033 1206 3108 loedus,

64 3109 483 3268 ltt‘fflllllllssrll
500 3110 972 3249 lattlffl'lstlttlltll'
992 3109 1206 3248 illlllllli
1286 3139 1291 3158 '

64 3232 157 3326 atum'
176 3264 325 3344 respexit:
365 3263 495 3345 quamvis
525 3231 684 3339 enim,’ex
710 3285 769 3344 quo
795 3264 901 3326 foedus
923 3285 1012 3324 suurn·
1029 3262 1114 3324 Deus
1139 3285 1205 3325 cum

63 3343 213 3402 hhraham
233 3339 408 3423 pepigerat,
435 3339 625 3422 peculiariter
644 3341 707 3402 eius
725 3341 830 3402 semini
850 3339 1120 3433 promissussuorit
1140 3341 1203 3401 lte-

66 3420 220 3510 demptor,
252 3418 359 3477 scimus
383 3429 482 3478 tamen
506 3417 602 3478 statim
628 3438 644 3478 a
670 3417 757 3500 primi
779 3418 906 3479 homnis
925 3417 1095 3500 deiectione
1115 3417 1206 3480 fnisse

66 3495 209 3556 omnihus
222 3493 432 3568 necessarium,
451 3493 538 3554 sicuti
559 3495 645 3555 etiam
667 3506 738 3554 tune
758 3494 919 3556 destinatus
938 3495 995 3554 luit
1009 3494 1205 3556 totlmundo.

67 3571 226 3633 Caeterum
254 3568 421 3632 admirabili
446 3569 505 3630 Dei
526 3569 653 3630 consilio
674 3571 859 3645 factumest,
888 3581 923 3630 ut
941 3570 1205 3632 ehrtsrnnrnucas

65 3649 150 3709 nohis
169 3649 258 3710 Adae
280 3647 370 3706 filium
391 3668 446 3728 pro
470 3657 593 3721 oneret,
613 3648 742 3707 eundum
762 3666 834 3708 vero
854 3647 1019 3708 Matthaeus
1039 3647 1206 3706 includeret

64 3725 95 3786 in
119 3747 179 3785 una
204 3725 346 3785 Abrahae
371 3669 489 3784 tamilla.
532 3723 615 3784 Nihil
641 3724 720 3784 enirn
745 3723 832 3785 nohis
852 3725 1023 3804 prodesset,
1054 3722 1205 3816 Chriputum

67 3823 126 3862 esse
141 3803 250 3864 datum
271 3801 390 3861 aPatre
409 3800 509 3860 salutis
530 3813 691 3875 auctorem,
711 3800 767 3860 nisi
809 3800 953 3860 romiscue
974 3811 1051 3860 esset
1067 3797 1205 3858 omnihus

67 3879 240 3942 comunis.
279 3877 399 3938 Deinde
419 3897 481 3938 nou
502 3889 579 3968 esset
596 3899 698 3938 verum
718 3821 1129 3968 illuCApostoliKHebr.133
1148 3877 1204 3965 a),

66 3955 366 4096 liwielffi
382 3967 418 4092 :t
434 3954 623 4110 lssl‘mtll
639 3952 1204 4090 {illle“lilillllttlt‘ellt

68 4104 925 4261 Mittrltttttttttt‘fssslttrtt‘ll'lt
939 4105 1204 4241 ttllltltls

69 4261 116 4321 ahs
141 4285 175 4322 re
200 4273 337 4322 vocatur.
382 4259 461 4335 Quia
482 4271 581 4320 tamen
602 4259 633 4318 in
653 4259 711 4319 Dei
732 4259 825 4319 verim
848 4257 1031 4336 quaerendus
1052 4269 1111 4333 est,
1141 4277 1205 4320 non

68 4349 176 4402 umere
198 4359 257 4419 per
275 4337 363 4398 alium
376 4335 594 4420 Evangelistam
605 4335 733 4415 Spiritus
754 4336 791 4395 ad
811 4345 942 4398 sanctum
953 4331 1090 4394 Abrahae
1110 4355 1204 4416 genus
1241 4409 1246 4416 ι

69 4437 119 4481 nos
142 4413 375 4508 recocatfluhi
402 4415 553 4480 thesaurus
578 4407 658 4480 vitae
682 4423 822 4478 aeternae
847 4429 906 4474 una
930 4427 996 4474 erun
1021 4409 1204 4474 Christo'arl
