2778 4838
443 179 537 256 (149..
565 175 614 236 De
634 195 690 237 ore
706 175 849 258 perdita.)
1169 178 1228 244 135

80 333 252 419 diligenter,
286 332 394 400 donec
414 327 577 398 inveniet?
617 333 649 396 9.
678 332 721 398 Et
740 355 838 420 quum
861 328 1036 408 invenerit,
1066 339 1224 396 convocat

79 439 182 502 amicus
202 455 240 501 ae
259 435 390 513 vicinas,
411 433 530 513 dicens,
553 433 704 502 Gaudete
725 456 858 524 meeum,
882 437 958 521 quia
977 435 1089 500 inveni
1109 431 1224 498 drach·
1309 455 1320 480 =

78 561 165 618 marn,
199 559 293 626 quam
316 537 530 624 perdideram.
575 539 624 602 to.
659 538 720 618 lte,
753 537 828 604 dico
850 536 959 616 vobis,
990 535 1141 624 gaudium
1162 537 1223 601 erit

79 663 172 708 coram
192 639 314 726 augelis
336 641 402 706 Dei
422 663 520 729 super
538 663 607 709 uno
628 651 802 730 peccatore
826 643 1048 729 resipiscente.

141 871 243 934 llattb.
267 879 314 938 11.
366 871 458 932 Venit
491 877 567 934 1111111
594 871 692 934 Filius
720 869 850 935 1111111111.
900 875 988 936 Nune
1017 894 1071 934 suo
1094 877 1098 884 ⁴
1123 889 1225 951 noque
1335 935 1339 961 ι

78 969 147 1010 crem
170 949 201 1009 lo
222 949 357 1009 bortatur
377 949 511 1013 Christus
537 951 573 1011 ad
598 951 743 1014 bonorem
769 951 890 1012 infirmis
912 971 1032 1036 quoque
1053 962 1083 1012 et
1101 972 1117 1012 1
1139 948 1227 1032 lectis

77 969 202 1084 iratribus
222 1024 404 1086 babendum:
426 1027 493 1108 quia
513 1049 575 1088 non
596 1028 665 1108 ipsis
679 1030 769 1088 modo
779 1029 943 1108 servandis,
962 1028 1013 1088 sed
1034 1027 1121 1088 etiam
1140 1027 1223 1085 morl

79 1102 135 1172 tuis,
154 1101 202 1181 qui
222 1102 384 1181 perierant,
404 1095 588 1164 descenderit
608 1126 624 1164 e
643 1104 730 1164 coelo
741 1104 853 1164 Redem
877 1116 933 1164 tor.
953 1105 1007 1164 llst
1020 1116 1116 1164 autem
1131 1101 1227 1162 nimis

77 1177 235 1260 iudignum,
256 1178 372 1239 fastidio
393 1191 496 1242 nostro
516 1181 632 1262 respui,
664 1201 739 1261 quos
758 1181 832 1240 tanti
852 1127 924 1244 lecit
941 1182 1000 1242 Dei
1020 1181 1120 1240 Filius.
1157 1180 1226 1240 Nee

77 1275 137 1314 vcro
156 1255 179 1314 si
197 1255 276 1314 vitiis
296 1255 433 1316 laborant
451 1257 575 1332 infirmi,
614 1277 689 1338 quae
709 1264 912 1338 contemptum
937 1257 1052 1339 possint
1070 1257 1229 1328 iuducere,

76 1329 135 1390 idco
154 1331 325 1392 excusabilis
345 1343 389 1392 est
408 1333 497 1394 fastus
518 1345 634 1396 noster:
661 1333 728 1414 quin
748 1354 810 1393 non
830 1355 946 1398 suarum
965 1333 1104 1395 virtutum
1124 1330 1223 1412 pretio

77 1408 241 1468 aestimmdi
257 1419 340 1479 sunt,
352 1410 411 1468 sed
432 1409 671 1492 christigratia,
695 1409 732 1469 ad
753 1409 834 1470 cuius
853 1409 1018 1491 exemplum
1038 1411 1138 1490 quise
1158 1427 1225 1466 non

75 1485 247 1556 conformet,
267 1484 353 1543 nimis
371 1505 506 1548 morosus
527 1499 571 1548 est
590 1508 625 1548 uc
643 1485 795 1566 superbus.
926 1495 928 1502 ’
1030 1497 1037 1508 '
1225 1512 1229 1541 ²

142 1567 188 1626 tt.
231 1559 313 1642 Quid
334 1559 412 1622 uobis
435 1560 565 1624 1111111112
613 1561 707 1624 Lucas
737 1563 924 1626 occasionem
952 1563 1038 1624 buius
1063 1559 1229 1642 parabolae,

75 1635 149 1696 altius
167 1638 288 1716 repetit,
309 1639 389 1716 quod
408 1639 522 1700 scilicet
541 1637 749 1719 obstreperent
767 1639 899 1701 Domino
919 1640 1042 1700 Scribas
1069 1649 1099 1698 et
1118 1633 1223 1696 Pliari-

75 1713 141 1788 saei,
159 1733 245 1792 quem
265 1713 406 1800 videbant
424 1715 557 1795 quotidie
576 1717 688 1776 versari
706 1737 772 1777 cum
791 1715 1006 1796 peecatoribus.
1026 1714 1130 1775 Voluit
1149 1731 1225 1794 ergo

76 1791 220 1850 ostendere
243 1789 392 1866 Christro,
423 1790 517 1863 bonov
533 1793 650 1854 doctmi
669 1813 732 1853 non
751 1793 847 1854 minus
867 1814 929 1856 esse
949 1792 1159 1864 laborandum,
1190 1799 1224 1852 ut

93 1886 141 1925 uae
160 1867 274 1946 perdita
293 1879 362 1926 sunt
379 1879 546 1949 recuperet,
587 1891 652 1930 uam
672 1880 705 1928 ut
723 1881 881 1932 conservet
895 1891 969 1961 quae
981 1867 1112 1931 suntsub
1124 1887 1224 1926 manu.

75 1883 251 2032 bonoquam·
264 1943 340 2022 apud
353 1943 532 2005 blatthaeum
546 1892 623 2006 ultra
644 1947 835 2038 progreditur
853 1946 1025 2022 similitudo,
1045 1965 1151 2024 nempe
1161 1960 1225 2001 uon

74 2027 176 2078 uotum
194 2039 288 2079 amice
309 2021 453 2081 fovendos
473 2043 535 2082 esse
557 2022 668 2082 Christi
687 2024 856 2104 discipulos,
874 2025 925 2084 sed
946 2022 1100 2084 toleranda
1119 2036 1224 2079 corum

75 2094 150 2170 vitia,
169 2109 202 2155 ut
219 2097 386 2158 studeamus
406 2110 537 2160 errantes
556 2099 588 2160 in
607 2100 683 2160 viam
702 2101 855 2163 reducere.
921 2100 958 2160 tsi
977 2099 1056 2159 enim
1077 2093 1228 2176 contingit

75 2169 210 2232 interdum
233 2172 312 2251 ipsos
332 2172 443 2264 vagari,
464 2175 531 2253 quia
551 2186 649 2234 tamen
671 2195 741 2237 oves
761 2187 839 2248 suut,
860 2176 908 2258 qui
932 2175 1056 2234 usDeus
1075 2183 1226 2253 pastorem

75 2267 147 2306 suum
167 2249 276 2308 Filium
292 2249 447 2326 praeterit,
468 2270 515 2308 eas
537 2269 571 2308 ex
590 2249 773 2328 dispersione
794 2251 937 2331 colligere
958 2270 975 2309 o
1000 2258 1091 2308 ortet:
1111 2257 1226 2306 tanturn

76 2322 157 2400 abest,
176 2338 210 2385 ut
224 2345 273 2383 eas
284 2323 483 2383 inhumaniter
502 2325 605 2407 lugere
625 2325 672 2385 rel
693 2325 816 2407 abigere
836 2326 932 2386 liceat.
1003 2346 1037 2384 uc
1057 2324 1137 2383 enim
1156 2342 1226 2401 spr-

76 2411 128 2460 ctat
145 2401 255 2474 oratio,
275 2400 437 2460 cavendum
457 2420 531 2475 esse,
551 2421 588 2460 ne
600 2403 755 2480 perdamus
769 2402 941 2479 quodDeus
956 2402 1066 2462 salvum
1081 2419 1143 2460 esse
1153 2397 1227 2462 vult.

74 2473 159 2538 Paulo
179 2477 327 2538 diversum
346 2475 434 2536 finem
453 2488 567 2556 spectet
586 2479 668 2556 quod
687 2477 815 2539 refertur
832 2479 954 2537 abuca:
976 2475 1043 2557 quia
1062 2487 1157 2534 totum
1170 2475 1227 2533 bu·

75 2571 182 2613 manum
202 2569 298 2636 genus
316 2551 376 2612 Dei
396 2563 450 2626 est,
470 2553 654 2644 colligendos
676 2573 737 2614 esse
759 2553 808 2632 qui
821 2551 939 2614 alienati
950 2563 1028 2626 sunt,
1048 2571 1082 2610 ac
1101 2549 1226 2630 perinde

75 2631 254 2707 gaudendum
275 2648 353 2705 esse,
377 2628 447 2688 dum
467 2630 575 2708 perditi
594 2631 632 2688 ud
651 2631 760 2688 bonam
780 2631 895 2711 frugem
916 2629 1057 2703 redeunt,
1081 2627 1140 2687 acsi
1161 2625 1227 2705 quis

75 2719 185 2786 praeter
203 2725 287 2786 spem
307 2717 481 2786 recuperet,
506 2706 587 2785 quod
607 2705 743 2766 amissum
763 2727 825 2770 esse
845 2704 949 2768 doluit

142 2785 213 2844 Luc.
235 2789 281 2848 10.
323 2779 471 2842 Gaudium
493 2785 665 2844 1111111111
683 2782 803 2860 angelis.
852 2783 886 2842 Si
905 2777 1004 2865 angeli
1023 2777 1080 2839 sibi
1099 2775 1226 2838 invicem

75 2854 204 2920 tuendo
227 2859 422 2940 gratulantur,
442 2857 510 2918 dnm
522 2861 625 2920 vident
639 2859 753 2920 restitui
772 2861 805 2919 in
825 2871 946 2944 gregem
966 2877 1048 2918 suurn
1068 2853 1149 2992 <pund
1169 2852 1229 2914 dit-

75 2935 199 3010 duxeras,
219 2956 274 2996 nos
293 2935 391 3011 etiarn,
411 2936 516 3016 quibus
536 2936 699 2998 eommunis
718 2949 749 2996 et
767 2957 821 3017 par
841 2948 992 3007 estoeusa,
1012 2933 1073 2994 eius
1096 2949 1227 3012 111311-

76 3011 113 3071 dii
130 3013 226 3072 socios
246 3032 308 3074 esse
329 3013 424 3073 decet.
455 3012 515 3074 Sed
526 3013 679 3092 quomodo
699 3013 784 3074 unius
804 3013 889 3094 impii
908 3011 1036 3072 bominis
1053 3007 1228 3100 resipiscen-

74 3086 110 3145 tia
128 3089 221 3172 magis
241 3110 328 3167 quarn
347 3089 507 3148 multorum
526 3090 671 3152 iustorum
691 3087 909 3170 perseverantia
934 3088 1063 3172 gaudere
1082 3085 1153 3145 dreit
1173 3104 1228 3144 an-

75 3163 164 3242 gelos,
184 3166 260 3245 qt'ros
272 3163 346 3224 nibil
356 3165 448 3247 magis
459 3163 588 3228 delectat
597 3187 684 3245 quam
695 3167 851 3227 continuus
871 3177 901 3225 et
920 3162 1082 3246 aequabilis
1101 3161 1229 3220 iustitiae

74 3241 176 3304 tenor?
216 3242 408 3321 Respondeo,
432 3243 563 3322 quamvis
581 3243 754 3323 angelorum
773 3243 849 3306 rotis
867 3243 962 3334 magis
980 3249 1163 3322 congrueret
1180 3237 1230 3316 (ut

76 3315 158 3376 etiarn
175 3317 270 3400 magis
289 3318 419 3398 optabile
440 3321 509 3396 est),
528 3319 664 3378 homines
675 3317 707 3377 in
723 3340 797 3399 pura
816 3319 986 3411 integritate
1005 3336 1122 3396 semper
1140 3327 1230 3388 stare,

77 3391 140 3470 quia
158 3401 258 3454 tamen
276 3395 308 3452 in
321 3395 486 3474 peccatoris
500 3394 687 3468 liberatione,
707 3395 757 3476 qui
777 3395 834 3454 iarn
854 3396 943 3456 exutio
963 3395 1084 3454 devotus
1105 3402 1179 3462 erat,
1199 3397 1230 3478 et

78 3469 153 3546 quasi
172 3469 322 3550 putridum
341 3469 506 3530 membrum
525 3491 541 3530 a
562 3491 689 3550 corpore
715 3471 876 3548 exciderat,
905 3470 997 3552 magis
1021 3466 1152 3547 refulget
1168 3465 1230 3523 Der

76 3544 283 3618 misericordia,
301 3545 414 3630 angelis
434 3547 563 3607 humano
582 3566 666 3606 more
686 3568 719 3608 ex
729 3548 879 3630 insperato
890 3547 973 3606 bono
987 3540 1229 3624 maiusgaudiurn

78 3621 213 3684 attribuit.
252 3623 351 3682 Porro
374 3643 484 3683 nomen
507 3627 700 3700 poeniuntiae
723 3622 890 3704 specialiter
912 3622 950 3683 dd
976 3641 1078 3684 eorum
1103 3635 1230 3677 conver-

78 3695 186 3758 sionem
204 3698 409 3782 restringitur,
481 3699 626 3780 ipenitus
647 3719 663 3759 1
682 3699 749 3760 Deo
769 3698 862 3760 aversi
882 3697 963 3792 quasi
982 3719 998 3758 a
1018 3704 1113 3756 morte
1132 3692 1165 3750 in
1184 3689 1229 3752 vl·
1329 3694 1353 3770 s

75 3781 133 3833 tarn
152 3786 318 3858 resurgunt.
343 3777 419 3836 Nam
438 3721 549 3856 1111111
568 3774 708 3838 contiuua
727 3777 760 3837 in
772 3788 865 3836 totam
875 3788 964 3834 vitam
978 3791 1039 3834 esse
1055 3767 1145 3828 debet
1154 3787 1230 3850 poe-

79 3848 388 3927 nitentiaemeditatio,
408 3873 463 3912 nec
481 3851 633 3944 quisquam
653 3852 689 3912 ab
709 3853 764 3916 bae
783 3851 955 3912 necessitate
977 3847 1120 3919 eximitur,
1140 3861 1231 3924 quum

80 3923 207 4008 singulos
230 3949 281 3989 sua
299 3929 370 3990 vitia
390 3929 426 3989 ad
447 3929 647 4008 quotidianum
673 3931 839 4010 proiectum
862 3926 1032 3988 sollicitent
1071 3921 1131 3981 Sed
1151 3917 1232 4012 aliud

81 4011 123 4060 est
140 4003 218 4066 inter
238 4005 435 4081 offendicula,
452 4004 499 4068 vel
518 4003 631 4086 lapsus,
648 4004 696 4066 vel
715 4005 931 4078 aberrationes,
961 4003 1000 4064 ad
1019 4009 1126 4060 metam
1148 4008 1232 4074 enrtr,

81 4077 131 4136 nbi
150 4079 206 4141 iam
226 4093 339 4142 recum
359 4103 474 4143 11111111
494 4081 642 4164 ingressus
661 4081 713 4142 sis:
733 4083 812 4142 aliud
832 4091 944 4152 autem,
964 4079 1000 4138 ab
1022 4093 1123 4140 errore
1142 4093 1232 4158 pror-

83 4173 127 4213 sus
146 4154 230 4220 devio
250 4179 281 4220 se
300 4159 446 4250 recipere,
464 4157 512 4218 vel
531 4171 644 4220 rectum
665 4154 986 4219 cursumacarceribus
994 4155 1143 4216 inchoare.
1163 4149 1233 4212 Tali

83 4233 264 4320 ppeniteotia
283 4255 344 4298 non
364 4236 510 4319 indigent,
529 4235 579 4314 qui
597 4236 655 4298 iam
675 4245 840 4316 coeperunt
858 4233 894 4292 ad
913 4232 1045 4316 regulum
1061 4227 1231 4318 1111111111-

85 4323 128 4386 gu
146 4309 232 4370 111111
251 4332 332 4374 suam
352 4311 491 4390 formare,
509 4323 544 4374 ut
561 4323 661 4374 sancte
681 4311 791 4394 pieque
808 4309 907 4374 rivere
926 4309 1084 4392 incipiant,
1103 4322 1232 4390 quamue
