2766 4840
471 261 602 314 cnnrsrr
622 263 807 312 varronem.
1160 261 1218 324 299

62 395 116 456 cile
134 398 173 458 sit
192 396 341 460 audaciam
361 416 504 474 crescere,
524 399 575 460 ubi
594 401 659 480 quis
678 402 768 467 semel
787 401 874 464 freno
894 422 1012 466 excusso
1031 408 1068 470 ad
1084 427 1212 488 peccan-
1316 397 1319 406 ’

60 473 124 534 dum
143 495 175 556 se
194 475 330 555 proiecit
368 477 476 614 Neque
498 477 575 538 enirn
594 497 710 539 servum
730 479 821 539 modo
840 479 954 541 inducit
967 481 1099 544 Christus
1119 486 1213 548 disso-

60 549 200 612 lutumet
218 572 361 632 nequam,
385 573 417 614 se
463 553 514 634 qui
537 555 751 616 contumaciter
769 555 892 638 insurgit
912 557 949 618 ad
967 558 1145 622 turbandam
1163 575 1212 623 to-

59 637 114 686 tam
135 628 270 703 domum,
294 641 325 689 et
342 639 490 709 potestate
508 629 563 692 sibi
583 650 721 692 concessa
741 643 879 713 proterve
898 632 1044 712 abutitur,
1063 638 1214 700 saevitiam

60 715 173 766 exercet
195 705 228 765 in
252 725 428 782 conservos,
458 707 603 770 luxuriose
629 709 749 788 dissipat
773 707 837 769 beri
860 711 906 772 sui
932 709 1028 788 bona,
1056 733 1118 774 non
1148 716 1212 777 sine

59 779 117 842 eius
138 779 278 844 ludibrio.
316 783 444 845 Additur
463 784 549 844 etiarn
570 805 667 866 poena
686 786 723 847 ad
741 795 897 861 terrorem,
917 797 948 850 et
967 807 1001 848 ea
1017 790 1133 868 quidem
1147 813 1212 854 non

57 857 195 994 vulgaris:
224 859 292 940 quia
315 857 429 921 scilicet
453 861 618 944 graviorem
643 881 769 943 poenam
788 875 920 924 meretur
937 875 997 924 tam
1016 865 1136 930 effrenis
1155 869 1212 932 im-

78 955 110 996 ro
133 945 197 996 rus.

58 954 75 1013 p
126 1011 199 1072 Luc.
219 1017 266 1080 47.
304 1012 364 1074 lile
381 1029 475 1075 marm
491 999 598 1076 mani
637 1015 715 1077 Huic
736 1017 984 1093 circumstantiae,
999 1039 1086 1110 quae
1107 1041 1124 1081 a
1143 1021 1210 1084 solo

54 1087 130 1149 buca
157 1087 346 1168 exprimitur,
369 1091 494 1152 multum
512 1091 612 1153 robert
631 1091 786 1172 ponderis,
811 1092 892 1173 quod
915 1102 949 1152 ut
972 1115 1096 1186 quisque
1114 1098 1212 1160 sciens

54 1185 86 1224 ac
104 1165 208 1226 volens
227 1165 258 1225 io
277 1166 401 1228 Domini
421 1178 622 1248 contemptum
642 1167 815 1250 prosilierit,
840 1168 882 1229 ita
895 1183 1045 1252 graviore
1064 1173 1210 1253 supplicio

53 1241 157 1322 dignus
177 1253 230 1302 est.
270 1241 462 1324 Comparatio
483 1244 561 1304 enirn
579 1246 716 1306 statuitur
734 1245 852 1306 maioris
870 1256 902 1306 et
918 1247 1055 1323 minoris,
1081 1249 1113 1308 io
1132 1250 1210 1310 bunc

53 1317 155 1394 inem,
186 1318 220 1378 si
249 1338 365 1396 servus,
396 1321 446 1401 qui
476 1320 514 1380 im
538 1321 671 1384 rudentis
700 1318 823 1396 labitur,
851 1342 979 1402 poenam
1004 1343 1067 1384 non
1092 1324 1154 1386 eliu
1177 1327 1211 1401 it,

50 1395 118 1472 quid
147 1395 200 1486 liet
223 1415 362 1476 perverso
387 1409 418 1458 et
442 1341 563 1474 rebelli,
590 1399 639 1480 qui
664 1397 746 1460 velut
770 1399 837 1459 data
864 1417 956 1478 opera
980 1347 1176 1480 imperiumd

49 1471 118 1530 mini
142 1493 189 1532 sur
213 1472 385 1535 conculcat?
416 1474 592 1534 Tenendum
617 1487 714 1536 autern
738 1474 880 1536 memoria
906 1487 966 1552 est,
992 1475 1042 1555 qui
1060 1478 1210 1560 regendae

49 1547 198 1610 Ecclesiae
239 1548 361 1610 raefecti
380 1563 462 1625 sunt,
487 1571 539 1612 eos
558 1571 620 1612 non
640 1550 807 1634 ignorantia
826 1571 966 1630 peecare,
985 1552 1042 1612 sed
1093 1567 1210 1634 erverae

48 1635 77 1684 et
101 1624 194 1718 impie
218 1571 356 1688 irandare
375 1626 538 1714 Ilpminum
558 1649 650 1689 suum.
688 1627 768 1688 Hinc
787 1639 885 1688 tamen
905 1627 1052 1710 generalis
1071 1575 1209 1692 doctrina

47 1701 148 1786 collige
168 1701 268 1775 debet,
287 1703 394 1764 frustra
413 1704 450 1764 ad
469 1704 479 1763 i
502 1705 655 1765 norantiae
675 1704 871 1796 patrocinium
889 1703 1051 1787 confugere
1065 1707 1209 1784 homines,

47 1788 79 1837 ut
97 1799 129 1840 se
151 1799 167 1838 a
187 1791 270 1840 reatu
290 1778 428 1841 liberent
495 1801 540 1840 am
561 1780 586 1840 si
605 1781 663 1841 boc
682 1779 752 1840 rucis
771 1781 829 1841 sibi
848 1780 977 1842 vindicat
995 1782 1124 1844 mortalis
1150 1785 1208 1844 bo-

46 1873 105 1931 mo,
124 1865 160 1916 ut
179 1857 216 1917 de
235 1877 287 1918 sua
305 1856 458 1918 voluntate
477 1877 578 1918 servos
596 1857 668 1918 velit
686 1857 855 1950 inquirere,
881 1878 919 1918 ne
939 1859 1010 1938 quid
1028 1871 1141 1922 temere
1159 1859 1208 1922 vel

45 1932 170 1993 conluse
191 1933 270 1993 dorni
290 1947 422 2014 geratur:
443 1945 554 2015 quanto
571 1935 667 1996 maior
677 1935 702 1994 F
704 1935 756 1994 ilro
766 1934 826 1994 Dei
844 1933 969 1995 debetur
988 1938 1156 2012 auctoritas,
1176 1949 1210 1996 ut

45 2007 215 2090 quicunque
235 2009 278 2070 illi
297 2009 478 2086 ministrant,
502 2011 628 2072 sollicite
648 2010 749 2072 doceri
768 2011 888 2092 cupiant
907 2011 944 2072 de
964 2011 1025 2073 eius
1044 2014 1209 2076 mandatis?

44 2103 104 2145 non
122 2099 322 2178 prorumpant
338 2107 393 2148 suo
413 2087 537 2148 arbitrio
557 2088 593 2147 ad
612 2089 737 2149 incertas
757 2107 880 2167 operas,
904 2087 956 2148 sed
982 2089 1038 2149 toti
1057 2091 1208 2168 pendeant

43 2161 79 2222 ab
101 2182 166 2224 erus
185 2163 277 2224 nutu?
296 2163 467 2242 praesertim
488 2185 577 2242 quum
596 2164 684 2224 nobis
702 2164 888 2246 praeceperit
928 2163 977 2222 uid
995 2165 1142 2246 agendum
1159 2187 1206 2225 es-

42 2251 168 2332 set,·ac
195 2237 326 2320 benigne
350 2238 523 2330 rogantibus
550 2259 666 2318 semper
683 2239 871 2372 pespundeat.
907 2183 1033 2298 Certum
1054 2250 1098 2300 est
1116 2240 1205 2330 igno-

44 2327 173 2375 rantram
192 2325 321 2386 nostram
341 2335 463 2395 supinae
483 2333 654 2394 crassaeque
674 2335 734 2394 neg
747 2325 875 2394 rgentrae
894 2334 1010 2394 semper
1030 2335 1092 2375 esse
1111 2337 1206 2377 comr-

43 2403 117 2451 tem.
155 2391 276 2450 Frustra
295 2389 414 2469 quidem
434 2391 492 2450 boc
512 2390 621 2470 asylum
642 2391 752 2471 captari
771 2389 915 2461 videmus,
934 2390 985 2472 qui
1005 2393 1137 2452 nesciens
1157 2412 1206 2454 er-
1238 2459 1246 2470 ¹

37 2467 137 2540 ravit,
169 2464 255 2546 culpa
280 2485 399 2526 vacare:
434 2486 522 2545 quum
548 2487 582 2526 ex
607 2466 730 2526 adverso
754 2465 928 2545 pronuntiet
952 2467 1087 2536 coelestis
1110 2469 1208 2544 iudea,

38 2541 176 2623 quamvis
199 2542 273 2602 tales
297 2541 394 2622 lapsus
419 2540 514 2602 levior
538 2542 691 2624 castigatio
716 2553 849 2616 maneat,
875 2561 938 2601 non
964 2555 1062 2602 tamen
1088 2565 1207 2625 prorsus

38 2618 206 2700 impunitos
225 2618 300 2679 lore.
340 2619 401 2679 lam
427 2640 498 2679 vero
524 2620 548 2678 si
575 2639 614 2680 ne
633 2617 801 2710 ignorantia
821 2617 939 2698 quidem
959 2631 1092 2694 excusat,
1120 2640 1206 2699 quam

38 2693 195 2756 horribilis
221 2695 350 2755 vindicta
370 2696 506 2756 consulto
526 2695 716 2776 peccantibus
735 2693 902 2815 impendet,
928 2694 978 2775 qui
1002 2709 1107 2756 contra
1132 2717 1206 2757 con-

37 2772 195 2834 scientiam
217 2771 328 2832 iuriose
347 2783 465 2834 ruentes
485 2773 583 2832 Deum
603 2784 782 2853 provocant.
815 2771 917 2845 Quare
941 2783 975 2831 ut
1000 2771 1106 2852 cuique
1132 2770 1206 2832 ube-

37 2848 106 2910 rior
115 2847 250 2909 doctrina
262 2848 432 2930 contigerit,
451 2847 492 2909 ita
511 2849 596 2909 simul
615 2860 739 2931 augetur
759 2867 875 2929 poenae
895 2847 1026 2922 materia,
1046 2849 1101 2908 nisi
1115 2847 1205 2908 tioci-

38 2924 107 2986 litas
129 2937 160 2986 et
179 2924 353 3005 obsequium
372 2925 523 2986 accedant
562 2925 678 2986 Undea
700 2937 796 3020 paret,
816 2945 901 3015 quam
922 2925 1022 3004 putida
1043 2925 1080 2985 sit
1101 2937 1132 2985 et
1150 2924 1204 2985 fri-

38 3001 110 3062 rola
131 3021 234 3062 eorum
253 3002 470 3082 tergiversatio,
489 3003 539 3083 qui
559 3001 666 3063 claram
680 2947 768 3062 bean
791 3000 839 3061 elri
860 3001 1024 3061 doctrinam
1045 3002 1134 3063 hodie
1154 3021 1203 3062 re-

37 3089 192 3157 spuentes,
211 3075 263 3138 tali
304 3079 445 3140 ereicacia
465 3090 581 3160 patrum
600 3079 743 3139 inscitiam
765 3099 783 3136 o
808 3077 946 3136 tendunt:
974 3078 1056 3157 quasi
1077 3099 1147 3138 vero
1168 3079 1206 3138 ad

36 3151 246 3236 repellendum
297 3156 325 3215 ei
349 3155 487 3216 iudicium
511 3155 637 3216 sufficiat
659 3155 668 3214 i
692 3155 846 3235 norantiae
871 3153 999 3234 clypeus.
1045 3153 1206 3214 Caeterum
1265 3183 1269 3200 ·

36 3241 70 3289 ut
97 3229 259 3292 errantium
285 3231 401 3292 delictis
427 3245 579 3312 parcatur,
603 3251 656 3292 ean
680 3252 725 3290 ern
751 3230 865 3290 veniam
885 3242 993 3308 sponte
1012 3231 1205 3310 peccantibus

36 3307 185 3443 ¹copcpdi,
203 3305 324 3398 minime
343 3329 469 3390 aequum
489 3321 548 3383 est,
567 3308 686 3389 quando
706 3308 841 3370 adversus
860 3306 958 3368 Deum
979 3307 1121 3368 destinata
1141 3329 1204 3368 ma-

50 3395 103 3443 rua
138 3395 282 3444 eruerunt.

116 3464 165 3524 ts.
259 3463 376 3540 'cunque
397 3461 527 3528 ιιιιῖιιιιιι.
574 3461 674 3522 Altera
702 3460 917 3520 circumstantia
943 3461 1033 3520 docet
1059 3459 1205 3532 Christus,

59 3536 157 3596 ravim
184 3555 203 3616 p
235 3538 358 3598 utendos
384 3557 447 3598 esse
472 3537 630 3617 discipulos
655 3535 841 3610 selectiores,
871 3537 894 3596 si
923 3548 1022 3615 spreta
1046 3534 1204 3595 vocatione

36 3555 200 3674 libidinose
220 3613 257 3674 ad
277 3633 394 3675 ornnem
415 3614 563 3676 licentiam
582 3634 613 3673 se
633 3612 825 3693 prostituant:
846 3613 913 3690 quia
928 3611 1095 3690 utquisque
1118 3630 1204 3698 prae-

36 3689 168 3749 stantior
186 3700 240 3765 est,
259 3689 299 3750 ita
320 3689 384 3826 plus
404 3688 460 3751 sibi
480 3691 664 3751 commissum
685 3687 817 3770 cogitare
836 3688 935 3762 debet,
955 3692 1044 3778 atque
1062 3687 1116 3745 hac
1137 3707 1202 3766 qur-

36 3765 108 3826 dem
134 3765 202 3848 lege
227 3776 261 3826 ut
285 3785 318 3826 re
341 3767 436 3827 denda
459 3769 497 3828 sit
523 3767 594 3827 olim
617 3763 704 3825 ratio.
745 3763 847 3838 Quare
870 3775 904 3822 ut
929 3781 1051 3843 quisque
1071 3773 1205 3821 nostrum

37 3841 202 3902 maioribus
222 3841 307 3904 donia
327 3843 457 3916 excellit,
476 3843 532 3904 nisi
551 3855 602 3903 tan
644 3861 691 3902 am
709 3859 781 3920 ager
800 3840 905 3900 maiori
923 3839 1055 3918 impensa
1075 3837 1205 3897 excultus

36 3928 217 3998 proventum
237 3917 408 3980 uberiorem
417 3918 550 3980 Domino
570 3941 586 3978 a
614 3928 692 3990 erat,
712 3937 820 4052 magno
840 3915 884 3974 illi
905 3913 1052 3976 constabit
1071 3913 1117 3976 vel
1136 3914 1205 3972 inu-

34 3993 134 4055 tiliter
151 4016 205 4074 sup
228 4017 324 4056 ressae
344 3995 456 4078 gratim
476 3994 523 4054 vel
543 3995 716 4076 profanatae
737 4013 755 4066 a
776 4015 850 4052 usus.

114 4077 163 4136 49.
329 4076 393 4134 vetti
417 4074 555 4131 munerata
579 4075 612 4130 ias
637 4084 754 4130 imum.
805 4070 847 4126 Ex
882 4068 934 4126 bac.
965 4065 1091 4125 clausula
1117 4066 1203 4127 facilc

33 4140 211 4222 coniicitur,
237 4149 315 4210 bunc
342 4170 433 4209 unum
454 4168 487 4208 ea
508 4147 662 4229 postremis
683 4144 794 4206 Christi
813 4142 998 4203 sermonibus
1019 4141 1122 4218 fuisse,
1147 4164 1203 4202 nec

34 4243 93 4282 suo
119 4233 255 4305 ternpore
280 4225 397 4286 aLuca
416 4225 505 4286 fuisse
526 4235 682 4284 narratum.
723 4219 833 4280 Sensus
858 4231 954 4280 autem
979 4231 1038 4292 est,
1062 4241 1204 4280 summam

35 4298 143 4359 mundi
163 4301 419 4382 perturbationem
440 4301 588 4362 advectam
610 4319 673 4360 esse
695 4321 710 4358 a
732 4293 868 4368 Christo,
893 4297 951 4354 acsi
971 4295 1086 4354 coelum
1107 4307 1204 4355 terrac

33 4375 162 4437 miscere
182 4377 280 4438 vellet
318 4379 393 4438 Nam
412 4377 614 4458 metaphorice
634 4372 827 4454 Evangelium
853 4373 916 4456 igni
942 4371 1111 4446 confertur,
1136 4375 1203 4451 quia

63 4475 160 4522 curren
172 4489 256 4525 ωιι.
271 4479 295 4523 ιι
308 4477 389 4526 nam.
403 4479 448 4528 nv.
463 4479 516 4527 en.
532 4479 564 4528 n.
964 4457 1003 4516 19
1037 4449 1046 4468 “
