2766 4834
128 219 129 222 ¹
193 253 233 320 cz
371 231 525 308 sueno
546 241 603 304 nt
642 243 720 306 lusu
739 253 892 310 carmes
913 251 957 304 er
975 202 1151 318 turiurum

195 399 307 473 cimus,
334 394 392 459 nisi
418 409 449 460 et
472 395 560 458 fidem
584 407 616 457 et
638 395 766 468 studium
790 395 928 458 laudandi
952 393 1012 467 nst
1038 395 1070 454 in
1089 392 1177 458 nobis
1196 395 1356 468 accendit

194 475 352 550 canticum,
371 475 452 555 quod
472 493 532 534 uno
555 484 702 536 concentu
721 471 865 535 modulati
884 483 953 534 sunt
971 471 1091 610 hnqeli
1111 483 1144 530 ut
1161 471 1257 532 rerba
1281 493 1353 534 no-

195 554 241 616 his
264 551 423 634 praeirent.
461 549 565 626 Adde,
594 550 675 631 quod
701 550 767 622 boc¹
784 549 919 612 coelestis
939 548 1018 610 melo
1041 548 1088 610 iae
1107 547 1243 628 exemplo
1267 548 1353 609 fidei

194 629 337 702 unitatem
363 627 570 694 commendare
593 625 681 687 nobis
705 626 801 686 voluit
824 626 986 704 Dominus,
1024 623 1115 698 etad
1142 623 1244 686 laudes
1272 647 1355 686 suas

144 755 152 766 .
195 725 342 770 consensu
360 724 422 763 uno
441 704 472 764 in
491 714 571 764 terra
591 705 736 764 canendas
755 701 877 762 hhruri.
1022 711 1026 720 “

272 785 319 848 14.
343 777 450 840 Gloria
468 783 501 840 irs
518 780 673 843 altissimis.
700 779 853 859 Incipiunt
870 777 980 872 Angeli
1000 797 1016 838 a
1036 776 1196 860 gratiarum
1215 777 1354 840 actione

194 857 242 922 rel
262 877 279 918 a
298 855 357 916 Dei
377 855 522 932 laudibus,
542 857 610 948 quia
630 868 662 918 ct
680 855 832 936 Scriptura
851 877 956 937 passum
977 854 1007 914 in
1029 855 1107 918 hune
1126 853 1216 916 finem
1237 875 1346 916 nossa

194 944 292 1004 morte
316 931 486 1014 redemptos
511 932 600 994 frume
626 933 781 1008 admonet,
811 943 928 994 uttam
953 931 1052 1068 liugpa
1079 952 1166 1022 quam
1191 930 1366 1011 operibus,

194 1021 326 1078 nostram
351 1009 546 1092 ergaDeum
569 1009 779 1092 gratitudinem
803 1017 953 1070 testemur.
1029 1008 1232 1070 lemruerimus
1260 1029 1349 1090 ergo

195 1085 314 1146 finalem
340 1081 415 1146 hue
440 1085 529 1154 luisse
555 1106 671 1148 caruem
716 1105 768 1147 cur
791 1086 873 1147 Deus
896 1106 952 1146 nos
973 1084 1033 1154 sibi
1053 1085 1264 1147 reconciliaret
1283 1107 1351 1164 per

200 1161 311 1224 Filium
330 1161 527 1253 unigenitum,
546 1173 580 1222 ut
598 1129 751 1243 patelactis
771 1161 971 1246 gratiaesuae
990 1173 1022 1222 ct
1039 1159 1199 1222 immensae
1217 1161 1347 1222 miseri-

146 1283 154 1304 κ
196 1238 316 1302 cordiae
336 1237 444 1300 divitiis
464 1237 624 1301 illustraret
641 1259 752 1300 nomeu
772 1260 865 1302 suum.
897 1239 938 1300 Et
955 1237 1045 1300 hodie
1059 1248 1199 1317 quantum
1230 1239 1348 1318 uisque

180 1327 331 1378 'neruum
356 1313 502 1376 animatur
522 1335 556 1376 ex
575 1315 694 1409 gratiae*
707 1315 815 1376 notitia
834 1317 871 1377 ad
891 1314 1100 1376 celebrandam
1118 1313 1177 1374 Dei
1197 1258 1347 1396 glorians,

194 1402 312 1454 tantum
334 1390 365 1451 iu
390 1389 448 1452 lide
474 1391 589 1455 chriso
611 1391 750 1473 proiecit.
802 1391 867 1452 Irno
895 1393 1011 1472 quoties
1036 1391 1071 1451 fir
1093 1391 1207 1450 mentio
1231 1390 1343 1452 salutis

195 1479 327 1546 nostrae,
345 1467 497 1528 selendum
518 1478 573 1559 est,
591 1489 647 1528 nos
668 1467 750 1550 quasi
770 1469 841 1530 dato
860 1467 947 1604 siqpe
968 1469 1004 1529 ad
1016 1468 1175 1550 gratiarum
1186 1467 1344 1527 actionem

197 1556 230 1606 et
253 1544 312 1606 Dei
337 1542 437 1606 laudes
457 1543 583 1606 incitam.
621 1543 661 1604 Io
680 1559 760 1606 terra
772 1567 851 1622 pax.
921 1565 972 1606 acc
992 1545 1083 1626 magis
1103 1555 1223 1624 recepta
1243 1543 1343 1607 lectio

197 1633 253 1697 est,
272 1632 307 1684 ut
325 1619 433 1680 deiude
451 1632 592 1700 sequatur
610 1621 729 1682 tertium
748 1622 922 1695 membrum,
943 1622 979 1682 In
998 1619 1166 1682 hominibus
1186 1618 1266 1680 bona
1279 1641 1343 1680 ro-

195 1697 302 1761 tuntas
347 1694 526 1776 Quanquam
550 1707 649 1758 autem
669 1709 705 1758 ct
729 1719 869 1758 summam
894 1697 939 1758 rei
960 1718 1025 1758 non
1052 1697 1175 1758 multum
1199 1697 1343 1773 interest,

183 1771 337 1842 ¹utrruuvis
355 1770 437 1854 legas
466 1772 584 1834 videtur
601 1785 700 1834 tamen
721 1775 850 1836 diversus
869 1785 1021 1836 contextus
1040 1773 1143 1834 melius
1156 1793 1342 1854 congruere,

219 1849 267 1912 uia
285 1847 412 1910 minime
427 1815 547 1910 dubium
568 1861 622 1926 est,
642 1850 714 1930 quin
734 1853 794 1914 duo
812 1852 886 1912 haec
905 1849 1037 1912 membra
1057 1850 1139 1912 inter
1156 1869 1193 1914 se,
1206 1871 1340 1929 respon-

197 1871 305 2002 deant,
333 1923 491 2010 Gloriatn
511 1923 656 1988 altissimis
674 1927 744 1989 Deo
790 1940 821 1991 et
839 1929 871 1988 in
889 1940 969 1988 terra
988 1947 1052 2008 pan.
1089 1925 1182 2021 Atqui
1200 1925 1256 1986 nisi
1277 1926 1342 1986 ho-

196 2003 292 2064 mines
308 2000 378 2072 Deo
398 2021 549 2084 opponas,
568 2023 631 2063 non
651 1971 801 2066 constabit
839 2003 906 2066 lena
927 2003 1089 2064 antithesis.
1127 2001 1219 2064 torte
1238 2001 1341 2062 inter-

197 2091 297 2218 pretes
317 2075 427 2138 sclellit
444 2079 626 2169 praepositio
646 2079 687 2158 ὲιζ
708 2081 776 2161 quia
796 2027 938 2147 obscurus
959 2093 1023 2141 erat
1040 2079 1200 2158 verborum
1220 2099 1339 2156 sensus,

218 2157 299 2217 icere
324 2154 356 2214 in
380 2153 549 2219 hominibus
575 2177 637 2218 esse
661 2175 774 2237 pacern.
834 2159 895 2219 Sed
920 2179 1008 2237 quum
1034 2155 1132 2216 multis
1162 2155 1341 2236 Scripturae

198 2233 273 2304 locis
292 2251 472 2312 supervacua
491 2233 529 2292 sit
562 2254 625 2295 non
647 2245 691 2292 est
710 2255 762 2294 cur
782 2233 813 2294 id
832 2256 887 2296 uos
906 2234 1058 2314 impediat,
1095 2233 1128 2292 Si
1148 2233 1211 2313 quis
1231 2241 1339 2292 t'a‘mcn

197 2310 230 2370 in
250 2319 432 2400 postremum
452 2277 615 2372 membrum
635 2309 762 2373 relicere
780 2311 880 2388 malit,
909 2312 987 2376 idem
1007 2309 1140 2372 manebit
1157 2330 1273 2383 sensus,
1293 2309 1337 2368 si-

198 2397 259 2449 eutr
276 2406 345 2446 mox
364 2385 467 2446 dicam.
511 2387 598 2450 Nunc
618 2385 776 2447 videndum
797 2399 856 2463 cst,
893 2388 963 2469 quid
978 2392 1064 2464 puris
1082 2386 1203 2447 nominc
1222 2384 1340 2446 iutelli-

197 2460 399 2548 gautrhugeli.
431 2463 522 2525 Certe
542 2464 788 2542 nouloquuntur
806 2464 843 2526 de
865 2477 983 2525 externa
1003 2485 1086 2544 paee,
1127 2483 1194 2523 uam
1213 2461 1293 2522 inter
1302 2483 1339 2523 se

198 2537 302 2614 colunt
320 2539 465 2616 homines,
484 2540 537 2602 scd
556 2548 663 2602 terrain
684 2541 786 2602 dicunt
804 2554 937 2622 pacatam
958 2562 1030 2616 csse,
1050 2484 1337 2600 ubilromiuesDco

197 2612 383 2688 reconciliati
407 2617 485 2676 intem
511 2616 664 2696 tranquilli
690 2628 759 2678 sunt
783 2618 814 2678 in
834 2618 936 2680 animis
956 2618 1023 2678 suis.
1063 2615 1177 2678 Scimus
1198 2635 1251 2674 nos
1270 2615 1339 2676 irae

177 2693 276 2754 ·filios
295 2691 386 2768 nasci,
407 2705 438 2754 et
456 2705 559 2754 natura
580 2689 722 2754 esselleo
740 2693 891 2756 inimicos:
919 2695 1033 2756 interca
1053 2715 1109 2754 nos
1130 2691 1265 2755 horribili
1286 2693 1337 2752 in-

219 2769 369 2830 uictudine
389 2770 486 2830 vexari
504 2785 626 2831 neeesse
648 2781 701 2846 cst,
722 2765 807 2850 quarn
828 2770 878 2832 diu
898 2772 1038 2830 sentimus
1059 2769 1161 2830 Deum
1179 2767 1264 2828 uobis
1284 2769 1335 2828 in-

198 2791 323 2910 lensum.
362 2845 437 2906 Ideo
458 2845 554 2908 brevis
575 2858 605 2907 et
624 2845 700 2908 clara
721 2847 800 2926 pacis
821 2847 954 2908 definitio
975 2867 1009 2907 ex
1028 2847 1183 2908 contrariis
1203 2845 1336 2925 petenda

200 2934 257 2985 est:
289 2942 357 2981 nem
381 2941 397 2980 e
423 2942 458 2982 er
482 2922 524 2983 ira
549 2921 610 2984 D'ei
637 2934 668 2982 et
690 2923 794 2984 mortis
819 2937 945 2984 terrore.
983 2925 1083 3003 Atque
1104 2925 1143 2984 ita
1164 2919 1268 3003 duplex
1290 2936 1339 2983 est

198 2997 313 3060 relatio.
358 2943 460 3058 hiteta
483 2997 597 3060 scilicet
621 2999 658 3060 ad
681 3000 797 3076 Deum,
826 2999 917 3060 altera
937 3000 975 3061 ad
994 3001 1144 3078 homines,
1176 2999 1241 3079 quia
1261 3011 1335 3060 tune

199 3074 288 3138 nobis
308 3085 424 3134 constat
432 3095 488 3154 pan
500 3097 565 3136 curn
576 3073 656 3150 Deo,
677 3099 766 3157 quum
778 3077 843 3157 ipse
854 3076 967 3137 abolito
978 3089 1063 3144 reatu
1073 3090 1103 3136 et
1114 3087 1233 3157 peecata
1245 3074 1336 3138 nobis

198 3172 263 3214 non
282 3149 455 3232 imputando
474 3153 620 3234 propitius
641 3173 703 3214 esse
723 3154 837 3234 incipit,
858 3163 889 3214 et
907 3174 961 3214 nos
981 3153 1012 3214 iu
1033 3166 1154 3234 paterna
1166 3151 1334 3213 eiusbenc-

199 3226 331 3296 volentia
359 3228 576 3307 acquiescentes
596 3242 676 3292 certa
697 3229 802 3291 fiducia
822 3229 903 3290 illurn
922 3231 1107 3306 invocamus,
1136 3242 1168 3290 et
1186 3228 1335 3308 intrepide
1371 3299 1372 3302 Ἴ

198 3305 360 3392 gloriamur
379 3303 416 3365 de
426 3305 519 3366 salute
532 3306 618 3368 uoltis
628 3307 779 3388 promissa.
810 3307 951 3384 Quamvis
971 3318 1068 3367 autern
1076 3307 1147 3367 alibi
1159 3304 1240 3384 (lob.
1250 3308 1334 3383 7,=t.)

199 3385 259 3446 vita
284 3381 411 3442 hominis
435 3396 654 3464 superterram
679 3395 803 3444 vocetur
829 3383 969 3444 eorrtinua
995 3383 1114 3460 militia,
1150 3395 1181 3446 et
1205 3403 1250 3442 res
1270 3383 1334 3462 ipsa

200 3459 343 3534 declarat,
374 3459 447 3520 nihil
467 3479 529 3523 esse
549 3461 640 3543 magis
659 3459 859 3522 turbulentum
879 3472 957 3542 stqtu
975 3472 1094 3536 nostre,
1125 3481 1211 3540 quam
1232 3459 1280 3520 diu
1300 3459 1333 3518 in

199 3537 311 3606 mundo
336 3535 463 3619 agimus,
494 3538 602 3598 diserte
627 3549 724 3597 umen
750 3536 859 3620 Angeli
886 3558 987 3618 pacem
1007 3537 1037 3596 ln
1057 3549 1136 3598 terra
1156 3537 1270 3610 locant,
1300 3548 1334 3594 ut

127 3619 128 3622 ’
154 3660 157 3671 .
200 3609 345 3690 sciamus,
365 3613 458 3673 nullas
479 3615 579 3676 turbas
599 3613 686 3674 nobis
706 3612 840 3688 obstare,
861 3615 932 3694 quin
953 3613 1021 3678 lreti
1042 3613 1153 3676 Christi
1174 3613 1265 3704 gratia
1284 3631 1334 3672 se-

201 3693 274 3756 datis
295 3701 326 3750 et
343 3689 508 3770 tranquillis
527 3691 615 3752 sinsus
634 3689 791 3752 mentibus.
830 3691 1048 3752 Meminerimus
1069 3687 1152 3773 ergo,
1172 3700 1250 3748 inter
1267 3710 1332 3748 me-

201 3771 262 3832 dias
281 3767 479 3828 tentationum
499 3768 658 3848 procellas,
685 3765 763 3828 inter
781 3767 861 3827 veria
882 3768 1064 3842 discrimina,
1089 3769 1168 3827 iuter
1186 3765 1333 3826 violentos

200 3859 307 3920 motus,
327 3844 406 3904 inter
421 3865 534 3928 pugnas
547 3845 707 3907 ettimorcs
720 3844 859 3904 constitui
871 3845 970 3904 sedem
986 3845 1075 3924 pacis,
1095 3864 1133 3903 ne
1145 3844 1215 3903 fides
1232 3855 1332 3902 nostra

200 3925 268 3984 ullis
282 3919 422 3981 machinis
437 3921 560 4003 impulsa
575 3919 693 3980 vacillet
704 3917 754 3978 sut
764 3918 901 3980 labascat.
929 3920 1148 3996 Berreplrteitum
1165 3917 1332 3980 lemuribus.

200 4001 290 4060 Unde
310 3997 419 4058 laetum
438 3999 486 4072 sit,
505 4010 538 4058 ut
558 3997 720 4088 obreperet
731 3997 877 4078 genitivus
887 4019 978 4070 casus,
997 3999 1107 4058 nescio.
1139 3996 1229 4060 Certe
1241 3996 1330 4055 lectio

201 4077 318 4158 vulgata
339 4095 413 4152 quac
433 4074 536 4150 habet,
566 4071 734 4133 homrnihus
755 4073 852 4134 bonae
871 4073 1045 4151 voluntatis,
1074 4094 1137 4134 non
1156 4073 1246 4132 modo
1264 4083 1330 4130 tan-

203 4174 288 4246 quam
309 4150 471 4210 adultem'oa
492 4147 761 4232 repudiaridebet,
780 4151 831 4210 scd
853 4150 919 4229 quia
931 4161 1150 4210 totumsensum
1163 4147 1331 4226 corrumpit.

201 4233 311 4292 hmani
334 4238 432 4287 tamen
458 4229 546 4288 etiam
566 4225 722 4298 nonnulli,
772 4226 801 4286 ui
828 4227 858 4285 in
885 4225 1068 4285 nominativo
1096 4247 1163 4286 casu
1190 4225 1332 4306 legentes,
1357 4268 1363 4288 ,,

132 4365 135 4370 .
201 4309 288 4368 Bona
316 4303 466 4376 voluntas,
501 4305 537 4364 ad
561 4302 696 4364 homines
720 4247 867 4374 colerunt,
900 4301 980 4380 quasi
1006 4303 1170 4372 exhortatio
1196 4312 1269 4362 esset
1292 4303 1330 4360 ad

201 4379 420 4464 autplexanderu
438 4379 650 4464 lleigratiam.
672 4379 795 4442 *Fateor
814 4378 942 4460 quidem,
960 4399 1023 4438 nou
1045 4379 1130 4441 aliter
1147 4389 1238 4442 ratam
1257 4397 1329 4454 esse,
1363 4444 1372 4454 ,-

330 4690 342 4726 l
355 4685 358 4704 ἱ
672 4633 678 4666 l
