2790 4838
532 93 539 128 t

60 245 66 252 ·
164 237 223 305 ooo
371 275 375 286 .
494 185 647 284 'sceno
667 217 737 280 vn.
775 217 966 283 muscum

168 399 274 456 autem
295 381 459 452 cniusdam
480 399 592 446 semus
612 373 696 442 male
717 371 858 450 habena,
882 373 1085 458 propinquus
1107 378 1176 433 erat
1197 368 1320 444 morti,

169 493 224 577 qui
251 486 300 552 illi
328 496 398 550 erat
423 487 456 550 in
484 484 599 568 pretio.
645 475 676 542 3.
709 475 818 560 Quum
849 473 990 537 audisset
1017 480 1121 534 autem
1149 468 1191 534 de
1218 470 1320 546 lesu,

169 591 254 656 misit
280 585 321 652 ad
349 606 421 650 eum
450 585 595 647 seniores
621 575 829 652 ludaeorum,
862 595 979 658 rogans
1001 593 1090 649 eum,
1122 581 1157 637 ut
1177 573 1320 636 veniret

172 705 205 759 ct
225 695 369 756 servaret
388 705 514 760 serrum
537 699 636 746 suum.
668 677 698 742 t.
719 676 761 740 At
782 674 831 741 illi
853 697 951 760 quum
971 679 1137 746 venissent
1158 671 1201 738 ad
1224 694 1319 745 eum,

171 789 329 877 rogabant
361 805 433 848 eum
467 779 625 852 studiose,
664 775 824 852 dicentes,
856 775 983 860 Dignus
1010 786 1072 854 est,
1104 785 1139 840 ut
1165 774 1230 838 hoc
1259 771 1319 835 illi

172 900 325 980 praestes.
389 885 418 948 5.
451 879 563 962 Diligit
592 881 675 945 enim
707 887 832 964 gentem
860 886 1018 954 nostram,
1052 885 1084 940 ct
1108 893 1317 961 synagogam

171 997 244 1080 ipse
272 983 454 1054 aedificavit
476 977 584 1046 nobis
626 979 656 1044 6.
685 979 774 1044 lesus
795 987 900 1043 autern
922 975 1086 1063 proiectus
1108 985 1155 1041 est
1176 996 1250 1038 curn
1275 971 1321 1035 il-

173 1095 225 1160 lis.
266 1092 309 1162 Et
352 1083 509 1150 numiam
531 1100 599 1145 non
619 1078 717 1164 longe
739 1076 866 1144 abesset
886 1099 904 1142 a
926 1077 1040 1155 domo,
1063 1079 1147 1140 misit
1169 1073 1211 1142 ad
1235 1093 1317 1138 eum

175 1191 336 1260 Centurio
359 1187 493 1258 amicos,
513 1179 626 1245 dicens
649 1185 696 1257 ei,
716 1179 874 1256 Domine,
894 1176 964 1246 noli
984 1179 1107 1242 vexari:
1133 1195 1200 1241 non
1223 1177 1317 1238 enim

174 1315 245 1358 sum
265 1289 412 1362 idoneus,
429 1293 465 1348 ut
484 1278 544 1348 sub
566 1292 682 1347 tectum
704 1301 809 1346 meum
830 1280 940 1344 intres.
971 1279 1001 1345 t.
1022 1277 1234 1364 Quapropter
1249 1295 1319 1339 nec

175 1401 228 1462 m'e
255 1395 359 1478 ipsum
387 1384 558 1452 arbitratus
585 1402 654 1446 suns
681 1379 825 1466 dignum,
857 1363 913 1464 qui
938 1382 1082 1446 venirem
1111 1375 1151 1440 ad
1173 1386 1219 1452 te,
1238 1372 1316 1443 ⁴sed

177 1493 232 1560 dio
257 1487 376 1567 verbo,
411 1496 444 1551 et
470 1481 633 1549 sanabitur
658 1501 741 1566 puer
768 1500 866 1546 meus.
913 1481 942 1544 8.
971 1478 1098 1543 Etenim
1129 1497 1189 1560 ego
1212 1474 1316 1540 bomo

179 1575 250 1662 sum
278 1589 339 1658 sub
364 1595 524 1676 potestate
553 1581 758 1660 constitutus,
800 1578 926 1646 habens
950 1578 1011 1645 suh
1036 1599 1087 1644 me
1113 1576 1247 1644 milites:
1282 1585 1317 1640 et

134 1766 136 1774 ,
183 1691 259 1761 dico
281 1691 364 1766 huic,
385 1683 488 1762 Vade,
510 1693 542 1748 ct
562 1679 667 1746 vadit:
690 1691 722 1746 et
743 1679 846 1758 elteri,
867 1682 965 1757 Veni,
986 1690 1019 1745 et
1037 1681 1139 1744 venit:
1162 1688 1194 1742 et
1215 1697 1316 1741 servo

179 1814 272 1869 meo,
292 1793 357 1856 Fae
378 1785 457 1863 boc,
476 1793 511 1867 et
532 1782 615 1846 lacit.
656 1781 687 1844 9.
712 1780 840 1846 Auditis
862 1793 967 1846 autem
989 1780 1038 1845 his
1058 1781 1159 1856 lesus,
1180 1781 1317 1842 miratus

181 1903 231 1960 est
252 1912 340 1968 eum,
368 1897 400 1953 et
421 1903 595 1950 conversus
615 1885 763 1966 sequenti
785 1903 820 1947 se
845 1880 959 1946 turbae
982 1879 1073 1959 dixit,
1102 1879 1188 1948 Dico
1210 1877 1318 1968 vobis,

180 2013 226 2061 are
253 1993 287 2056 in
314 1984 415 2053 lsrael
441 1984 570 2070 quidem
592 1992 713 2058 ¹tantam
741 1981 841 2050 fidem
868 1984 988 2048 inveni.
1037 1983 1089 2046 10.
1120 1981 1162 2046 Et
1182 1983 1318 2051 reversi,

180 2093 238 2180 qui
258 2088 346 2178 missi
366 2086 494 2150 lucrant
520 2087 554 2148 in
574 2081 717 2162 domum,
742 2093 934 2172 repererunt
954 2104 1096 2162 servum,
1123 2085 1178 2168 qni
1200 2101 1318 2167 aegro-

181 2199 317 2266 taverat,
336 2207 455 2252 sanum.
536 2250 539 2259 ¹
576 2225 579 2232 -
750 2185 758 2190 '

261 2351 364 2413 lllattlr.
384 2337 415 2416 t.
449 2347 548 2410 Porro
565 2370 653 2430 parm
670 2347 944 2442 mgreassufuisset.
985 2347 1047 2423 Qui
1066 2357 1171 2484 putant
1191 2347 1318 2412 diversas

185 2431 321 2492 historias
341 2427 519 2498 alllattbaeo
540 2427 662 2488 etLuca
681 2425 798 2502 referri,
819 2447 849 2486 ru
869 2445 903 2486 re
922 2425 997 2485 nihil
1018 2424 1064 2486 bal
1077 2424 1241 2485 ucinantur.
1279 2425 1318 2482 In

184 2506 283 2570 verbis
309 2506 366 2565 hoc
392 2502 486 2564 solum
513 2514 559 2563 est
582 2503 742 2580 diversum,
793 2503 853 2564 uod
873 2501 951 2582 apud
969 2502 1149 2562 Matthaeum
1171 2501 1319 2564 Centurio

186 2585 294 2645 dicitur
318 2581 354 2642 ad
385 2577 534 2640 Christum
553 2579 683 2656 venisse,
713 2527 791 2660 apud
809 2581 918 2640 Lucarn
937 2599 1008 2640 vero
1030 2577 1135 2637 dicitur
1153 2578 1264 2638 misisse
1284 2599 1320 2636 ex

64 2667 73 2690 ⁸
187 2659 305 2721 Iudaeis
328 2657 480 2738 quosdam,
520 2655 550 2714 ui
570 2675 623 2716 suo
643 2655 763 2732 numine
783 2654 873 2716 verba
893 2655 1033 2715 lacerent.
1072 2655 1134 2716 Sed
1153 2655 1320 2714 Matthaeus

187 2758 250 2796 non
275 2737 376 2816 inepte
402 2733 444 2792 illi
469 2677 586 2808 trihuit,
617 2732 698 2812 quod
724 2731 785 2792 eius
810 2744 915 2812 rogatu
938 2744 968 2792 et
987 2730 1106 2790 nomine
1131 2743 1245 2814 gestum
1266 2743 1320 2790 est.

189 2813 349 2876 Caeterum
372 2811 403 2868 in
431 2807 567 2868 omnibus
594 2807 817 2870 circumstantiis
842 2810 881 2868 ita
901 2807 1083 2868 conveniunt
1102 2807 1160 2868 duo
1180 2809 1321 2890 Evange-

189 2889 290 2963 listae,
310 2899 342 2946 ut
360 2883 513 2945 ridiculum
532 2884 569 2942 sit
587 2883 646 2944 duo
666 2882 803 2944 miracula
823 2903 879 2964 pro
900 2905 960 2944 uno
981 2884 1102 2966 lingere.
1140 2884 1237 2944 Porro
1257 2905 1319 2944 non
1350 2945 1354 2950 ,

190 2965 294 3025 dubito
313 2960 385 3041 quin
404 2959 529 3018 militum
548 2959 651 3032 turha,
682 2961 729 3019 cui
749 2958 895 3020 Centurio
914 2973 1066 3040 praeerat,
1090 2960 1247 3022 stationem
1267 2961 1320 3020 ha-

188 3040 290 3100 buerit
313 3039 344 3097 in
370 3033 443 3095 orbe
465 3033 508 3094 Ca
533 3055 669 3110 ernaum,
697 3049 730 3096 ut
748 3037 885 3097 solebant
903 3036 1038 3118 legiones
1057 3037 1088 3095 in
1107 3037 1251 3118 praesidia
1269 3059 1321 3096 ur-
1357 3095 1362 3102 ,

189 3116 272 3176 bium
297 3111 439 3174 distribui.
482 3055 549 3171 Illic
573 3132 662 3246 guum
686 3133 784 3174 mores
804 3113 906 3194 populi
926 3113 1083 3174 admodum
1102 3134 1207 3195 pravos
1228 3126 1258 3173 et
1276 3114 1323 3174 vi-

188 3193 283 3252 tiosos
303 3198 440 3249 cerneret
458 3189 576 3266 (querna
598 3189 718 3248 modurn
737 3188 856 3264 scimus,
882 3189 1067 3269 Cepernaum
1086 3190 1189 3250 urbem
1210 3190 1322 3250 mariti-

189 3289 266 3330 mam
314 3263 423 3324 lurihus
449 3264 625 3344 corruptelis
651 3286 739 3343 quarn
759 3265 828 3326 alias
852 3265 992 3324 refertam
1017 3265 1141 3342 luisse),
1170 3267 1200 3326 id
1224 3277 1322 3328 tamen

191 3365 254 3406 non
282 3288 411 3415 opbstitit,
441 3341 594 3419 quominus
619 3341 720 3422 patriis
743 3340 1000 3421 superstitionibus
1025 3342 1167 3402 damnatis
1186 3363 1271 3404 verae
1291 3357 1323 3404 et

190 3421 324 3483 sincerae
343 3417 457 3497 pietatis
477 3429 594 3498 gustum
605 3429 738 3497 caperet:
759 3437 856 3497 neque
868 3417 945 3478 enim
956 3439 1136 3500 synagogam
1147 3431 1325 3482 exstruxerat

193 3496 324 3570 Iudaeis,
355 3493 411 3553 nisi
438 3515 503 3554 curn
528 3493 625 3574 aliqua
650 3495 758 3555 invidia
784 3505 814 3553 et
837 3493 986 3575 periculo,
1017 3516 1073 3555 nec
1097 3505 1218 3578 gentem
1244 3496 1322 3557 illam

193 3572 325 3649 amabat,
355 3569 413 3630 nisi
440 3569 507 3660 qnia
531 3570 678 3662 amplexus
700 3581 763 3631 erat
781 3569 867 3632 unius
885 3571 946 3632 Dei
965 3570 1083 3631 cultum.
1122 3573 1225 3650 ltaque
1244 3573 1323 3654 prius

216 3671 281 3710 uam
301 3667 415 3710 servum
435 3665 496 3708 erus
517 3643 650 3710 Christus
669 3658 796 3720 sanaret,
815 3646 877 3726 ipse
897 3667 913 3707 a
932 3647 1065 3709 Domino
1085 3660 1200 3710 sanatus
1220 3648 1323 3710 luerat.

193 3671 300 3808 dieque
318 3725 350 3785 id
368 3723 432 3784 sine
451 3723 606 3784 miraculo:
633 3725 713 3857 guod
732 3723 844 3783 scilicet
864 3723 954 3784 homo
973 3723 1121 3800 militaris,
1166 3725 1198 3785 ui
1216 3739 1325 3786 armata

193 3825 284 3864 manu
303 3821 383 3861 mare
403 3799 567 3874 traiecerat,
588 3811 621 3858 ut
657 3799 764 3859 udaeos
785 3801 980 3861 assuefaceret
999 3801 1036 3862 ad
1056 3745 1209 3862 terendum
1222 3815 1324 3884 tyran-

194 3880 271 3941 nidis
290 3879 441 3938 Romanae
462 3875 577 3956 iugum,
606 3875 674 3934 Deo
694 3876 786 3936 lsrael
805 3897 837 3937 se
856 3877 935 3937 nltro
956 3876 1101 3936 submittit
1120 3890 1151 3937 et
1168 3879 1276 3938 addicit
1294 3878 1324 3938 in

195 3955 379 4035 obsequium.
420 3953 511 4087 (guod
532 3952 603 4011 dicit
621 3951 731 4026 Lucas,
755 3975 870 4013 servum
891 3955 968 4014 hunc
987 3954 1074 4014 luisse
1094 3953 1137 4014 illi
1157 3955 1327 4036 pretiosum,

195 4033 254 4092 hoc
279 4029 370 4090 modo
397 4029 435 4088 du
459 4027 609 4087 itatiouem
634 4028 803 4107 praevenit,
833 4049 908 4109 quae
927 4029 1026 4092 subire
1046 4043 1164 4111 poterat
1185 4031 1326 4092 lectorum

196 4108 326 4167 animos:
345 4106 449 4165 scimus
469 4105 558 4178 eninr,
579 4123 639 4163 non
661 4103 776 4167 habitos
797 4106 882 4166 luisse
902 4127 1001 4168 servos
1022 4127 1058 4167 eo
1078 4105 1229 4187 in'pretio,
1248 4107 1326 4168 uide

196 4184 328 4263 ipsorum
347 4181 407 4242 vita
426 4191 485 4240 tarn
505 4179 582 4239 anxii
600 4193 698 4240 essem
717 4181 844 4258 domini,
872 4182 927 4243 nisi
948 4183 997 4263 qui
1017 4182 1158 4265 singulari
1176 4184 1327 4257 industria,

198 4257 247 4319 vel
267 4256 335 4333 lide,
353 4257 400 4318 vel
420 4256 475 4316 alia
494 4257 601 4318 virtuto
619 4255 676 4318 sihi
695 4258 818 4339 gratiam
837 4258 1041 4339 acquisierant.
1080 4260 1236 4342 Significat
1256 4280 1327 4342 ergo

198 4333 311 4410 Lucas,
330 4353 392 4394 non
412 4331 532 4416 vulgare
553 4333 640 4394 luisse
659 4335 867 4416 sordidumque
886 4335 1074 4416 mancipium,
1092 4339 1145 4400 sed
1164 4337 1279 4398 fidelem
1298 4347 1328 4398 et
