2778 4838
416 225 510 320 ι(Μ
551 239 631 358 Ipsus
650 241 683 301 in
701 240 796 322 patria
814 241 891 319 sua'.)
1203 247 1245 310 ω

75 399 119 458 ita
141 394 266 476 oblique
286 391 461 484 perstringit
479 389 703 454 Pharisaeorum
715 395 893 468 socordiam,
914 392 995 474 qnod
1013 392 1087 452 nihil
1104 394 1163 454 nisi
1181 405 1243 463 tere

75 485 172 535 restre
185 483 218 532 et
229 470 373 531 caducum
384 481 539 548 spirarent.
563 471 733 530 Notandum
750 483 850 530 tamen
864 483 918 548 est,
934 471 1089 530 Christum
1102 470 1139 532 de
1151 471 1244 550 prim·

77 549 171 610 ordiis
195 559 312 607 tautum
337 547 424 625 regni
445 546 505 606 Dei
524 545 625 626 loqui,
644 547 711 625 qnia
731 569 810 608 nune
825 548 940 628 Spiritu
958 546 1116 607 reformari
1135 547 1242 626 incipi·

76 649 140 686 miss
161 625 198 685 ad
219 621 378 714 imaginem
397 621 472 694 Dei,
503 634 536 682 ut
553 643 608 682 suo
629 623 736 685 deinde
761 626 1035 708 temporeintagra
1054 634 1194 703 sequatur
1213 634 1244 683 et

77 701 173 764 nostri
193 712 226 764 et
244 712 336 760 totius
355 698 457 760 muudi
476 699 642 762 renovatio.

159 969 267 1052 (128.)
308 965 478 1036 ΜΑΤΤΗ.
506 967 588 1034 Xlll.
638 967 688 1034 53.
709 968 752 1036 Et
773 969 891 1038 iactum
914 977 976 1050 est,
1002 991 1099 1057 quum
1116 951 1270 1036 linisset¹

77 1078 167 1144 lesus
186 1076 248 1141 hos
275 1079 454 1152 sermones,
486 1083 522 1172 ut
549 1070 759 1159 egrederetur
779 1072 879 1168 illinp.
921 1073 972 1140 54.
999 1073 1041 1138 Et
1070 1096 1168 1160 quum
1188 1095 1244 1138 ve-

76 1183 179 1246 nisset
201 1181 234 1242 in
256 1180 392 1262 petriam
415 1197 520 1256 suam,
553 1175 664 1242 docuit
692 1181 750 1241 eos
776 1178 810 1242 in
832 1197 998 1264 synagoga
1019 1175 1165 1255 illorum,
1196 1179 1243 1243 ita

76 1293 112 1349 ut
133 1289 316 1366 stuperent,
344 1298 383 1344 ae
403 1277 565 1358 dicerent,
591 1278 690 1344 Unde
718 1279 795 1344 huic
814 1282 971 1366 sapientia
993 1279 1074 1345 haec
1092 1290 1124 1345 et
1143 1281 1244 1346 virtu-

76 1389 146 1452 tes?
193 1384 245 1450 55.
272 1381 394 1448 Nonne
419 1381 472 1447 hie
497 1392 547 1448 est
573 1381 632 1447 ille
659 1377 743 1446 labri
770 1378 874 1446 filins:
905 1402 1016 1448 nonne
1044 1393 1145 1448 mater
1172 1387 1243 1448 eius

75 1498 213 1556 vocatur
232 1485 354 1563 Maria,
389 1494 422 1552 et
448 1484 564 1551 iratres
591 1487 660 1551 eius
681 1481 833 1562 lacobus,
867 1493 900 1550 et
919 1488 1025 1564 loses,
1059 1495 1091 1551 et
1118 1485 1243 1564 Simon,

76 1603 108 1656 et
140 1589 259 1658 Iudas?
315 1578 366 1654 56.
387 1569 445 1654 'Et
481 1609 611 1690 sorores
644 1586 733 1656 illius
766 1607 878 1654 noune
910 1608 1023 1656 omues
1058 1588 1145 1675 apud
1180 1610 1243 1656 nos

75 1697 170 1759 sunt?
202 1689 291 1758 unde
317 1694 413 1777 igitur
440 1693 516 1758 huie
543 1691 777 1758 haecomnia?
829 1692 880 1756 57.
910 1693 954 1756 Et
988 1690 1243 1758 offendebantur

75 1817 175 1882 super
196 1817 262 1863 eo.·
287 1789 379 1860 lesus
406 1804 511 1861 autem
539 1794 621 1862 dixit
649 1793 729 1873 illis,
761 1795 839 1861 Non
865 1805 915 1861 est
942 1785 1106 1880 Propheta
1129 1815 1241 1881 expers

75 1895 228 1976 honoris,
264 1897 326 1964 uisi
351 1901 385 1965 iu
412 1901 517 1986 petria
544 1923 603 1966 sua
625 1909 659 1964 et
679 1898 778 1965 domo
800 1920 867 1964 sua.
909 1899 959 1980 58.
985 1900 1027 1966 Et
1047 1921 1117 1966 non
1138 1898 1243 1966 edidit

75 1999 144 2066 illie
164 2003 300 2066 virtutes
321 2000 436 2068 multas
457 2013 593 2090 propter
612 2001 872 2069 incredulitatem
891 2000 1032 2070 illorum.

139 2155 301 2228 ‘Meno
320 2163 377 2228 vt.
432 2163 461 2231 1.
497 2162 540 2228 Et
565 2185 712 2250 egressus
737 2173 786 2230 est
811 2161 916 2242 illinc,
946 2165 1101 2249 venitque
1129 2168 1163 2229 in
1184 2185 1258 2250 pat
1375 2209 1381 2220 ·

75 2267 167 2330 triam
196 2286 301 2342 suam,
329 2274 361 2330 et
387 2269 515 2352 sequuti
542 2253 616 2332 suni
643 2289 717 2332 eum
744 2264 896 2352 discipuli
923 2269 980 2332 sui.
1023 2267 1051 2330 2
1077 2266 1120 2332 Et
1140 2289 1240 2352 quum

76 2379 160 2434 esset
180 2365 365 2448 sabbatum,
394 2371 504 2456 eoepit
525 2373 559 2436 in
578 2391 744 2456 synagoga
766 2369 902 2446 docere,
929 2367 1085 2480 multp'que
1107 2369 1240 2436 andien-

76 2485 122 2538 tes
143 2471 394 2559 obstupuerunt,
422 2470 585 2550 dieentes,
610 2472 708 2538 Unde
731 2473 806 2538 huie
825 2473 928 2536 haee?
960 2483 993 2537 et
1013 2493 1097 2559 quae
1120 2482 1169 2538 est
1189 2495 1241 2537 sa·

74 2579 213 2663 pientia,
255 2595 339 2663 quse
367 2573 442 2640 data
464 2586 512 2642 est
531 2575 595 2655 illi,
638 2585 670 2640 et
690 2579 824 2642 virtutes
852 2573 933 2641 tales
955 2593 1148 2660 perimauns
1170 2575 1240 2641 eius

74 2679 178 2748 fiunti
217 2680 250 2749 ,3.
271 2679 390 2746 Nonne
418 2680 471 2745 hie
497 2690 544 2748 est
575 2677 669 2746 taber
695 2679 753 2745 ille
782 2680 870 2746 tilius
894 2677 1037 2754 Mariae,
1069 2675 1168 2744 irater
1187 2680 1239 2744 la·
1279 2675 1298 2706 ⁸

75 2781 165 2860 eohi,
194 2791 227 2846 et
246 2781 333 2862 lose,
364 2793 397 2848 et
418 2783 531 2862 ludas,
564 2793 596 2849 et
617 2783 777 2850 Simonis?
808 2801 920 2849 nonne
950 2788 982 2844 et
1008 2801 1139 2846 sorores
1167 2783 1237 2846 eins

74 2885 125 2950 hie
156 2883 328 2952 nobiseum
360 2889 455 2952 sunt?
506 2885 550 2952 Et
579 2885 834 2954 offendebantur
862 2887 896 2951 in
933 2905 983 2964 eo,
1036 2883 1067 2948 4.
1096 2881 1238 2949 Dicebat

72 3001 178 3056 autern
202 2988 274 3059 ¹illis
294 2992 397 3069 lesus,
425 2991 505 3060 Non
532 3001 580 3058 est
601 2991 766 3077 Propheta
794 3012 907 3078 expers
934 2988 1081 3065 honoris,
1112 2991 1174 3054 nisi
1202 2991 1239 3056 in

72 3097 176 3180 patria
197 3113 269 3170 sua,
301 3105 334 3160 et
359 3097 444 3161 inter
469 3105 623 3181 cognatos
651 3116 742 3172 suos,
777 3104 809 3159 et
834 3097 868 3159 in
889 3090 1009 3158 familia
1031 3113 1097 3159 sua.
1139 3093 1168 3156 5.
1196 3091 1239 3157 Et

71 3218 139 3262 non
165 3206 294 3284 poterat
320 3193 367 3264 ibi
393 3198 541 3262 virtutem
568 3197 666 3264 ullam
695 3195 813 3273 edere.
845 3197 907 3260 nisi
929 3195 1018 3284 quod
1045 3217 1168 3282 paucos
1189 3199 1239 3263 in·
1290 3279 1296 3290 p

70 3301 197 3378 firmus,
230 3284 387 3387 impositis
408 3300 569 3379 manibus,
601 3304 735 3366 sanavit.
777 3305 808 3366 s.
833 3300 877 3365 Et
902 3299 1077 3366 mirahatur
1103 3311 1241 3387 propter

68 3403 328 3469 incredulitatem
350 3399 491 3485 illorum,
512 3413 545 3469 et
566 3400 798 3471 obambulabat
819 3427 879 3492 per
896 3407 988 3471 vicos
1010 3403 1155 3490 undique
1178 3405 1238 3466 cir-

69 3509 305 3589 cumiacentes,
325 3507 457 3574 docens

145 3689 306 3755 Moab-53.
330 3687 643 3772 mefirissetlenss.
663 3689 732 3750 Non
745 3689 886 3782 intelligit
897 3689 1072 3764 Matthaeus,
1080 3687 1236 3780 ‘Christrnn
1261 3685 1271 3700 “

69 3765 126 3826 illis
146 3766 334 3831 sermonibus
354 3764 462 3826 habitis
483 3767 625 3828 continuo
646 3781 714 3847 post
733 3768 764 3826 iu
780 3779 909 3858 patriam
927 3788 1007 3827 suam
1020 3785 1147 3828 verisne:
1167 3785 1237 3824 uam

69 3863 104 3902 ex
123 3845 229 3904 Marco
250 3864 265 3903 a
284 3855 383 3934 paret,
404 3842 530 3922 aliquam
551 3843 638 3903 luisse
659 3856 801 3924 temporis
815 3843 993 3906 distantiam:
1014 3863 1116 3902 rernm
1136 3861 1237 3901 sensus

68 3931 122 3993 est,
143 3940 234 3999 quum
255 3863 424 3999 aliquandiu
443 3919 475 3978 in
495 3919 603 3979 Iudaea
624 3921 782 3994 docuisset,
802 3943 901 3981 rursus
914 3921 951 3980 ad
963 3917 1113 3980 Galilaeos
1132 3937 1236 3979 rerer-

67 4017 180 4071 snm‚a
223 3995 307 4056 nihus
327 4008 427 4056 tamen
469 4016 550 4056 arum
571 3996 737 4057 humaniter
756 4008 892 4078 acceptus
912 3996 1016 4056 iuerat.
1056 3994 1150 4056 Lucas
1170 3995 1236 4055 fere

65 4072 192 4133 similem
231 4072 364 4134 istoriam
383 4016 486 4134 retulit
506 4071 602 4152 eapite
620 4079 663 4149 4.,
695 4087 882 4134 nontamen
909 4073 1040 4132 eandem.
1080 4072 1143 4132 Nec
1162 4073 1237 4134 sero
1315 4103 1319 4132 t

66 4150 173 4210 mirum
195 4159 249 4224 est,
269 4149 327 4210 iam
346 4150 425 4210 eirca
444 4147 527 4210 initia
547 4147 679 4211 elienses
702 4149 790 4222 fuisse
811 4161 1022 4210 conterraneos
1039 4147 1161 4225 Christi,
1180 4150 1236 4212 do-

68 4247 157 4304 muin,
171 4225 234 4286 eius
255 4225 418 4307 ignobilem
440 4237 471 4285 et
490 4224 646 4286 obscurum
667 4247 701 4286 ac
721 4227 779 4288 rite
797 4225 979 4286 educationis
989 4245 1081 4306 genus
1093 4237 1238 4318 reputan-

67 4313 121 4376 tes,
143 4313 176 4360 ut
196 4303 285 4381 ipsius
307 4303 458 4364 doctrinae
480 4301 697 4392 obstreperent,
719 4316 750 4362 et
767 4313 872 4382 postea
890 4303 921 4360 in
933 4301 1036 4362 eadem
1045 4302 1155 4363 malitia
1190 4325 1237 4362 er-

63 4379 186 4454 stitisse,
207 4389 240 4438 nt
260 4378 428 4444 obtrectare
448 4399 512 4441 non
526 4378 712 4454 desinerent,
732 4379 849 4458 quoties
869 4377 947 4459 apud
967 4399 1019 4442 eos
1037 4397 1141 4442 munus
1158 4326 1239 4444 dro-
