2764 4854
236 341 239 350 Ι
259 265 426 344 (lbi-22.
467 263 600 330 Christus
618 265 650 324 in
670 263 787 325 eoelum
805 263 983 338 assumitur.)
1143 267 1199 332 411

64 397 109 488 eal
124 423 174 511 cis,
200 419 326 500 dmens,
352 419 435 488 itata
458 431 507 488 ost
533 420 611 488 mibi
638 424 742 493 omnis
771 429 915 506 potestas
936 422 969 484 in
992 415 1088 484 coelo
1111 427 1145 482 et
1166 419 1199 484 io
1289 423 1293 444 ¹

61 538 144 592 terra.
181 523 229 589 to.
250 521 428 591 Exeuntes'
442 546 520 611 ergo
550 525 666 594 docete
695 545 807 591 omnes
837 532 963 610 gentos,
996 519 1215 608 baptizantes·

60 649 111 694 cos
129 628 158 692 in
176 627 305 692 nomine
327 627 429 696 Patris
450 639 484 696 et
504 627 581 695 lilii
602 639 635 694 et
655 627 795 716 Spiritus
815 627 933 693 sancti:
958 626 1009 691 20.
1031 626 1199 692 Docentes

58 751 246 798 conservare
267 735 388 812 omnia,
412 753 627 822 quaecunque
652 735 806 820 praecepi
826 729 944 799 robios·
961 741 993 795 et
1015 749 1107 810 ecce,
1136 748 1199 814 ego

54 833 202 901 vobiscum
232 855 302 902 sum
337 835 488 906 omnibus
523 831 640 904 diebus
678 857 783 923 usqne
815 835 858 904 ad
891 835 1198 904 consummationem

52 935 168 1004 saecrrli.
205 938 318 1006 Amen.

125 1151 257 1224 MARC.
283 1159 370 1230 XVI.
410 1159 791 1238 sturministra
825 1159 860 1225 iu
888 1157 1042 1226 mundum
1068 1157 1198 1222 univer-

46 1283 119 1340 sum,
138 1270 167 1327 et
186 1259 372 1348 praedicate
392 1263 605 1352 Evangelium
626 1265 714 1330 omni
743 1273 920 1328 creaturae.
964 1262 1015 1328 16.
1039 1257 1106 1345 Qui
1128 1277 1198 1324 cre-

46 1363 157 1430 diderit
181 1374 213 1430 et
238 1363 406 1452 bapizatus
433 1367 546 1448 luerit,
570 1364 679 1433 salvus
706 1368 782 1431 erit:
809 1367 865 1452 qui
895 1385 977 1430 vero
1001 1384 1070 1429 non
1092 1362 1196 1428 credi-

45 1467 140 1545 derit,
167 1465 444 1536 condemnabitur.
487 1469 536 1536 17.
557 1468 661 1534 Porro
689 1469 779 1552 signa
801 1487 875 1545 eos,
902 1470 959 1554 qui
987 1465 1196 1547 crediderint,

44 1571 120 1634 baec
137 1581 325 1658 sequentur,
353 1573 417 1639 Per
443 1593 562 1640 nornen
584 1591 690 1637 mcum
711 1567 883 1635 daemonia
905 1571 1050 1637 eiicieot:
1077 1569 1196 1658 linguis

41 1673 208 1760 toquentur
227 1675 331 1742 noris.
373 1676 425 1744 18.
444 1677 621 1764 Serpentes
648 1671 779 1741 tollent:
810 1676 889 1739 etsi
911 1673 991 1763 quid
1020 1672 1118 1740 letale
1144 1673 1194 1740 bi·
1292 1756 1296 1768 .

41 1775 155 1853 berint,
181 1796 249 1843 noo
275 1777 410 1846 nocebit
435 1783 498 1848 eis:
532 1799 632 1867 super
653 1787 803 1864 aegrotos
823 1796 938 1846 manns
958 1779 1141 1867 imponent,
1160 1787 1195 1844 et

25 1877 122 1944 'bone
142 1877 314 1947 habebunt.

111 2097 302 2190 Mam-”163
334 2095 475 2189 Undecies
498 2111 593 2158 merra
616 2097 762 2182 discipuli.
805 2099 972 2160 Matthaeus
998 2097 1195 2190 praeteriens,
1257 2048 1259 2058 >

37 2193 110 2252 quae
129 2193 162 2234 ex
181 2173 245 2235 alass
263 2173 358 2236 trrbus
377 2173 546 2248 retulimus,
570 2185 685 2235 tantum
705 2177 809 2251 docet,
827 2175 880 2236 ubi
900 2177 1036 2236 undecim
1057 2175 1194 2254 dracrpulr

35 2251 71 2308 ad
90 2269 192 2312 munus
201 2251 408 2342 Apostolicum
427 2251 455 2312 le
478 2251 518 2311 ati
537 2251 605 2321 sint.
642 2251 749 2342 Neque
769 2251 848 2312 enim
867 2255 915 2330 (ut
935 2252 991 2312 iam
1011 2249 1127 2330 saepius
1146 2251 1192 2310 ri-

33 2347 95 2384 sum
116 2330 174 2406 est)
192 2323 248 2388 ilbs
259 2328 446 2409 propositum
457 2271 516 2387 luit
524 2328 662 2407 persequi
680 2327 810 2420 ungulas
830 2327 970 2388 bistoriae
989 2339 1102 2420 partes:
1123 2327 1191 2407 quia

32 2402 156 2482 Spiritui
173 2415 290 2480 sancto,
315 2405 366 2485 qui
391 2425 495 2468 eorum
518 2401 625 2485 stylum
645 2404 767 2482 direxit,
791 2405 861 2488 satis
885 2425 948 2466 esse
973 2425 1065 2466 vuum
1092 2416 1138 2464 est
1157 2423 1191 2464 err

30 2479 197 2542 coniunctis
216 2481 392 2543 testimoniis
410 2501 551 2543 summam
577 2480 752 2562 complecti,
776 2481 893 2561 qualem
919 2481 1056 2544 rideruus.
1106 2481 1191 2562 Ergo

28 2558 111 2634 quod
130 2570 230 2618 nostm
249 2558 373 2620 maxime
392 2559 538 2620 intererat
556 2557 602 2620 ele
625 2557 648 2618 't
666 2559 843 2634 Matthaeus,
862 2578 970 2640 nempe
990 2579 1080 2638 quum
1101 2557 1190 2617 Chri·
1270 2624 1274 2636 ¹

25 2645 86 2692 stus
105 2633 257 2715 discipulis
281 2636 434 2717 apparuit,
459 2655 511 2697 eos
529 2636 604 2696 simu
641 2655 754 2697 creasse
772 2636 801 2696 A
823 2634 954 2709 ostolos,
981 2635 1032 2715 qui
1052 2646 1193 2695 aeternae

25 2712 103 2769 vitae
122 2711 305 2794 legationem
324 2713 534 2793 perferrentin
547 2712 761 2774 onmesmuudi
773 2655 884 2793 plalgas.
924 2713 1083 2774 Caeterum
1095 2731 1189 2792 quan-

22 2787 589 2928 attettttt‘mftltttltt
607 2787 1189 2945 mdtrtldttfflttdttlt:

22 2953 68 2999 rto
90 2940 148 3000 ianr
170 2941 216 3002 bis
240 2941 304 3004 viso
323 2941 419 3003 adbuc
444 2942 600 3004 dubitasse.
639 2944 674 3004 si
693 2943 741 3004 cui
760 2943 797 3004 ad
823 2943 947 3022 primam
973 2941 1188 3002 manifestatio·

22 3039 88 3076 uem
111 3017 172 3080 boc
191 3019 305 3080 referre
325 3019 451 3099 placeat,
470 3020 543 3080 nibil
557 3021 615 3082 erit
623 3019 754 3096 absurdi,
773 3019 842 3100 quia
860 3019 1009 3081 interdum
1026 3039 1077 3079 res
1088 3017 1187 3079 diver-

22 3116 61 3154 :as
81 3093 211 3156 miscere
230 3096 330 3157 solent
348 3095 562 3177 Evangelistae.
601 3097 663 3158 Sed
682 3117 780 3178 neque
800 3094 957 3157 absurdum
977 3095 1071 3156 rideri
1084 3095 1186 3172 debet,

22 3173 36 3229 i
59 3172 117 3231 reli
141 3171 208 3232 uiae
228 3174 347 3253 pavoris
365 3173 507 3256 quosdam
527 3175 565 3235 ad
583 3193 691 3235 novam
711 3193 809 3234 rursus
828 3173 1046 3235 vacillationem
1059 3173 1186 3254 impule-

22 3249 85 3308 iut.
154 3249 247 3309 cimus
266 3250 357 3326 enim,
377 3249 495 3330 quoties
515 3251 652 3332 apparuit
663 3247 808 3325 Christus,
828 3247 925 3310 donec
938 3249 1071 3312 collectis
1082 3251 1186 3310 animis

22 3325 47 3408 d
70 3325 138 3386 eius
166 3338 360 3406 conspectum
379 3329 589 3403 assuevissent,
612 3339 694 3388 metu
714 3340 745 3388 et
763 3339 808 3388 stu
831 3348 884 3388 ore
910 3327 999 3387 luisse
1024 3328 1186 3408 perculsos.

22 3405 120 3475 ¹tuare
141 3422 246 3462 seusus
266 3415 319 3480 est,
338 3403 539 3478 meoiudicio,
559 3405 701 3484 quosdam
714 3403 800 3464 initio
810 3347 980 3479 laesitasse,
1000 3406 1097 3466 donec
1112 3422 1185 3484 pro-

22 3479 77 3538 sius
100 3490 134 3538 et
153 3479 325 3543 familiarius
345 3481 382 3542 ad
402 3500 453 3542 eos
465 3480 600 3543 Christus
619 3482 786 3542 accederet:
807 3479 859 3540 ubi
879 3493 978 3542 amem
997 3501 1066 3542 vere
1086 3492 1184 3548 certo-

22 3576 68 3632 uc
91 3556 248 3632 innotuit,
272 3568 344 3618 tune
363 3577 415 3618 eos
434 3558 587 3634 adorasse,
613 3557 681 3637 quia
699 3557 813 3620 scilicet
831 3558 1007 3639 conspicuus
1027 3569 1091 3618 erat
1108 3557 1185 3619 divi-

26 3653 67 3691 ne
88 3633 159 3694 eius
180 3632 295 3714 gloriae
315 3633 424 3718 fulgor.
462 3636 504 3696 Et
522 3635 602 3696 torte
621 3633 724 3696 eadem
744 3635 780 3696 ad
801 3634 994 3695 dubitandum
1013 3635 1090 3695 ratio
1103 3632 1184 3714 ipsos

22 3708 310 3848 &etmulti
328 3711 927 3850 ιιι1131311ιὲ.1ΐιιι““’
951 3711 1020 3790 ‘¹¹¹¹‘
1044 3710 1183 3791 ⁶⁰⁹⁰⁵⁵‘⁰

84 3867 139 3928 18
181 3861 225 3924 Er
242 3863 380 3926 accedm
397 3865 481 3927 Issus
499 3809 667 3947 taquamp
679 3866 749 3925 Nou
769 3864 890 3925 dubium
910 3873 964 3938 ert,
985 3863 1056 3943 quin
1069 3863 1116 3928 lric
1132 3883 1183 3926 ac-

22 3939 620 4079 lffriillllllmlal⁰i¹¹¹r⁰¹⁰¹¹¹i¹¹l
642 3939 1198 4080 lt‘ttttttttttt‘tlttt'

22 4092 185 4154 raefatum
206 4113 269 4154 esse
289 4039 569 4156 dicitaaneclblnrel
606 4040 845 4155 lllorlssluimrbic
865 4037 1183 4155 sufficeretnledioeris

22 4169 194 4246 retoritas,
218 4171 270 4233 red
289 4191 403 4233 summo
421 4193 553 4252 vereque
572 4171 673 4232 divino
692 4169 820 4252 imperio
840 4169 955 4252 pollere
975 4191 994 4230 o
1018 4181 1113 4244 ortct,
1133 4169 1184 4262 qui

22 4267 51 4305 *o
75 4245 215 4308 nomine
234 4247 324 4308 vitam
343 4259 493 4308 aeternam
520 4247 654 4329 promitti
677 4248 812 4323 mandat,
836 4258 931 4306 toturn
956 4189 1062 4308 orbem
1086 4248 1149 4308 redr
1172 4246 1185 4304 i
1218 4251 1220 4260 '

28 4322 51 4382 b
77 4323 239 4383 ditionem
258 4344 350 4400 ruam,
369 4345 404 4386 ac
423 4324 588 4386 doctrinam
609 4323 802 4406 promulgari,
822 4345 897 4403 quae
910 4323 1031 4384 subacta
1044 4325 1125 4384 omni
1138 4267 1183 4383 al-

22 4395 140 4462 udine
161 4411 262 4466 totum
281 4401 438 4472 humanum
460 4423 552 4486 genus
573 4401 714 4464 humiliet.
754 4403 852 4482 Atque
876 4403 929 4464 bac
955 4401 1073 4482 quidem
1094 4399 1179 4491 prab-
