<?xml version="1.0" encoding="UTF-8"?>
<!DOCTYPE html PUBLIC "-//W3C//DTD XHTML 1.0 Transitional//EN"
    "http://www.w3.org/TR/xhtml1/DTD/xhtml1-transitional.dtd">
<html xmlns="http://www.w3.org/1999/xhtml" xml:lang="en" lang="en">
 <head>
  <title>
</title>
<meta http-equiv="Content-Type" content="text/html;charset=utf-8" />
  <meta name='ocr-system' content='tesseract 3.04.00' />
  <meta name='ocr-capabilities' content='ocr_page ocr_carea ocr_par ocr_line ocrx_word'/>
</head>
<body>
  <div class='ocr_page' id='page_1' title='image "./innovumtestamen00calvgoog_0588.png"; bbox 0 0 2756 4838; ppageno 0'>
   <div class='ocr_carea' id='block_1_1' title="bbox 219 193 1212 280">
    <p class='ocr_par' dir='ltr' id='par_1_1' title="bbox 219 193 1212 280">
     <span class='ocr_line' id='line_1_1' title="bbox 219 193 1212 280; baseline -0.017 -12"><span class='ocrx_word' id='word_1_1' title='bbox 219 199 300 280; x_wconf 80' lang='lat'><strong>(171.</strong></span> <span class='ocrx_word' id='word_1_2' title='bbox 340 197 515 260; x_wconf 88' lang='lat' dir='ltr'><strong>Tabernarii</strong></span> <span class='ocrx_word' id='word_1_3' title='bbox 534 197 647 278; x_wconf 88' lang='lat' dir='ltr'><strong>templo</strong></span> <span class='ocrx_word' id='word_1_4' title='bbox 667 193 752 276; x_wconf 82' lang='lat' dir='ltr'><strong>pulsi.</strong></span> <span class='ocrx_word' id='word_1_5' title='bbox 791 195 877 256; x_wconf 83' lang='lat' dir='ltr'><strong>Ficus</strong></span> <span class='ocrx_word' id='word_1_6' title='bbox 897 195 1050 276; x_wconf 85' lang='lat' dir='ltr'><strong>arelacta.)</strong></span> <span class='ocrx_word' id='word_1_7' title='bbox 1157 206 1212 268; x_wconf 59' lang='grc' dir='ltr'><strong>Μ</strong></span> 
     </span>
    </p>
   </div>
   <div class='ocr_carea' id='block_1_2' title="bbox 61 347 1364 2265">
    <p class='ocr_par' dir='ltr' id='par_1_2' title="bbox 67 347 1299 888">
     <span class='ocr_line' id='line_1_2' title="bbox 69 347 1214 438; baseline -0.001 -24"><span class='ocrx_word' id='word_1_8' title='bbox 69 349 146 414; x_wconf 82' lang='lat' dir='ltr'><strong>dicit:</strong></span> <span class='ocrx_word' id='word_1_9' title='bbox 170 350 251 431; x_wconf 90' lang='lat' dir='ltr'><strong>quod</strong></span> <span class='ocrx_word' id='word_1_10' title='bbox 270 361 367 414; x_wconf 89' lang='lat' dir='ltr'><strong>autem</strong></span> <span class='ocrx_word' id='word_1_11' title='bbox 387 351 527 413; x_wconf 60' lang='lat' dir='ltr'><strong>crosent</strong></span> <span class='ocrx_word' id='word_1_12' title='bbox 542 349 638 412; x_wconf 85' lang='lat' dir='ltr'><strong>relatu</strong></span> <span class='ocrx_word' id='word_1_13' title='bbox 657 347 794 432; x_wconf 87' lang='lat' dir='ltr'><strong>dignum,</strong></span> <span class='ocrx_word' id='word_1_14' title='bbox 817 358 920 438; x_wconf 86' lang='lat' dir='ltr'><strong>postea</strong></span> <span class='ocrx_word' id='word_1_15' title='bbox 943 347 1047 408; x_wconf 81' lang='lat' dir='ltr'><strong>refert.</strong></span> <span class='ocrx_word' id='word_1_16' title='bbox 1083 348 1214 413; x_wconf 78' lang='lat' dir='ltr'><strong>Nisi&#39;cui</strong></span> 
     </span>
     <span class='ocr_line' id='line_1_3' title="bbox 67 423 1214 510; baseline -0.001 -20"><span class='ocrx_word' id='word_1_17' title='bbox 67 429 139 490; x_wconf 84' lang='lat' dir='ltr'><strong>forte</strong></span> <span class='ocrx_word' id='word_1_18' title='bbox 165 427 256 510; x_wconf 86' lang='lat' dir='ltr'><strong>magis</strong></span> <span class='ocrx_word' id='word_1_19' title='bbox 288 429 418 510; x_wconf 88' lang='lat' dir='ltr'><strong>placeat,</strong></span> <span class='ocrx_word' id='word_1_20' title='bbox 449 427 480 488; x_wconf 91' lang='lat' dir='ltr'><strong>in</strong></span> <span class='ocrx_word' id='word_1_21' title='bbox 510 428 564 487; x_wconf 87' lang='lat' dir='ltr'><strong>hac</strong></span> <span class='ocrx_word' id='word_1_22' title='bbox 589 447 709 508; x_wconf 92' lang='lat' dir='ltr'><strong>quoque</strong></span> <span class='ocrx_word' id='word_1_23' title='bbox 733 425 854 485; x_wconf 78' lang='lat' dir='ltr'><strong>historia</strong></span> <span class='ocrx_word' id='word_1_24' title='bbox 871 423 1064 486; x_wconf 84' lang='lat' dir='ltr'><strong>&#39;observatum</strong></span> <span class='ocrx_word' id='word_1_25' title='bbox 1087 425 1214 488; x_wconf 84' lang='lat' dir='ltr'><strong>luissea</strong></span> 
     </span>
     <span class='ocr_line' id='line_1_4' title="bbox 67 499 1215 586; baseline -0.002 -22"><span class='ocrx_word' id='word_1_26' title='bbox 67 505 162 566; x_wconf 81' lang='lat' dir='ltr'><strong>Marco</strong></span> <span class='ocrx_word' id='word_1_27' title='bbox 180 515 316 584; x_wconf 87' lang='lat' dir='ltr'><strong>tempus,</strong></span> <span class='ocrx_word' id='word_1_28' title='bbox 335 505 416 586; x_wconf 90' lang='lat' dir='ltr'><strong>quod</strong></span> <span class='ocrx_word' id='word_1_29' title='bbox 436 503 485 564; x_wconf 88' lang='lat' dir='ltr'><strong>alii</strong></span> <span class='ocrx_word' id='word_1_30' title='bbox 505 503 565 582; x_wconf 85' lang='lat' dir='ltr'><strong>duo</strong></span> <span class='ocrx_word' id='word_1_31' title='bbox 584 503 783 585; x_wconf 69' lang='lat' dir='ltr'>neglexerant</span> <span class='ocrx_word' id='word_1_32' title='bbox 821 499 885 561; x_wconf 85' lang='lat' dir='ltr'><strong>Etsi</strong></span> <span class='ocrx_word' id='word_1_33' title='bbox 905 501 982 560; x_wconf 90' lang='lat' dir='ltr'><strong>enim</strong></span> <span class='ocrx_word' id='word_1_34' title='bbox 1002 511 1063 576; x_wconf 62' lang='lat' dir='ltr'><strong>suo*</strong></span> <span class='ocrx_word' id='word_1_35' title='bbox 1076 513 1215 564; x_wconf 84' lang='lat' dir='ltr'><strong>contextu</strong></span> 
     </span>
     <span class='ocr_line' id='line_1_5' title="bbox 68 577 1272 658; baseline -0.005 -14"><span class='ocrx_word' id='word_1_36' title='bbox 68 583 195 644; x_wconf 86' lang='lat' dir='ltr'><strong>videntur</strong></span> <span class='ocrx_word' id='word_1_37' title='bbox 213 581 388 642; x_wconf 84' lang='lat' dir='ltr'><strong>continuaun</strong></span> <span class='ocrx_word' id='word_1_38' title='bbox 406 593 541 642; x_wconf 89' lang='lat' dir='ltr'><strong>tenorem</strong></span> <span class='ocrx_word' id='word_1_39' title='bbox 561 591 681 652; x_wconf 83' lang='lat' dir='ltr'><strong>notare,</strong></span> <span class='ocrx_word' id='word_1_40' title='bbox 708 578 777 658; x_wconf 82' lang='lat' dir='ltr'><strong>quia</strong></span> <span class='ocrx_word' id='word_1_41' title='bbox 801 588 899 638; x_wconf 88' lang='lat' dir='ltr'><strong>tamen</strong></span> <span class='ocrx_word' id='word_1_42' title='bbox 924 577 1002 638; x_wconf 91' lang='lat' dir='ltr'><strong>diem</strong></span> <span class='ocrx_word' id='word_1_43' title='bbox 1022 589 1134 638; x_wconf 89' lang='lat' dir='ltr'><strong>certum</strong></span> <span class='ocrx_word' id='word_1_44' title='bbox 1153 599 1215 639; x_wconf 93' lang='lat' dir='ltr'><strong>non</strong></span> <span class='ocrx_word' id='word_1_45' title='bbox 1268 635 1272 644; x_wconf 81' lang='grc'><em>,</em></span> 
     </span>
     <span class='ocr_line' id='line_1_6' title="bbox 68 653 1252 738; baseline -0.003 -20"><span class='ocrx_word' id='word_1_46' title='bbox 68 654 233 738; x_wconf 81' lang='lat' dir='ltr'><strong>exprimunt,</strong></span> <span class='ocrx_word' id='word_1_47' title='bbox 252 657 326 718; x_wconf 80' lang='lat' dir='ltr'><strong>nihil</strong></span> <span class='ocrx_word' id='word_1_48' title='bbox 345 655 463 720; x_wconf 79' lang='lat' dir='ltr'>absurdi</span> <span class='ocrx_word' id='word_1_49' title='bbox 483 669 569 730; x_wconf 81' lang='lat' dir='ltr'><strong>esset,</strong></span> <span class='ocrx_word' id='word_1_50' title='bbox 588 655 669 736; x_wconf 88' lang='lat' dir='ltr'><strong>quod</strong></span> <span class='ocrx_word' id='word_1_51' title='bbox 687 655 867 721; x_wconf 82' lang='lat' dir='ltr'><strong>coniunctim</strong></span> <span class='ocrx_word' id='word_1_52' title='bbox 883 653 919 720; x_wconf 88' lang='lat' dir='ltr'><strong>in</strong></span> <span class='ocrx_word' id='word_1_53' title='bbox 939 654 1008 734; x_wconf 88' lang='lat' dir='ltr'><strong>ipsis</strong></span> <span class='ocrx_word' id='word_1_54' title='bbox 1020 653 1129 738; x_wconf 88' lang='lat' dir='ltr'><strong>legitur</strong></span> <span class='ocrx_word' id='word_1_55' title='bbox 1140 655 1215 718; x_wconf 89' lang='lat' dir='ltr'><strong>divi·</strong></span> <span class='ocrx_word' id='word_1_56' title='bbox 1247 659 1252 664; x_wconf 79' lang='grc'><strong>’</strong></span> 
     </span>
     <span class='ocr_line' id='line_1_7' title="bbox 68 729 1216 820; baseline -0.002 -26"><span class='ocrx_word' id='word_1_57' title='bbox 68 734 139 794; x_wconf 89' lang='lat' dir='ltr'><strong>dere.</strong></span> <span class='ocrx_word' id='word_1_58' title='bbox 177 733 250 794; x_wconf 83' lang='lat' dir='ltr'>Mihi</span> <span class='ocrx_word' id='word_1_59' title='bbox 270 747 369 796; x_wconf 89' lang='lat' dir='ltr'><strong>tamen</strong></span> <span class='ocrx_word' id='word_1_60' title='bbox 387 733 453 809; x_wconf 83' lang='lat' dir='ltr'><strong>illa,</strong></span> <span class='ocrx_word' id='word_1_61' title='bbox 478 755 564 814; x_wconf 90' lang='lat' dir='ltr'><strong>quam</strong></span> <span class='ocrx_word' id='word_1_62' title='bbox 588 733 688 820; x_wconf 89' lang='lat' dir='ltr'><strong>priore</strong></span> <span class='ocrx_word' id='word_1_63' title='bbox 713 731 782 792; x_wconf 88' lang='lat' dir='ltr'><strong>loco</strong></span> <span class='ocrx_word' id='word_1_64' title='bbox 808 729 909 810; x_wconf 88' lang='lat' dir='ltr'><strong>posui,</strong></span> <span class='ocrx_word' id='word_1_65' title='bbox 934 730 1103 792; x_wconf 87' lang='lat' dir='ltr'><strong>coniectura</strong></span> <span class='ocrx_word' id='word_1_66' title='bbox 1122 730 1216 813; x_wconf 87' lang='lat' dir='ltr'><strong>magis</strong></span> 
     </span>
     <span class='ocr_line' id='line_1_8' title="bbox 86 806 1299 888; baseline -0.001 -19"><span class='ocrx_word' id='word_1_67' title='bbox 86 811 169 870; x_wconf 88' lang='lat' dir='ltr'><strong>lacet:</strong></span> <span class='ocrx_word' id='word_1_68' title='bbox 201 831 269 870; x_wconf 87' lang='lat' dir='ltr'><strong>nam</strong></span> <span class='ocrx_word' id='word_1_69' title='bbox 293 810 449 872; x_wconf 81' lang='lat' dir='ltr'><strong>verisimile</strong></span> <span class='ocrx_word' id='word_1_70' title='bbox 475 823 521 871; x_wconf 85' lang='lat' dir='ltr'><strong>est</strong></span> <span class='ocrx_word' id='word_1_71' title='bbox 544 829 643 872; x_wconf 83' lang='lat' dir='ltr'><strong>coram</strong></span> <span class='ocrx_word' id='word_1_72' title='bbox 666 808 778 869; x_wconf 90' lang='lat' dir='ltr'><strong>maiore</strong></span> <span class='ocrx_word' id='word_1_73' title='bbox 796 806 900 888; x_wconf 94' lang='lat' dir='ltr'><strong>populi</strong></span> <span class='ocrx_word' id='word_1_74' title='bbox 919 806 1085 888; x_wconf 72' lang='lat' dir='ltr'><strong>frequentia</strong></span> <span class='ocrx_word' id='word_1_75' title='bbox 1104 809 1217 868; x_wconf 88' lang='lat' dir='ltr'><strong>editum</strong></span> <span class='ocrx_word' id='word_1_76' title='bbox 1294 829 1299 857; x_wconf 65' lang='lat'><em>1</em></span> 
     </span>
    </p>

    <p class='ocr_par' dir='ltr' id='par_1_3' title="bbox 66 830 1266 1120">
     <span class='ocr_line' id='line_1_9' title="bbox 66 830 1266 966; baseline 0.002 -22"><span class='ocrx_word' id='word_1_77' title='bbox 66 830 131 946; x_wconf 81' lang='lat' dir='ltr'><strong>dlud</strong></span> <span class='ocrx_word' id='word_1_78' title='bbox 154 886 241 948; x_wconf 80' lang='lat' dir='ltr'><strong>luisse</strong></span> <span class='ocrx_word' id='word_1_79' title='bbox 265 907 281 946; x_wconf 92' lang='lat' dir='ltr'><strong>a</strong></span> <span class='ocrx_word' id='word_1_80' title='bbox 302 885 421 948; x_wconf 83' lang='lat' dir='ltr'><strong>Christo</strong></span> <span class='ocrx_word' id='word_1_81' title='bbox 446 886 598 966; x_wconf 89' lang='lat' dir='ltr'><strong>potentiae</strong></span> <span class='ocrx_word' id='word_1_82' title='bbox 621 907 691 947; x_wconf 86' lang='lat' dir='ltr'><strong>suae</strong></span> <span class='ocrx_word' id='word_1_83' title='bbox 709 885 868 965; x_wconf 79' lang='lat' dir='ltr'><strong>specimen.</strong></span> <span class='ocrx_word' id='word_1_84' title='bbox 908 883 1067 946; x_wconf 78' lang='lat' dir='ltr'><strong>Caeterum</strong></span> <span class='ocrx_word' id='word_1_85' title='bbox 1087 883 1217 964; x_wconf 87' lang='lat' dir='ltr'><strong>quisquis</strong></span> <span class='ocrx_word' id='word_1_86' title='bbox 1263 885 1266 898; x_wconf 92' lang='lat'>&#39;</span> 
     </span>
     <span class='ocr_line' id='line_1_10' title="bbox 67 958 1217 1044; baseline 0 -22"><span class='ocrx_word' id='word_1_87' title='bbox 67 963 219 1042; x_wconf 79' lang='lat' dir='ltr'><strong>expendet,</strong></span> <span class='ocrx_word' id='word_1_88' title='bbox 248 984 334 1042; x_wconf 84' lang='lat' dir='ltr'><strong>quam</strong></span> <span class='ocrx_word' id='word_1_89' title='bbox 367 984 469 1044; x_wconf 86' lang='lat' dir='ltr'><strong>parum</strong></span> <span class='ocrx_word' id='word_1_90' title='bbox 495 963 601 1024; x_wconf 89' lang='lat' dir='ltr'><strong>curiosi</strong></span> <span class='ocrx_word' id='word_1_91' title='bbox 625 961 736 1022; x_wconf 85' lang='lat' dir='ltr'><strong>luerint</strong></span> <span class='ocrx_word' id='word_1_92' title='bbox 758 958 965 1044; x_wconf 84' lang='lat' dir='ltr'><strong>Evangelistae</strong></span> <span class='ocrx_word' id='word_1_93' title='bbox 997 959 1029 1020; x_wconf 92' lang='lat' dir='ltr'><strong>in</strong></span> <span class='ocrx_word' id='word_1_94' title='bbox 1059 961 1217 1022; x_wconf 85' lang='lat' dir='ltr'><strong>notatione</strong></span> 
     </span>
     <span class='ocr_line' id='line_1_11' title="bbox 66 1037 1217 1120; baseline -0.003 -20"><span class='ocrx_word' id='word_1_95' title='bbox 66 1049 235 1120; x_wconf 84' lang='lat' dir='ltr'><strong>temporum,</strong></span> <span class='ocrx_word' id='word_1_96' title='bbox 255 1061 323 1102; x_wconf 90' lang='lat' dir='ltr'><strong>eum</strong></span> <span class='ocrx_word' id='word_1_97' title='bbox 339 1061 403 1101; x_wconf 91' lang='lat' dir='ltr'><strong>non</strong></span> <span class='ocrx_word' id='word_1_98' title='bbox 423 1039 559 1110; x_wconf 85' lang='lat' dir='ltr'><strong>olsendet</strong></span> <span class='ocrx_word' id='word_1_99' title='bbox 577 1039 631 1100; x_wconf 85' lang='lat' dir='ltr'><strong>ista</strong></span> <span class='ocrx_word' id='word_1_100' title='bbox 650 1039 789 1100; x_wconf 75' lang='lat' dir='ltr'><strong>uenandi</strong></span> <span class='ocrx_word' id='word_1_101' title='bbox 810 1037 970 1098; x_wconf 85' lang='lat' dir='ltr'><strong>diversitas.</strong></span> <span class='ocrx_word' id='word_1_102' title='bbox 1214 1086 1217 1096; x_wconf 42' lang='lat' dir='ltr'><strong>s</strong></span> 
     </span>
    </p>

    <p class='ocr_par' dir='ltr' id='par_1_4' title="bbox 61 1109 1364 2039">
     <span class='ocr_line' id='line_1_12' title="bbox 135 1109 1216 1199; baseline -0.005 -18"><span class='ocrx_word' id='word_1_103' title='bbox 135 1122 180 1181; x_wconf 83' lang='lat'><strong>10·</strong></span> <span class='ocrx_word' id='word_1_104' title='bbox 223 1115 319 1199; x_wconf 75' lang='lat' dir='ltr'><strong>Quum</strong></span> <span class='ocrx_word' id='word_1_105' title='bbox 341 1121 475 1177; x_wconf 77' lang='lat' dir='ltr'><strong>intrasset</strong></span> <span class='ocrx_word' id='word_1_106' title='bbox 491 1117 602 1177; x_wconf 79' lang='lat' dir='ltr'><strong>Hieros</strong></span> <span class='ocrx_word' id='word_1_107' title='bbox 620 1115 735 1194; x_wconf 78' lang='lat' dir='ltr'><strong>lymom.</strong></span> <span class='ocrx_word' id='word_1_108' title='bbox 784 1114 972 1177; x_wconf 88' lang='lat' dir='ltr'><strong>Commotam</strong></span> <span class='ocrx_word' id='word_1_109' title='bbox 997 1109 1086 1175; x_wconf 80' lang='lat' dir='ltr'><strong>tuisse</strong></span> <span class='ocrx_word' id='word_1_110' title='bbox 1111 1112 1216 1176; x_wconf 79' lang='lat' dir='ltr'><strong>urbem</strong></span> 
     </span>
     <span class='ocr_line' id='line_1_13' title="bbox 65 1189 1216 1270; baseline 0.002 -20"><span class='ocrx_word' id='word_1_111' title='bbox 65 1189 221 1254; x_wconf 78' lang='lat' dir='ltr'><strong>Matthaeus</strong></span> <span class='ocrx_word' id='word_1_112' title='bbox 241 1193 322 1270; x_wconf 83' lang='lat' dir='ltr'><strong>dicit,</strong></span> <span class='ocrx_word' id='word_1_113' title='bbox 341 1206 374 1253; x_wconf 91' lang='lat' dir='ltr'><strong>ut</strong></span> <span class='ocrx_word' id='word_1_114' title='bbox 392 1192 525 1269; x_wconf 82' lang='lat' dir='ltr'><strong>sciamus,</strong></span> <span class='ocrx_word' id='word_1_115' title='bbox 547 1213 609 1254; x_wconf 90' lang='lat' dir='ltr'><strong>rem</strong></span> <span class='ocrx_word' id='word_1_116' title='bbox 629 1212 690 1254; x_wconf 92' lang='lat' dir='ltr'><strong>non</strong></span> <span class='ocrx_word' id='word_1_117' title='bbox 711 1191 836 1252; x_wconf 85' lang='lat' dir='ltr'><strong>obscure</strong></span> <span class='ocrx_word' id='word_1_118' title='bbox 856 1211 913 1250; x_wconf 92' lang='lat' dir='ltr'><strong>nec</strong></span> <span class='ocrx_word' id='word_1_119' title='bbox 932 1189 1033 1249; x_wconf 80' lang='lat' dir='ltr'><strong>furtim</strong></span> <span class='ocrx_word' id='word_1_120' title='bbox 1051 1189 1142 1251; x_wconf 81' lang='lat' dir='ltr'><strong>luisse</strong></span> <span class='ocrx_word' id='word_1_121' title='bbox 1183 1212 1216 1252; x_wconf 89' lang='lat' dir='ltr'><strong>e-</strong></span> 
     </span>
     <span class='ocr_line' id='line_1_14' title="bbox 64 1211 1364 1360; baseline 0.001 -34"><span class='ocrx_word' id='word_1_122' title='bbox 64 1279 140 1342; x_wconf 86' lang='lat' dir='ltr'><strong>stam,</strong></span> <span class='ocrx_word' id='word_1_123' title='bbox 157 1269 210 1329; x_wconf 94' lang='lat' dir='ltr'><strong>sed</strong></span> <span class='ocrx_word' id='word_1_124' title='bbox 230 1280 296 1330; x_wconf 89' lang='lat' dir='ltr'><strong>toto</strong></span> <span class='ocrx_word' id='word_1_125' title='bbox 316 1269 461 1351; x_wconf 90' lang='lat' dir='ltr'><strong>populos</strong></span> <span class='ocrx_word' id='word_1_126' title='bbox 484 1279 610 1345; x_wconf 86' lang='lat' dir='ltr'><strong>ectante,</strong></span> <span class='ocrx_word' id='word_1_127' title='bbox 628 1289 684 1329; x_wconf 89' lang='lat' dir='ltr'><strong>nec</strong></span> <span class='ocrx_word' id='word_1_128' title='bbox 707 1267 817 1360; x_wconf 79' lang='lat' dir='ltr'><strong>ignaris</strong></span> <span class='ocrx_word' id='word_1_129' title='bbox 836 1265 1037 1339; x_wconf 83' lang='lat' dir='ltr'><strong>sacerdotibus</strong></span> <span class='ocrx_word' id='word_1_130' title='bbox 1058 1211 1218 1354; x_wconf 72' lang='lat' dir='ltr'><strong>etscribis.</strong></span> <span class='ocrx_word' id='word_1_131' title='bbox 1319 1295 1323 1306; x_wconf 69' lang='lat'><strong><em>¹</em></strong></span> <span class='ocrx_word' id='word_1_132' title='bbox 1363 1257 1364 1276; x_wconf 55' lang='lat'>¹</span> 
     </span>
     <span class='ocr_line' id='line_1_15' title="bbox 66 1291 1215 1427; baseline 0 -24"><span class='ocrx_word' id='word_1_133' title='bbox 66 1343 159 1418; x_wconf 86' lang='lat' dir='ltr'><strong>Quare</strong></span> <span class='ocrx_word' id='word_1_134' title='bbox 177 1343 210 1405; x_wconf 95' lang='lat' dir='ltr'><strong>in</strong></span> <span class='ocrx_word' id='word_1_135' title='bbox 231 1345 285 1415; x_wconf 84' lang='lat' dir='ltr'><strong>illo</strong></span> <span class='ocrx_word' id='word_1_136' title='bbox 306 1291 523 1427; x_wconf 72' lang='lat' dir='ltr'><strong>contemptibili</strong></span> <span class='ocrx_word' id='word_1_137' title='bbox 543 1344 638 1407; x_wconf 88' lang='lat' dir='ltr'><strong>carnis</strong></span> <span class='ocrx_word' id='word_1_138' title='bbox 657 1344 759 1409; x_wconf 77' lang='lat' dir='ltr'><strong>babitu</strong></span> <span class='ocrx_word' id='word_1_139' title='bbox 779 1343 937 1422; x_wconf 91' lang='lat' dir='ltr'><strong>conspicua</strong></span> <span class='ocrx_word' id='word_1_140' title='bbox 947 1341 1141 1420; x_wconf 81' lang='lat' dir='ltr'><strong>iuitSprritus</strong></span> <span class='ocrx_word' id='word_1_141' title='bbox 1153 1365 1215 1403; x_wconf 87' lang='lat' dir='ltr'><strong>ma-</strong></span> 
     </span>
     <span class='ocr_line' id='line_1_16' title="bbox 64 1418 1217 1514; baseline 0.002 -36"><span class='ocrx_word' id='word_1_142' title='bbox 64 1418 155 1480; x_wconf 90' lang='lat' dir='ltr'><strong>iestas:</strong></span> <span class='ocrx_word' id='word_1_143' title='bbox 176 1423 330 1502; x_wconf 83' lang='lat' dir='ltr'><strong>quomodo</strong></span> <span class='ocrx_word' id='word_1_144' title='bbox 351 1423 430 1482; x_wconf 89' lang='lat' dir='ltr'><strong>enim</strong></span> <span class='ocrx_word' id='word_1_145' title='bbox 449 1424 525 1514; x_wconf 87' lang='lat' dir='ltr'><strong>passi</strong></span> <span class='ocrx_word' id='word_1_146' title='bbox 545 1442 648 1483; x_wconf 85' lang='lat' dir='ltr'><strong>omnes</strong></span> <span class='ocrx_word' id='word_1_147' title='bbox 667 1420 793 1482; x_wconf 83' lang='lat' dir='ltr'><strong>inissent</strong></span> <span class='ocrx_word' id='word_1_148' title='bbox 812 1441 878 1480; x_wconf 88' lang='lat' dir='ltr'><strong>curn</strong></span> <span class='ocrx_word' id='word_1_149' title='bbox 896 1438 1006 1511; x_wconf 82' lang='lat' dir='ltr'><strong>magno</strong></span> <span class='ocrx_word' id='word_1_150' title='bbox 1018 1437 1071 1477; x_wconf 91' lang='lat' dir='ltr'><strong>suo</strong></span> <span class='ocrx_word' id='word_1_151' title='bbox 1084 1419 1217 1497; x_wconf 87' lang='lat' dir='ltr'><strong>periculo</strong></span> 
     </span>
     <span class='ocr_line' id='line_1_17' title="bbox 64 1490 1219 1582; baseline 0.002 -26"><span class='ocrx_word' id='word_1_152' title='bbox 64 1493 205 1558; x_wconf 84' lang='lat' dir='ltr'><strong>Christum</strong></span> <span class='ocrx_word' id='word_1_153' title='bbox 227 1497 260 1558; x_wconf 89' lang='lat' dir='ltr'><strong>in</strong></span> <span class='ocrx_word' id='word_1_154' title='bbox 279 1490 383 1560; x_wconf 65' lang='lat' dir='ltr'><strong>urbem</strong></span> <span class='ocrx_word' id='word_1_155' title='bbox 402 1497 485 1582; x_wconf 75' lang='lat' dir='ltr'><strong>regra&#39;</strong></span> <span class='ocrx_word' id='word_1_156' title='bbox 504 1519 614 1580; x_wconf 86' lang='lat' dir='ltr'><strong>pompa</strong></span> <span class='ocrx_word' id='word_1_157' title='bbox 633 1497 743 1570; x_wconf 88' lang='lat' dir='ltr'><strong>induci,</strong></span> <span class='ocrx_word' id='word_1_158' title='bbox 763 1495 818 1556; x_wconf 90' lang='lat' dir='ltr'><strong>nisi</strong></span> <span class='ocrx_word' id='word_1_159' title='bbox 837 1495 955 1556; x_wconf 78' lang='lat' dir='ltr'><strong>attoniti</strong></span> <span class='ocrx_word' id='word_1_160' title='bbox 975 1493 1114 1555; x_wconf 79' lang='lat' dir='ltr'><strong>tuissent?</strong></span> <span class='ocrx_word' id='word_1_161' title='bbox 1134 1495 1219 1558; x_wconf 87' lang='lat' dir='ltr'><strong>Haec.</strong></span> 
     </span>
     <span class='ocr_line' id='line_1_18' title="bbox 64 1569 1240 1658; baseline -0.002 -26"><span class='ocrx_word' id='word_1_162' title='bbox 64 1591 130 1656; x_wconf 87' lang='lat' dir='ltr'><strong>ergo</strong></span> <span class='ocrx_word' id='word_1_163' title='bbox 146 1595 259 1636; x_wconf 87' lang='lat' dir='ltr'><strong>summa</strong></span> <span class='ocrx_word' id='word_1_164' title='bbox 271 1587 325 1651; x_wconf 84' lang='lat' dir='ltr'><strong>est,</strong></span> <span class='ocrx_word' id='word_1_165' title='bbox 343 1595 442 1658; x_wconf 79' lang='lat' dir='ltr'><strong>neque</strong></span> <span class='ocrx_word' id='word_1_166' title='bbox 462 1575 675 1639; x_wconf 83' lang='lat' dir='ltr'><strong>clandestinum</strong></span> <span class='ocrx_word' id='word_1_167' title='bbox 694 1569 782 1634; x_wconf 89' lang='lat' dir='ltr'><strong>suisse</strong></span> <span class='ocrx_word' id='word_1_168' title='bbox 797 1571 908 1634; x_wconf 85' lang='lat' dir='ltr'><strong>Christi</strong></span> <span class='ocrx_word' id='word_1_169' title='bbox 926 1571 1101 1653; x_wconf 86' lang='lat' dir='ltr'><strong>ingressum,</strong></span> <span class='ocrx_word' id='word_1_170' title='bbox 1119 1591 1157 1632; x_wconf 90' lang='lat' dir='ltr'><strong>ne</strong></span> <span class='ocrx_word' id='word_1_171' title='bbox 1181 1593 1217 1634; x_wconf 90' lang='lat' dir='ltr'><strong>ue</strong></span> <span class='ocrx_word' id='word_1_172' title='bbox 1235 1623 1240 1630; x_wconf 94' lang='lat'>.</span> 
     </span>
     <span class='ocr_line' id='line_1_19' title="bbox 61 1646 1218 1782; baseline 0.003 -76"><span class='ocrx_word' id='word_1_173' title='bbox 61 1647 154 1712; x_wconf 88' lang='lat' dir='ltr'><strong>hostes</strong></span> <span class='ocrx_word' id='word_1_174' title='bbox 173 1651 237 1712; x_wconf 89' lang='lat' dir='ltr'><strong>eius</strong></span> <span class='ocrx_word' id='word_1_175' title='bbox 256 1652 418 1733; x_wconf 77' lang='lat' dir='ltr'><strong>quievisse,</strong></span> <span class='ocrx_word' id='word_1_176' title='bbox 445 1652 513 1734; x_wconf 89' lang='lat' dir='ltr'><strong>quia</strong></span> <span class='ocrx_word' id='word_1_177' title='bbox 537 1673 604 1714; x_wconf 86' lang='lat' dir='ltr'><strong>eum</strong></span> <span class='ocrx_word' id='word_1_178' title='bbox 630 1660 872 1724; x_wconf 84' lang='lat' dir='ltr'><strong>contemnerent,</strong></span> <span class='ocrx_word' id='word_1_179' title='bbox 895 1649 947 1710; x_wconf 91' lang='lat' dir='ltr'><strong>sed</strong></span> <span class='ocrx_word' id='word_1_180' title='bbox 959 1646 1071 1782; x_wconf 84' lang='lat' dir='ltr'><strong>lpotius</strong></span> <span class='ocrx_word' id='word_1_181' title='bbox 1097 1669 1152 1708; x_wconf 91' lang='lat' dir='ltr'><strong>occ</strong></span> <span class='ocrx_word' id='word_1_182' title='bbox 1185 1661 1218 1710; x_wconf 91' lang='lat' dir='ltr'><strong>to</strong></span> 
     </span>
     <span class='ocr_line' id='line_1_20' title="bbox 63 1725 1218 1820; baseline 0.003 -36"><span class='ocrx_word' id='word_1_183' title='bbox 63 1738 138 1786; x_wconf 90' lang='lat' dir='ltr'><strong>metu</strong></span> <span class='ocrx_word' id='word_1_184' title='bbox 161 1726 252 1790; x_wconf 84' lang='lat' dir='ltr'><strong>luisse</strong></span> <span class='ocrx_word' id='word_1_185' title='bbox 276 1727 438 1790; x_wconf 86' lang='lat' dir='ltr'><strong>cohibitos:</strong></span> <span class='ocrx_word' id='word_1_186' title='bbox 465 1729 533 1820; x_wconf 89' lang='lat' dir='ltr'><strong>quia</strong></span> <span class='ocrx_word' id='word_1_187' title='bbox 556 1727 669 1789; x_wconf 88' lang='lat' dir='ltr'><strong>scilicet</strong></span> <span class='ocrx_word' id='word_1_188' title='bbox 693 1747 744 1788; x_wconf 92' lang='lat' dir='ltr'><strong>eos</strong></span> <span class='ocrx_word' id='word_1_189' title='bbox 769 1725 935 1807; x_wconf 85' lang='lat' dir='ltr'><strong>perculerat</strong></span> <span class='ocrx_word' id='word_1_190' title='bbox 991 1743 1063 1800; x_wconf 80' lang='lat' dir='ltr'><strong>eus,</strong></span> <span class='ocrx_word' id='word_1_191' title='bbox 1083 1745 1121 1785; x_wconf 90' lang='lat' dir='ltr'><strong>ne</strong></span> <span class='ocrx_word' id='word_1_192' title='bbox 1135 1725 1218 1809; x_wconf 63' lang='lat' dir='ltr'><strong>,quid</strong></span> 
     </span>
     <span class='ocr_line' id='line_1_21' title="bbox 63 1797 1220 1893; baseline 0.003 -34"><span class='ocrx_word' id='word_1_193' title='bbox 63 1810 172 1866; x_wconf 89' lang='lat' dir='ltr'><strong>tentare</strong></span> <span class='ocrx_word' id='word_1_194' title='bbox 191 1805 343 1866; x_wconf 79' lang='lat' dir='ltr'><strong>auderent</strong></span> <span class='ocrx_word' id='word_1_195' title='bbox 390 1802 514 1866; x_wconf 78' lang='lat' dir='ltr'><strong>Interim</strong></span> <span class='ocrx_word' id='word_1_196' title='bbox 540 1804 751 1886; x_wconf 79' lang='lat' dir='ltr'><strong>perstringitur</strong></span> <span class='ocrx_word' id='word_1_197' title='bbox 774 1801 878 1893; x_wconf 88' lang='lat' dir='ltr'><strong>supina</strong></span> <span class='ocrx_word' id='word_1_198' title='bbox 901 1797 984 1860; x_wconf 86' lang='lat' dir='ltr'><strong>urbis</strong></span> <span class='ocrx_word' id='word_1_199' title='bbox 1002 1800 1159 1877; x_wconf 83' lang='lat' dir='ltr'><strong>securitas,</strong></span> <span class='ocrx_word' id='word_1_200' title='bbox 1188 1815 1220 1864; x_wconf 89' lang='lat' dir='ltr'><strong>et</strong></span> 
     </span>
     <span class='ocr_line' id='line_1_22' title="bbox 64 1877 1220 1968; baseline 0.001 -31"><span class='ocrx_word' id='word_1_201' title='bbox 64 1877 236 1942; x_wconf 83' lang='lat' dir='ltr'><strong>advenarum</strong></span> <span class='ocrx_word' id='word_1_202' title='bbox 255 1881 389 1944; x_wconf 79' lang='lat' dir='ltr'><strong>laudatam</strong></span> <span class='ocrx_word' id='word_1_203' title='bbox 407 1881 530 1965; x_wconf 88' lang='lat' dir='ltr'><strong>religio:</strong></span> <span class='ocrx_word' id='word_1_204' title='bbox 551 1902 618 1942; x_wconf 88' lang='lat' dir='ltr'><strong>nam</strong></span> <span class='ocrx_word' id='word_1_205' title='bbox 639 1901 728 1962; x_wconf 89' lang='lat' dir='ltr'><strong>quum</strong></span> <span class='ocrx_word' id='word_1_206' title='bbox 747 1878 848 1940; x_wconf 72' lang='lat' dir='ltr'><strong>audito</strong></span> <span class='ocrx_word' id='word_1_207' title='bbox 867 1877 992 1968; x_wconf 87' lang='lat' dir='ltr'><strong>strepitu</strong></span> <span class='ocrx_word' id='word_1_208' title='bbox 1011 1889 1156 1967; x_wconf 89' lang='lat' dir='ltr'><strong>quaerunt</strong></span> <span class='ocrx_word' id='word_1_209' title='bbox 1175 1879 1220 1940; x_wconf 88' lang='lat' dir='ltr'><strong>ei-</strong></span> 
     </span>
     <span class='ocr_line' id='line_1_23' title="bbox 64 1953 1116 2039; baseline 0.001 -25"><span class='ocrx_word' id='word_1_210' title='bbox 64 1974 119 2030; x_wconf 87' lang='lat' dir='ltr'><strong>res,</strong></span> <span class='ocrx_word' id='word_1_211' title='bbox 138 1958 270 2036; x_wconf 90' lang='lat' dir='ltr'><strong>quisnam</strong></span> <span class='ocrx_word' id='word_1_212' title='bbox 289 1959 328 2019; x_wconf 90' lang='lat' dir='ltr'><strong>sit</strong></span> <span class='ocrx_word' id='word_1_213' title='bbox 346 1956 408 2034; x_wconf 92' lang='lat' dir='ltr'><strong>ille,</strong></span> <span class='ocrx_word' id='word_1_214' title='bbox 426 1969 509 2039; x_wconf 91' lang='lat' dir='ltr'><strong>patet</strong></span> <span class='ocrx_word' id='word_1_215' title='bbox 529 1979 579 2019; x_wconf 89' lang='lat' dir='ltr'><strong>eos</strong></span> <span class='ocrx_word' id='word_1_216' title='bbox 599 1979 663 2018; x_wconf 92' lang='lat' dir='ltr'><strong>non</strong></span> <span class='ocrx_word' id='word_1_217' title='bbox 682 1977 744 2018; x_wconf 87' lang='lat' dir='ltr'><strong>esse</strong></span> <span class='ocrx_word' id='word_1_218' title='bbox 766 1977 800 2017; x_wconf 80' lang='lat' dir='ltr'><strong>er</strong></span> <span class='ocrx_word' id='word_1_219' title='bbox 820 1953 932 2016; x_wconf 77' lang='lat' dir='ltr'><strong>Christi</strong></span> <span class='ocrx_word' id='word_1_220' title='bbox 951 1953 1116 2015; x_wconf 75' lang='lat' dir='ltr'><strong>comitibus.</strong></span> 
     </span>
    </p>

    <p class='ocr_par' dir='ltr' id='par_1_5' title="bbox 62 2031 1218 2265">
     <span class='ocr_line' id='line_1_24' title="bbox 133 2031 1218 2169; baseline -0.004 -69"><span class='ocrx_word' id='word_1_221' title='bbox 133 2041 179 2100; x_wconf 68' lang='lat'><strong>12</strong></span> <span class='ocrx_word' id='word_1_222' title='bbox 216 2033 341 2094; x_wconf 76' lang='lat' dir='ltr'><strong>Intravit</strong></span> <span class='ocrx_word' id='word_1_223' title='bbox 356 2034 441 2096; x_wconf 72' lang='lat' dir='ltr'><strong>lesan</strong></span> <span class='ocrx_word' id='word_1_224' title='bbox 457 2038 490 2094; x_wconf 81' lang='lat' dir='ltr'><strong>in</strong></span> <span class='ocrx_word' id='word_1_225' title='bbox 507 2035 650 2112; x_wconf 75' lang='lat' dir='ltr'><strong>terspbm.</strong></span> <span class='ocrx_word' id='word_1_226' title='bbox 690 2033 791 2169; x_wconf 58' lang='lat' dir='ltr'><strong>quum</strong></span> <span class='ocrx_word' id='word_1_227' title='bbox 815 2031 930 2112; x_wconf 87' lang='lat' dir='ltr'><strong>saepius</strong></span> <span class='ocrx_word' id='word_1_228' title='bbox 954 2031 985 2090; x_wconf 90' lang='lat' dir='ltr'><strong>in</strong></span> <span class='ocrx_word' id='word_1_229' title='bbox 1010 2031 1153 2112; x_wconf 88' lang='lat' dir='ltr'><strong>templum</strong></span> <span class='ocrx_word' id='word_1_230' title='bbox 1172 2053 1218 2096; x_wconf 87' lang='lat' dir='ltr'><strong>as-</strong></span> 
     </span>
     <span class='ocr_line' id='line_1_25' title="bbox 62 2107 1218 2191; baseline 0.002 -23"><span class='ocrx_word' id='word_1_231' title='bbox 62 2107 209 2186; x_wconf 85' lang='lat' dir='ltr'><strong>cenderet,</strong></span> <span class='ocrx_word' id='word_1_232' title='bbox 227 2121 258 2172; x_wconf 90' lang='lat' dir='ltr'><strong>et</strong></span> <span class='ocrx_word' id='word_1_233' title='bbox 276 2112 348 2172; x_wconf 89' lang='lat' dir='ltr'><strong>haec</strong></span> <span class='ocrx_word' id='word_1_234' title='bbox 368 2112 537 2191; x_wconf 91' lang='lat' dir='ltr'><strong>corruptela</strong></span> <span class='ocrx_word' id='word_1_235' title='bbox 555 2111 681 2172; x_wconf 89' lang='lat' dir='ltr'><strong>subinde</strong></span> <span class='ocrx_word' id='word_1_236' title='bbox 700 2110 743 2170; x_wconf 93' lang='lat' dir='ltr'><strong>ili</strong></span> <span class='ocrx_word' id='word_1_237' title='bbox 764 2119 840 2172; x_wconf 92' lang='lat' dir='ltr'><strong>esset</strong></span> <span class='ocrx_word' id='word_1_238' title='bbox 857 2117 927 2172; x_wconf 81' lang='lat' dir='ltr'><strong>ante</strong></span> <span class='ocrx_word' id='word_1_239' title='bbox 947 2107 1066 2184; x_wconf 89' lang='lat' dir='ltr'><strong>oculos,</strong></span> <span class='ocrx_word' id='word_1_240' title='bbox 1088 2107 1132 2168; x_wconf 88' lang='lat' dir='ltr'><strong>bis</strong></span> <span class='ocrx_word' id='word_1_241' title='bbox 1151 2121 1218 2170; x_wconf 84' lang='lat' dir='ltr'><strong>tan-</strong></span> 
     </span>
     <span class='ocr_line' id='line_1_26' title="bbox 64 2181 1218 2265; baseline 0.001 -20"><span class='ocrx_word' id='word_1_242' title='bbox 64 2194 121 2244; x_wconf 87' lang='lat' dir='ltr'><strong>tum</strong></span> <span class='ocrx_word' id='word_1_243' title='bbox 140 2187 178 2247; x_wconf 88' lang='lat' dir='ltr'><strong>ad</strong></span> <span class='ocrx_word' id='word_1_244' title='bbox 199 2187 260 2248; x_wconf 91' lang='lat' dir='ltr'><strong>eius</strong></span> <span class='ocrx_word' id='word_1_245' title='bbox 279 2187 498 2248; x_wconf 87' lang='lat' dir='ltr'><strong>correctionem</strong></span> <span class='ocrx_word' id='word_1_246' title='bbox 517 2207 636 2247; x_wconf 90' lang='lat' dir='ltr'><strong>manum</strong></span> <span class='ocrx_word' id='word_1_247' title='bbox 645 2185 788 2247; x_wconf 84' lang='lat' dir='ltr'><strong>admovit:</strong></span> <span class='ocrx_word' id='word_1_248' title='bbox 809 2183 900 2245; x_wconf 89' lang='lat' dir='ltr'><strong>semel</strong></span> <span class='ocrx_word' id='word_1_249' title='bbox 911 2181 999 2242; x_wconf 85' lang='lat' dir='ltr'><strong>initio</strong></span> <span class='ocrx_word' id='word_1_250' title='bbox 1009 2203 1078 2244; x_wconf 90' lang='lat' dir='ltr'><strong>suae</strong></span> <span class='ocrx_word' id='word_1_251' title='bbox 1090 2183 1218 2265; x_wconf 86' lang='lat' dir='ltr'><strong>legatio-</strong></span> 
     </span>
    </p>
   </div>
   <div class='ocr_carea' id='block_1_3' title="bbox 62 2256 1364 2397">
    <p class='ocr_par' dir='ltr' id='par_1_6' title="bbox 62 2256 1364 2397">
     <span class='ocr_line' id='line_1_27' title="bbox 62 2256 1364 2397; baseline -0.002 -80"><span class='ocrx_word' id='word_1_252' title='bbox 62 2259 113 2336; x_wconf 89' lang='lat' dir='ltr'><strong>nis,</strong></span> <span class='ocrx_word' id='word_1_253' title='bbox 133 2274 164 2322; x_wconf 89' lang='lat' dir='ltr'><strong>et</strong></span> <span class='ocrx_word' id='word_1_254' title='bbox 183 2284 262 2324; x_wconf 90' lang='lat' dir='ltr'><strong>nunc</strong></span> <span class='ocrx_word' id='word_1_255' title='bbox 281 2285 395 2324; x_wconf 88' lang='lat' dir='ltr'><strong>rursum</strong></span> <span class='ocrx_word' id='word_1_256' title='bbox 415 2283 504 2397; x_wconf 86' lang='lat' dir='ltr'><strong>quum</strong></span> <span class='ocrx_word' id='word_1_257' title='bbox 523 2282 618 2342; x_wconf 92' lang='lat' dir='ltr'><strong>prope</strong></span> <span class='ocrx_word' id='word_1_258' title='bbox 631 2263 668 2322; x_wconf 89' lang='lat' dir='ltr'><strong>ad</strong></span> <span class='ocrx_word' id='word_1_259' title='bbox 679 2273 787 2322; x_wconf 89' lang='lat' dir='ltr'><strong>metam</strong></span> <span class='ocrx_word' id='word_1_260' title='bbox 799 2271 919 2320; x_wconf 84' lang='lat' dir='ltr'><strong>rentum</strong></span> <span class='ocrx_word' id='word_1_261' title='bbox 929 2256 1017 2318; x_wconf 81' lang='lat' dir='ltr'><strong>foret</strong></span> <span class='ocrx_word' id='word_1_262' title='bbox 1056 2258 1117 2320; x_wconf 90' lang='lat' dir='ltr'><strong>Sed</strong></span> <span class='ocrx_word' id='word_1_263' title='bbox 1129 2281 1220 2352; x_wconf 81' lang='lat' dir='ltr'><strong>quupa</strong></span> <span class='ocrx_word' id='word_1_264' title='bbox 1293 2291 1297 2296; x_wconf 89' lang='lat'><em>-</em></span> <span class='ocrx_word' id='word_1_265' title='bbox 1363 2289 1364 2360; x_wconf 43' lang='lat' dir='ltr'><strong>p</strong></span> 
     </span>
    </p>
   </div>
   <div class='ocr_carea' id='block_1_4' title="bbox 39 2337 1291 4410">
    <p class='ocr_par' dir='ltr' id='par_1_7' title="bbox 39 2337 1291 4410">
     <span class='ocr_line' id='line_1_28' title="bbox 61 2337 502 2417; baseline 0.005 -21"><span class='ocrx_word' id='word_1_266' title='bbox 61 2337 150 2417; x_wconf 87' lang='lat' dir='ltr'><strong>turpis</strong></span> <span class='ocrx_word' id='word_1_267' title='bbox 172 2351 201 2398; x_wconf 86' lang='lat' dir='ltr'><strong>et</strong></span> <span class='ocrx_word' id='word_1_268' title='bbox 221 2337 346 2417; x_wconf 82' lang='lat' dir='ltr'><strong>prolana</strong></span> <span class='ocrx_word' id='word_1_269' title='bbox 366 2359 423 2398; x_wconf 88' lang='lat' dir='ltr'><strong>con</strong></span> <span class='ocrx_word' id='word_1_270' title='bbox 438 2339 502 2398; x_wconf 90' lang='lat' dir='ltr'><strong>usio</strong></span> 
     </span>
     <span class='ocr_line' id='line_1_29' title="bbox 60 2359 1218 2496; baseline 0.007 -26"><span class='ocrx_word' id='word_1_271' title='bbox 60 2413 206 2474; x_wconf 88' lang='lat' dir='ltr'><strong>sacrifieiis</strong></span> <span class='ocrx_word' id='word_1_272' title='bbox 226 2413 339 2473; x_wconf 80' lang='lat' dir='ltr'><strong>excidio</strong></span> <span class='ocrx_word' id='word_1_273' title='bbox 359 2413 506 2475; x_wconf 87' lang='lat' dir='ltr'><strong>addictum</strong></span> <span class='ocrx_word' id='word_1_274' title='bbox 522 2359 615 2496; x_wconf 67' lang='lat' dir='ltr'><strong>leret,</strong></span> <span class='ocrx_word' id='word_1_275' title='bbox 633 2411 701 2472; x_wconf 85' lang='lat' dir='ltr'><strong>satis</strong></span> <span class='ocrx_word' id='word_1_276' title='bbox 721 2409 978 2484; x_wconf 65' lang='lat' dir='ltr'><strong>transcursam,</strong></span> <span class='ocrx_word' id='word_1_277' title='bbox 999 2430 1060 2472; x_wconf 84' lang='lat' dir='ltr'><strong>erus</strong></span> <span class='ocrx_word' id='word_1_278' title='bbox 1075 2411 1218 2490; x_wconf 57' lang='lat' dir='ltr'><strong>profanas</strong></span> 
     </span>
     <span class='ocr_line' id='line_1_30' title="bbox 59 2484 1291 2620; baseline 0.001 -71"><span class='ocrx_word' id='word_1_279' title='bbox 59 2487 172 2549; x_wconf 88' lang='lat' dir='ltr'><strong>tionem</strong></span> <span class='ocrx_word' id='word_1_280' title='bbox 192 2485 237 2550; x_wconf 89' lang='lat' dir='ltr'><strong>bis</strong></span> <span class='ocrx_word' id='word_1_281' title='bbox 257 2487 352 2568; x_wconf 82' lang='lat' dir='ltr'><strong>palam</strong></span> <span class='ocrx_word' id='word_1_282' title='bbox 372 2509 544 2572; x_wconf 83' lang='lat' dir='ltr'><strong>coarguere.</strong></span> <span class='ocrx_word' id='word_1_283' title='bbox 583 2488 685 2563; x_wconf 87' lang='lat' dir='ltr'><strong>Quum</strong></span> <span class='ocrx_word' id='word_1_284' title='bbox 704 2507 777 2568; x_wconf 83' lang='lat' dir='ltr'><strong>ergo</strong></span> <span class='ocrx_word' id='word_1_285' title='bbox 797 2507 829 2548; x_wconf 93' lang='lat' dir='ltr'><strong>se</strong></span> <span class='ocrx_word' id='word_1_286' title='bbox 849 2484 990 2620; x_wconf 83' lang='lat' dir='ltr'><strong>patefecit</strong></span> <span class='ocrx_word' id='word_1_287' title='bbox 1002 2486 1167 2549; x_wconf 79' lang='lat' dir='ltr'><strong>Ductorem</strong></span> <span class='ocrx_word' id='word_1_288' title='bbox 1188 2501 1220 2550; x_wconf 87' lang='lat' dir='ltr'><strong>et</strong></span> <span class='ocrx_word' id='word_1_289' title='bbox 1286 2537 1291 2549; x_wconf 87' lang='grc'><strong><em>,</em></strong></span> 
     </span>
     <span class='ocr_line' id='line_1_31' title="bbox 58 2563 1218 2646; baseline 0.001 -22"><span class='ocrx_word' id='word_1_290' title='bbox 58 2563 241 2646; x_wconf 78' lang='lat' dir='ltr'><strong>Prophetam</strong></span> <span class='ocrx_word' id='word_1_291' title='bbox 260 2586 277 2624; x_wconf 95' lang='lat' dir='ltr'><strong>a</strong></span> <span class='ocrx_word' id='word_1_292' title='bbox 295 2565 365 2624; x_wconf 88' lang='lat' dir='ltr'><strong>Deo</strong></span> <span class='ocrx_word' id='word_1_293' title='bbox 384 2565 701 2642; x_wconf 85' lang='lat' dir='ltr'><strong>missum,ut1udaeos</strong></span> <span class='ocrx_word' id='word_1_294' title='bbox 721 2584 738 2623; x_wconf 93' lang='lat' dir='ltr'><strong>e</strong></span> <span class='ocrx_word' id='word_1_295' title='bbox 778 2583 848 2645; x_wconf 82' lang='lat' dir='ltr'><strong>erge</strong></span> <span class='ocrx_word' id='word_1_296' title='bbox 862 2572 961 2622; x_wconf 79' lang='lat' dir='ltr'><strong>sceret</strong></span> <span class='ocrx_word' id='word_1_297' title='bbox 978 2563 1130 2644; x_wconf 83' lang='lat' dir='ltr'><strong>magisque</strong></span> <span class='ocrx_word' id='word_1_298' title='bbox 1149 2564 1218 2625; x_wconf 91' lang='lat' dir='ltr'><strong>red-</strong></span> 
     </span>
     <span class='ocr_line' id='line_1_32' title="bbox 60 2630 1220 2777; baseline -0.003 -73"><span class='ocrx_word' id='word_1_299' title='bbox 60 2641 143 2707; x_wconf 85' lang='lat' dir='ltr'><strong>deret</strong></span> <span class='ocrx_word' id='word_1_300' title='bbox 163 2650 302 2715; x_wconf 79' lang='lat' dir='ltr'><strong>attentos,</strong></span> <span class='ocrx_word' id='word_1_301' title='bbox 320 2641 425 2723; x_wconf 88' lang='lat' dir='ltr'><strong>templi</strong></span> <span class='ocrx_word' id='word_1_302' title='bbox 428 2641 582 2777; x_wconf 80' lang='lat' dir='ltr'><strong>purgandi</strong></span> <span class='ocrx_word' id='word_1_303' title='bbox 600 2662 705 2702; x_wconf 90' lang='lat' dir='ltr'><strong>munus</strong></span> <span class='ocrx_word' id='word_1_304' title='bbox 724 2639 748 2700; x_wconf 89' lang='lat' dir='ltr'><strong>s&#39;</strong></span> <span class='ocrx_word' id='word_1_305' title='bbox 770 2639 780 2698; x_wconf 95' lang='lat' dir='ltr'><strong>i</strong></span> <span class='ocrx_word' id='word_1_306' title='bbox 799 2637 934 2718; x_wconf 85' lang='lat' dir='ltr'><strong>sumpsit:</strong></span> <span class='ocrx_word' id='word_1_307' title='bbox 954 2649 1042 2775; x_wconf 72' lang='lat' dir='ltr'><strong>atqpe</strong></span> <span class='ocrx_word' id='word_1_308' title='bbox 1062 2630 1220 2721; x_wconf 68' lang='lat' dir='ltr'><strong>hanc&#39;pri-</strong></span> 
     </span>
     <span class='ocr_line' id='line_1_33' title="bbox 61 2713 1217 2799; baseline -0.003 -19"><span class='ocrx_word' id='word_1_309' title='bbox 61 2737 141 2780; x_wconf 90' lang='lat' dir='ltr'><strong>orem</strong></span> <span class='ocrx_word' id='word_1_310' title='bbox 162 2717 313 2778; x_wconf 85' lang='lat' dir='ltr'><strong>historiam</strong></span> <span class='ocrx_word' id='word_1_311' title='bbox 332 2717 411 2779; x_wconf 89' lang='lat' dir='ltr'><strong>solus</strong></span> <span class='ocrx_word' id='word_1_312' title='bbox 445 2738 555 2779; x_wconf 87' lang='lat' dir='ltr'><strong>oannes</strong></span> <span class='ocrx_word' id='word_1_313' title='bbox 575 2715 674 2799; x_wconf 85' lang='lat' dir='ltr'><strong>attigit</strong></span> <span class='ocrx_word' id='word_1_314' title='bbox 691 2715 788 2796; x_wconf 79' lang='lat' dir='ltr'><strong>eapite</strong></span> <span class='ocrx_word' id='word_1_315' title='bbox 806 2713 947 2786; x_wconf 84' lang='lat' dir='ltr'><strong>secundo.</strong></span> <span class='ocrx_word' id='word_1_316' title='bbox 1015 2717 1217 2778; x_wconf 81' lang='lat' dir='ltr'><strong>udcrerosnb</strong></span> 
     </span>
     <span class='ocr_line' id='line_1_34' title="bbox 62 2789 1217 2875; baseline 0.002 -23"><span class='ocrx_word' id='word_1_317' title='bbox 62 2792 153 2856; x_wconf 63' lang='lat' dir='ltr'><strong>finem*</strong></span> <span class='ocrx_word' id='word_1_318' title='bbox 168 2815 267 2856; x_wconf 88' lang='lat' dir='ltr'><strong>cursus</strong></span> <span class='ocrx_word' id='word_1_319' title='bbox 286 2793 332 2855; x_wconf 91' lang='lat' dir='ltr'><strong>sui</strong></span> <span class='ocrx_word' id='word_1_320' title='bbox 352 2794 474 2856; x_wconf 89' lang='lat' dir='ltr'><strong>eandem</strong></span> <span class='ocrx_word' id='word_1_321' title='bbox 495 2804 672 2875; x_wconf 86' lang='lat' dir='ltr'><strong>potestatem</strong></span> <span class='ocrx_word' id='word_1_322' title='bbox 690 2793 798 2853; x_wconf 90' lang='lat' dir='ltr'><strong>iterum</strong></span> <span class='ocrx_word' id='word_1_323' title='bbox 812 2791 868 2853; x_wconf 90' lang='lat' dir='ltr'><strong>sibi</strong></span> <span class='ocrx_word' id='word_1_324' title='bbox 879 2789 1029 2852; x_wconf 84' lang='lat' dir='ltr'><strong>vindicans</strong></span> <span class='ocrx_word' id='word_1_325' title='bbox 1042 2791 1168 2867; x_wconf 86' lang='lat' dir='ltr'><strong>Iudaeos</strong></span> <span class='ocrx_word' id='word_1_326' title='bbox 1181 2794 1217 2854; x_wconf 93' lang='lat' dir='ltr'><strong>de</strong></span> 
     </span>
     <span class='ocr_line' id='line_1_35' title="bbox 61 2867 1219 2950; baseline 0.001 -21"><span class='ocrx_word' id='word_1_327' title='bbox 61 2869 161 2950; x_wconf 86' lang='lat' dir='ltr'><strong>templi</strong></span> <span class='ocrx_word' id='word_1_328' title='bbox 179 2869 394 2950; x_wconf 86' lang='lat' dir='ltr'><strong>pollutionibus</strong></span> <span class='ocrx_word' id='word_1_329' title='bbox 405 2871 555 2947; x_wconf 89' lang='lat' dir='ltr'><strong>admonet,</strong></span> <span class='ocrx_word' id='word_1_330' title='bbox 573 2869 716 2950; x_wconf 85' lang='lat' dir='ltr'><strong>simulque</strong></span> <span class='ocrx_word' id='word_1_331' title='bbox 727 2868 866 2944; x_wconf 90' lang='lat' dir='ltr'><strong>ostendit,</strong></span> <span class='ocrx_word' id='word_1_332' title='bbox 884 2867 1103 2942; x_wconf 75' lang='lat' dir='ltr'><strong>restitutionem</strong></span> <span class='ocrx_word' id='word_1_333' title='bbox 1112 2891 1219 2934; x_wconf 85' lang='lat' dir='ltr'><strong>noram</strong></span> 
     </span>
     <span class='ocr_line' id='line_1_36' title="bbox 62 2941 1219 3028; baseline 0.001 -20"><span class='ocrx_word' id='word_1_334' title='bbox 62 2943 176 3008; x_wconf 85' lang='lat' dir='ltr'><strong>instare.</strong></span> <span class='ocrx_word' id='word_1_335' title='bbox 206 2947 409 3009; x_wconf 83' lang='lat' dir='ltr'><strong>intereavero</strong></span> <span class='ocrx_word' id='word_1_336' title='bbox 424 2947 542 3022; x_wconf 81' lang='lat' dir='ltr'><strong>minime</strong></span> <span class='ocrx_word' id='word_1_337' title='bbox 556 2947 677 3008; x_wconf 89' lang='lat' dir='ltr'><strong>dubium</strong></span> <span class='ocrx_word' id='word_1_338' title='bbox 693 2957 747 3023; x_wconf 80' lang='lat' dir='ltr'><strong>est,</strong></span> <span class='ocrx_word' id='word_1_339' title='bbox 767 2945 890 3028; x_wconf 89' lang='lat' dir='ltr'><strong>quin-se</strong></span> <span class='ocrx_word' id='word_1_340' title='bbox 910 2957 941 3005; x_wconf 89' lang='lat' dir='ltr'><strong>et</strong></span> <span class='ocrx_word' id='word_1_341' title='bbox 958 2947 1073 3028; x_wconf 86' lang='lat' dir='ltr'><strong>Regem</strong></span> <span class='ocrx_word' id='word_1_342' title='bbox 1089 2941 1123 3008; x_wconf 89' lang='lat' dir='ltr'><strong>&#39;et</strong></span> <span class='ocrx_word' id='word_1_343' title='bbox 1141 2969 1219 3008; x_wconf 88' lang='lat' dir='ltr'><strong>sum-</strong></span> 
     </span>
     <span class='ocr_line' id='line_1_37' title="bbox 62 3021 1220 3114; baseline 0.004 -33"><span class='ocrx_word' id='word_1_344' title='bbox 62 3043 138 3082; x_wconf 86' lang='lat' dir='ltr'><strong>mum</strong></span> <span class='ocrx_word' id='word_1_345' title='bbox 147 3021 335 3101; x_wconf 79' lang='lat' dir='ltr'><strong>Pontificem,</strong></span> <span class='ocrx_word' id='word_1_346' title='bbox 353 3025 457 3106; x_wconf 88' lang='lat' dir='ltr'><strong>templi</strong></span> <span class='ocrx_word' id='word_1_347' title='bbox 475 3045 510 3086; x_wconf 90' lang='lat' dir='ltr'><strong>ac</strong></span> <span class='ocrx_word' id='word_1_348' title='bbox 531 3023 621 3086; x_wconf 84' lang='lat' dir='ltr'><strong>divini</strong></span> <span class='ocrx_word' id='word_1_349' title='bbox 632 3022 725 3085; x_wconf 82' lang='lat' dir='ltr'><strong>cultus</strong></span> <span class='ocrx_word' id='word_1_350' title='bbox 737 3021 901 3114; x_wconf 85' lang='lat' dir='ltr'><strong>praesidem</strong></span> <span class='ocrx_word' id='word_1_351' title='bbox 913 3032 1035 3084; x_wconf 86' lang='lat' dir='ltr'><strong>testatus</strong></span> <span class='ocrx_word' id='word_1_352' title='bbox 1047 3024 1093 3085; x_wconf 91' lang='lat' dir='ltr'><strong>sit.</strong></span> <span class='ocrx_word' id='word_1_353' title='bbox 1126 3025 1220 3102; x_wconf 89' lang='lat' dir='ltr'><strong>Quod</strong></span> 
     </span>
     <span class='ocr_line' id='line_1_38' title="bbox 63 3095 1219 3182; baseline 0.006 -26"><span class='ocrx_word' id='word_1_354' title='bbox 63 3095 127 3159; x_wconf 92' lang='lat' dir='ltr'><strong>ideo</strong></span> <span class='ocrx_word' id='word_1_355' title='bbox 152 3100 316 3163; x_wconf 84' lang='lat' dir='ltr'><strong>notandum</strong></span> <span class='ocrx_word' id='word_1_356' title='bbox 341 3112 399 3178; x_wconf 86' lang='lat' dir='ltr'><strong>est,</strong></span> <span class='ocrx_word' id='word_1_357' title='bbox 430 3121 468 3162; x_wconf 89' lang='lat' dir='ltr'><strong>ne</strong></span> <span class='ocrx_word' id='word_1_358' title='bbox 491 3101 548 3162; x_wconf 90' lang='lat' dir='ltr'><strong>sibi</strong></span> <span class='ocrx_word' id='word_1_359' title='bbox 567 3100 693 3182; x_wconf 87' lang='lat' dir='ltr'><strong>quilibet</strong></span> <span class='ocrx_word' id='word_1_360' title='bbox 710 3112 838 3180; x_wconf 79' lang='lat' dir='ltr'><strong>privatus</strong></span> <span class='ocrx_word' id='word_1_361' title='bbox 857 3100 935 3160; x_wconf 92' lang='lat' dir='ltr'><strong>idem</strong></span> <span class='ocrx_word' id='word_1_362' title='bbox 960 3099 1049 3162; x_wconf 88' lang='lat' dir='ltr'><strong>licere</strong></span> <span class='ocrx_word' id='word_1_363' title='bbox 1069 3100 1219 3163; x_wconf 80' lang='lat' dir='ltr'><strong>existimet.</strong></span> 
     </span>
     <span class='ocr_line' id='line_1_39' title="bbox 39 3175 1219 3260; baseline 0.006 -26"><span class='ocrx_word' id='word_1_364' title='bbox 39 3175 162 3250; x_wconf 35' lang='lat' dir='ltr'><strong>,Zelnm</strong></span> <span class='ocrx_word' id='word_1_365' title='bbox 181 3177 316 3257; x_wconf 86' lang='lat' dir='ltr'><strong>quidem,</strong></span> <span class='ocrx_word' id='word_1_366' title='bbox 345 3198 406 3259; x_wconf 91' lang='lat' dir='ltr'><strong>quo</strong></span> <span class='ocrx_word' id='word_1_367' title='bbox 426 3175 560 3240; x_wconf 89' lang='lat' dir='ltr'><strong>Christus</strong></span> <span class='ocrx_word' id='word_1_368' title='bbox 585 3177 622 3239; x_wconf 87' lang='lat' dir='ltr'><strong>ad</strong></span> <span class='ocrx_word' id='word_1_369' title='bbox 648 3177 704 3238; x_wconf 90' lang='lat' dir='ltr'><strong>boc</strong></span> <span class='ocrx_word' id='word_1_370' title='bbox 729 3175 875 3258; x_wconf 89' lang='lat' dir='ltr'><strong>agendum</strong></span> <span class='ocrx_word' id='word_1_371' title='bbox 900 3197 1038 3238; x_wconf 88' lang='lat' dir='ltr'><strong>accensus</strong></span> <span class='ocrx_word' id='word_1_372' title='bbox 1062 3177 1134 3256; x_wconf 83' lang='lat' dir='ltr'><strong>luit,</strong></span> <span class='ocrx_word' id='word_1_373' title='bbox 1162 3181 1219 3260; x_wconf 89' lang='lat' dir='ltr'><strong>piis</strong></span> 
     </span>
     <span class='ocr_line' id='line_1_40' title="bbox 64 3252 1219 3338; baseline 0.005 -28"><span class='ocrx_word' id='word_1_374' title='bbox 64 3253 196 3314; x_wconf 91' lang='lat' dir='ltr'><strong>omnibus</strong></span> <span class='ocrx_word' id='word_1_375' title='bbox 216 3272 402 3315; x_wconf 88' lang='lat' dir='ltr'><strong>communem</strong></span> <span class='ocrx_word' id='word_1_376' title='bbox 422 3276 484 3316; x_wconf 90' lang='lat' dir='ltr'><strong>esse</strong></span> <span class='ocrx_word' id='word_1_377' title='bbox 504 3255 606 3316; x_wconf 86' lang='lat' dir='ltr'><strong>decet:</strong></span> <span class='ocrx_word' id='word_1_378' title='bbox 633 3253 702 3330; x_wconf 87' lang='lat' dir='ltr'><strong>sed,</strong></span> <span class='ocrx_word' id='word_1_379' title='bbox 721 3274 759 3312; x_wconf 90' lang='lat' dir='ltr'><strong>ne</strong></span> <span class='ocrx_word' id='word_1_380' title='bbox 779 3252 949 3314; x_wconf 68' lang='grc' dir='ltr'><strong>ἰωίιαῑίοιιίε</strong></span> <span class='ocrx_word' id='word_1_381' title='bbox 968 3267 1120 3334; x_wconf 84' lang='lat' dir='ltr'><strong>praetextu</strong></span> <span class='ocrx_word' id='word_1_382' title='bbox 1139 3258 1219 3338; x_wconf 88' lang='lat' dir='ltr'><strong>quir-</strong></span> 
     </span>
     <span class='ocr_line' id='line_1_41' title="bbox 64 3329 1220 3412; baseline 0.005 -24"><span class='ocrx_word' id='word_1_383' title='bbox 64 3347 147 3406; x_wconf 89' lang='lat' dir='ltr'><strong>quam</strong></span> <span class='ocrx_word' id='word_1_384' title='bbox 164 3342 276 3395; x_wconf 84' lang='lat' dir='ltr'><strong>temere</strong></span> <span class='ocrx_word' id='word_1_385' title='bbox 295 3330 403 3407; x_wconf 90' lang='lat' dir='ltr'><strong>irruat,</strong></span> <span class='ocrx_word' id='word_1_386' title='bbox 426 3331 586 3395; x_wconf 81' lang='lat' dir='ltr'><strong>videndum</strong></span> <span class='ocrx_word' id='word_1_387' title='bbox 606 3341 665 3404; x_wconf 86' lang='lat' dir='ltr'><strong>est,</strong></span> <span class='ocrx_word' id='word_1_388' title='bbox 685 3329 755 3410; x_wconf 93' lang='lat' dir='ltr'><strong>quid</strong></span> <span class='ocrx_word' id='word_1_389' title='bbox 775 3329 851 3390; x_wconf 85' lang='lat' dir='ltr'><strong>serat</strong></span> <span class='ocrx_word' id='word_1_390' title='bbox 868 3331 1001 3404; x_wconf 81' lang='lat' dir='ltr'><strong>vocatio,</strong></span> <span class='ocrx_word' id='word_1_391' title='bbox 1027 3345 1057 3394; x_wconf 90' lang='lat' dir='ltr'><strong>et</strong></span> <span class='ocrx_word' id='word_1_392' title='bbox 1077 3345 1220 3412; x_wconf 88' lang='lat' dir='ltr'><strong>quatenus</strong></span> 
     </span>
     <span class='ocr_line' id='line_1_42' title="bbox 65 3404 1218 3543; baseline 0.006 -81"><span class='ocrx_word' id='word_1_393' title='bbox 65 3423 116 3466; x_wconf 91' lang='lat' dir='ltr'><strong>nos</strong></span> <span class='ocrx_word' id='word_1_394' title='bbox 129 3427 162 3468; x_wconf 85' lang='lat' dir='ltr'><strong>ex</strong></span> <span class='ocrx_word' id='word_1_395' title='bbox 173 3407 234 3468; x_wconf 90' lang='lat' dir='ltr'><strong>Dei</strong></span> <span class='ocrx_word' id='word_1_396' title='bbox 252 3407 390 3482; x_wconf 83' lang='lat' dir='ltr'><strong>mandato</strong></span> <span class='ocrx_word' id='word_1_397' title='bbox 410 3407 553 3498; x_wconf 85' lang='lat' dir='ltr'><strong>progredi</strong></span> <span class='ocrx_word' id='word_1_398' title='bbox 572 3417 719 3487; x_wconf 81' lang='lat' dir='ltr'><strong>oporteat</strong></span> <span class='ocrx_word' id='word_1_399' title='bbox 751 3404 785 3466; x_wconf 90' lang='lat' dir='ltr'><strong>Si</strong></span> <span class='ocrx_word' id='word_1_400' title='bbox 804 3428 861 3486; x_wconf 90' lang='lat' dir='ltr'><strong>qna</strong></span> <span class='ocrx_word' id='word_1_401' title='bbox 879 3407 1101 3543; x_wconf 82' lang='lat' dir='ltr'><strong>inquinamenta</strong></span> <span class='ocrx_word' id='word_1_402' title='bbox 1115 3409 1146 3468; x_wconf 90' lang='lat' dir='ltr'><strong>in</strong></span> <span class='ocrx_word' id='word_1_403' title='bbox 1158 3411 1218 3469; x_wconf 89' lang='lat' dir='ltr'><strong>Ec-</strong></span> 
     </span>
     <span class='ocr_line' id='line_1_43' title="bbox 65 3479 1218 3566; baseline 0.005 -28"><span class='ocrx_word' id='word_1_404' title='bbox 65 3479 177 3544; x_wconf 89' lang='lat' dir='ltr'><strong>clesiam</strong></span> <span class='ocrx_word' id='word_1_405' title='bbox 195 3483 257 3544; x_wconf 90' lang='lat' dir='ltr'><strong>Dei</strong></span> <span class='ocrx_word' id='word_1_406' title='bbox 271 3482 475 3564; x_wconf 78' lang='lat' dir='ltr'><strong>obrepserint,</strong></span> <span class='ocrx_word' id='word_1_407' title='bbox 494 3504 597 3544; x_wconf 90' lang='lat' dir='ltr'><strong>omnes</strong></span> <span class='ocrx_word' id='word_1_408' title='bbox 617 3484 676 3544; x_wconf 89' lang='lat' dir='ltr'><strong>Dei</strong></span> <span class='ocrx_word' id='word_1_409' title='bbox 695 3482 772 3544; x_wconf 89' lang='lat' dir='ltr'><strong>lilios</strong></span> <span class='ocrx_word' id='word_1_410' title='bbox 791 3483 916 3566; x_wconf 33' lang='lat' dir='ltr'><strong>uratldo</strong></span> <span class='ocrx_word' id='word_1_411' title='bbox 929 3505 976 3545; x_wconf 91' lang='lat' dir='ltr'><strong>or:</strong></span> <span class='ocrx_word' id='word_1_412' title='bbox 996 3486 1049 3546; x_wconf 91' lang='lat' dir='ltr'><strong>sed</strong></span> <span class='ocrx_word' id='word_1_413' title='bbox 1069 3485 1136 3564; x_wconf 89' lang='lat' dir='ltr'><strong>quia</strong></span> <span class='ocrx_word' id='word_1_414' title='bbox 1156 3505 1218 3545; x_wconf 92' lang='lat' dir='ltr'><strong>non</strong></span> 
     </span>
     <span class='ocr_line' id='line_1_44' title="bbox 65 3558 1220 3642; baseline 0.005 -26"><span class='ocrx_word' id='word_1_415' title='bbox 65 3559 197 3620; x_wconf 87' lang='lat' dir='ltr'><strong>omnibus</strong></span> <span class='ocrx_word' id='word_1_416' title='bbox 215 3561 299 3620; x_wconf 90' lang='lat' dir='ltr'><strong>Deus</strong></span> <span class='ocrx_word' id='word_1_417' title='bbox 317 3581 435 3620; x_wconf 89' lang='lat' dir='ltr'><strong>manum</strong></span> <span class='ocrx_word' id='word_1_418' title='bbox 455 3561 594 3636; x_wconf 69' lang='lat' dir='ltr'><strong>armavit,</strong></span> <span class='ocrx_word' id='word_1_419' title='bbox 613 3560 664 3640; x_wconf 89' lang='lat' dir='ltr'><strong>qni</strong></span> <span class='ocrx_word' id='word_1_420' title='bbox 684 3558 790 3640; x_wconf 84' lang='lat' dir='ltr'><strong>privati</strong></span> <span class='ocrx_word' id='word_1_421' title='bbox 808 3571 877 3620; x_wconf 91' lang='lat' dir='ltr'><strong>sunt</strong></span> <span class='ocrx_word' id='word_1_422' title='bbox 894 3561 1104 3642; x_wconf 89' lang='lat' dir='ltr'><strong>ingemiscant,</strong></span> <span class='ocrx_word' id='word_1_423' title='bbox 1123 3563 1220 3624; x_wconf 88' lang='lat' dir='ltr'><strong>donec</strong></span> 
     </span>
     <span class='ocr_line' id='line_1_45' title="bbox 64 3635 1220 3717; baseline 0.007 -25"><span class='ocrx_word' id='word_1_424' title='bbox 64 3637 222 3696; x_wconf 87' lang='lat' dir='ltr'><strong>remedium</strong></span> <span class='ocrx_word' id='word_1_425' title='bbox 239 3635 323 3697; x_wconf 84' lang='lat' dir='ltr'><strong>Deus</strong></span> <span class='ocrx_word' id='word_1_426' title='bbox 342 3637 481 3696; x_wconf 78' lang='lat' dir='ltr'><strong>attulerit.</strong></span> <span class='ocrx_word' id='word_1_427' title='bbox 519 3637 630 3697; x_wconf 84' lang='lat' dir='ltr'><strong>Fateor</strong></span> <span class='ocrx_word' id='word_1_428' title='bbox 675 3637 772 3696; x_wconf 91' lang='lat' dir='ltr'><strong>uidem</strong></span> <span class='ocrx_word' id='word_1_429' title='bbox 798 3655 860 3696; x_wconf 91' lang='lat' dir='ltr'><strong>esse</strong></span> <span class='ocrx_word' id='word_1_430' title='bbox 909 3635 952 3698; x_wconf 91' lang='lat' dir='ltr'><strong>lus</strong></span> <span class='ocrx_word' id='word_1_431' title='bbox 973 3659 1058 3716; x_wconf 89' lang='lat' dir='ltr'><strong>quarn</strong></span> <span class='ocrx_word' id='word_1_432' title='bbox 1077 3637 1220 3717; x_wconf 86' lang='lat' dir='ltr'><strong>stupidos,</strong></span> 
     </span>
     <span class='ocr_line' id='line_1_46' title="bbox 66 3658 1219 3793; baseline 0.001 -22"><span class='ocrx_word' id='word_1_433' title='bbox 66 3711 167 3788; x_wconf 88' lang='lat' dir='ltr'><strong>quibus</strong></span> <span class='ocrx_word' id='word_1_434' title='bbox 186 3719 252 3784; x_wconf 78' lang='lat' dir='ltr'><strong>ndu,</strong></span> <span class='ocrx_word' id='word_1_435' title='bbox 264 3711 404 3792; x_wconf 88' lang='lat' dir='ltr'><strong>displicet</strong></span> <span class='ocrx_word' id='word_1_436' title='bbox 423 3712 526 3793; x_wconf 86' lang='lat' dir='ltr'><strong>templi</strong></span> <span class='ocrx_word' id='word_1_437' title='bbox 544 3711 605 3774; x_wconf 90' lang='lat' dir='ltr'><strong>Dei</strong></span> <span class='ocrx_word' id='word_1_438' title='bbox 624 3658 762 3793; x_wconf 82' lang='lat' dir='ltr'><strong>pdlluti0‚</strong></span> <span class='ocrx_word' id='word_1_439' title='bbox 782 3733 837 3774; x_wconf 91' lang='lat' dir='ltr'><strong>nec</strong></span> <span class='ocrx_word' id='word_1_440' title='bbox 856 3735 888 3774; x_wconf 90' lang='lat' dir='ltr'><strong>su</strong></span> <span class='ocrx_word' id='word_1_441' title='bbox 924 3733 1007 3788; x_wconf 87' lang='lat' dir='ltr'><strong>cere,</strong></span> <span class='ocrx_word' id='word_1_442' title='bbox 1026 3715 1050 3774; x_wconf 92' lang='lat' dir='ltr'><strong>si</strong></span> <span class='ocrx_word' id='word_1_443' title='bbox 1071 3714 1121 3792; x_wconf 84' lang='lat' dir='ltr'><strong>qui</strong></span> <span class='ocrx_word' id='word_1_444' title='bbox 1140 3713 1219 3773; x_wconf 89' lang='lat' dir='ltr'><strong>intus</strong></span> 
     </span>
     <span class='ocr_line' id='line_1_47' title="bbox 66 3787 1218 3878; baseline 0.003 -34"><span class='ocrx_word' id='word_1_445' title='bbox 66 3787 137 3848; x_wconf 80' lang='lat' dir='ltr'><strong>auxii</strong></span> <span class='ocrx_word' id='word_1_446' title='bbox 147 3790 216 3866; x_wconf 87' lang='lat' dir='ltr'><strong>sint,</strong></span> <span class='ocrx_word' id='word_1_447' title='bbox 235 3789 292 3850; x_wconf 89' lang='lat' dir='ltr'><strong>nisi</strong></span> <span class='ocrx_word' id='word_1_448' title='bbox 312 3807 328 3848; x_wconf 86' lang='lat' dir='ltr'><strong>a</strong></span> <span class='ocrx_word' id='word_1_449' title='bbox 348 3789 527 3872; x_wconf 89' lang='lat' dir='ltr'><strong>contagione</strong></span> <span class='ocrx_word' id='word_1_450' title='bbox 545 3787 602 3869; x_wconf 90' lang='lat' dir='ltr'><strong>ipsi</strong></span> <span class='ocrx_word' id='word_1_451' title='bbox 618 3789 795 3867; x_wconf 84' lang='lat' dir='ltr'><strong>abstineant,</strong></span> <span class='ocrx_word' id='word_1_452' title='bbox 815 3802 846 3850; x_wconf 90' lang='lat' dir='ltr'><strong>et</strong></span> <span class='ocrx_word' id='word_1_453' title='bbox 857 3789 958 3871; x_wconf 88' lang='lat' dir='ltr'><strong>lingua</strong></span> <span class='ocrx_word' id='word_1_454' title='bbox 968 3799 1122 3865; x_wconf 86' lang='lat' dir='ltr'><strong>testentur,</strong></span> <span class='ocrx_word' id='word_1_455' title='bbox 1142 3808 1218 3878; x_wconf 87' lang='lat' dir='ltr'><strong>quo-</strong></span> 
     </span>
     <span class='ocr_line' id='line_1_48' title="bbox 65 3859 1219 3958; baseline 0.007 -38"><span class='ocrx_word' id='word_1_456' title='bbox 65 3859 116 3924; x_wconf 88' lang='lat' dir='ltr'><strong>ties</strong></span> <span class='ocrx_word' id='word_1_457' title='bbox 136 3868 252 3928; x_wconf 86' lang='lat' dir='ltr'><strong>occasio</strong></span> <span class='ocrx_word' id='word_1_458' title='bbox 272 3865 314 3934; x_wconf 74' lang='lat' dir='ltr'><strong>ita</strong></span> <span class='ocrx_word' id='word_1_459' title='bbox 333 3865 445 3940; x_wconf 80' lang='lat' dir='ltr'><strong>tulerit,</strong></span> <span class='ocrx_word' id='word_1_460' title='bbox 464 3886 496 3928; x_wconf 88' lang='lat' dir='ltr'><strong>se</strong></span> <span class='ocrx_word' id='word_1_461' title='bbox 516 3884 624 3956; x_wconf 89' lang='lat' dir='ltr'><strong>cupere</strong></span> <span class='ocrx_word' id='word_1_462' title='bbox 642 3886 690 3926; x_wconf 90' lang='lat' dir='ltr'><strong>res</strong></span> <span class='ocrx_word' id='word_1_463' title='bbox 708 3865 740 3925; x_wconf 91' lang='lat' dir='ltr'><strong>in</strong></span> <span class='ocrx_word' id='word_1_464' title='bbox 759 3863 863 3929; x_wconf 84' lang='lat' dir='ltr'><strong>melius</strong></span> <span class='ocrx_word' id='word_1_465' title='bbox 881 3877 1020 3927; x_wconf 86' lang='lat' dir='ltr'><strong>mutatas:</strong></span> <span class='ocrx_word' id='word_1_466' title='bbox 1040 3867 1093 3926; x_wconf 89' lang='lat' dir='ltr'><strong>sed</strong></span> <span class='ocrx_word' id='word_1_467' title='bbox 1113 3865 1219 3958; x_wconf 73' lang='lat' dir='ltr'><strong>quibus</strong></span> 
     </span>
     <span class='ocr_line' id='line_1_49' title="bbox 65 3931 1221 4024; baseline 0 -22"><span class='ocrx_word' id='word_1_468' title='bbox 65 3939 179 4018; x_wconf 89' lang='lat' dir='ltr'><strong>publica</strong></span> <span class='ocrx_word' id='word_1_469' title='bbox 188 3964 250 4003; x_wconf 92' lang='lat' dir='ltr'><strong>non</strong></span> <span class='ocrx_word' id='word_1_470' title='bbox 263 3952 307 4006; x_wconf 91' lang='lat' dir='ltr'><strong>est</strong></span> <span class='ocrx_word' id='word_1_471' title='bbox 318 3940 486 4018; x_wconf 80' lang='lat' dir='ltr'><strong>auctoritas,</strong></span> <span class='ocrx_word' id='word_1_472' title='bbox 505 3931 584 4017; x_wconf 81' lang='lat' dir='ltr'><strong>vitra,</strong></span> <span class='ocrx_word' id='word_1_473' title='bbox 603 3941 1221 4024; x_wconf 79' lang='lat' dir='ltr'><strong>quibusmanunequeuntmederi,lingua,</strong></span> 
     </span>
     <span class='ocr_line' id='line_1_50' title="bbox 67 4013 1221 4152; baseline 0.008 -78"><span class='ocrx_word' id='word_1_474' title='bbox 67 4035 150 4152; x_wconf 69' lang='lat' dir='ltr'><strong>quam</strong></span> <span class='ocrx_word' id='word_1_475' title='bbox 168 4019 280 4095; x_wconf 67' lang='lat' dir='ltr'><strong>babent</strong></span> <span class='ocrx_word' id='word_1_476' title='bbox 297 4020 437 4094; x_wconf 90' lang='lat' dir='ltr'><strong>solutam,</strong></span> <span class='ocrx_word' id='word_1_477' title='bbox 458 4039 538 4109; x_wconf 92' lang='lat' dir='ltr'><strong>oppu</strong></span> <span class='ocrx_word' id='word_1_478' title='bbox 562 4031 643 4080; x_wconf 84' lang='lat' dir='ltr'><strong>nent</strong></span> <span class='ocrx_word' id='word_1_479' title='bbox 683 4017 844 4094; x_wconf 84' lang='lat' dir='ltr'><strong>Quaeritur</strong></span> <span class='ocrx_word' id='word_1_480' title='bbox 861 4029 978 4094; x_wconf 90' lang='lat' dir='ltr'><strong>tamen,</strong></span> <span class='ocrx_word' id='word_1_481' title='bbox 998 4013 1087 4100; x_wconf 80' lang='lat' dir='ltr'><strong>quum</strong></span> <span class='ocrx_word' id='word_1_482' title='bbox 1106 4019 1221 4084; x_wconf 81' lang='lat' dir='ltr'><strong>rideret</strong></span> 
     </span>
     <span class='ocr_line' id='line_1_51' title="bbox 94 4040 1220 4188; baseline 0.006 -37"><span class='ocrx_word' id='word_1_483' title='bbox 94 4091 197 4155; x_wconf 89' lang='lat' dir='ltr'><strong>hristus</strong></span> <span class='ocrx_word' id='word_1_484' title='bbox 223 4095 323 4156; x_wconf 87' lang='lat' dir='ltr'><strong>crassis</strong></span> <span class='ocrx_word' id='word_1_485' title='bbox 343 4040 600 4188; x_wconf 65' lang='lat' dir='ltr'><strong>superstitronabus</strong></span> <span class='ocrx_word' id='word_1_486' title='bbox 619 4093 762 4156; x_wconf 80' lang='lat' dir='ltr'><strong>refertum</strong></span> <span class='ocrx_word' id='word_1_487' title='bbox 782 4115 843 4156; x_wconf 89' lang='lat' dir='ltr'><strong>esse</strong></span> <span class='ocrx_word' id='word_1_488' title='bbox 864 4095 1021 4176; x_wconf 89' lang='lat' dir='ltr'><strong>templum,</strong></span> <span class='ocrx_word' id='word_1_489' title='bbox 1047 4120 1099 4158; x_wconf 90' lang='lat' dir='ltr'><strong>cur</strong></span> <span class='ocrx_word' id='word_1_490' title='bbox 1125 4097 1220 4168; x_wconf 83' lang='lat' dir='ltr'><strong>levem</strong></span> 
     </span>
     <span class='ocr_line' id='line_1_52' title="bbox 68 4169 1220 4266; baseline 0.008 -39"><span class='ocrx_word' id='word_1_491' title='bbox 68 4169 202 4230; x_wconf 81' lang='lat' dir='ltr'><strong>duntaxat</strong></span> <span class='ocrx_word' id='word_1_492' title='bbox 220 4171 267 4236; x_wconf 80' lang='lat' dir='ltr'><strong>vel</strong></span> <span class='ocrx_word' id='word_1_493' title='bbox 283 4186 364 4234; x_wconf 88' lang='lat' dir='ltr'><strong>certe</strong></span> <span class='ocrx_word' id='word_1_494' title='bbox 379 4173 436 4234; x_wconf 89' lang='lat' dir='ltr'><strong>dlis</strong></span> <span class='ocrx_word' id='word_1_495' title='bbox 447 4172 539 4254; x_wconf 85' lang='lat' dir='ltr'><strong>magis</strong></span> <span class='ocrx_word' id='word_1_496' title='bbox 551 4171 736 4234; x_wconf 88' lang='lat' dir='ltr'><strong>tolerabilem</strong></span> <span class='ocrx_word' id='word_1_497' title='bbox 747 4173 917 4233; x_wconf 87' lang='lat' dir='ltr'><strong>correxerit</strong></span> <span class='ocrx_word' id='word_1_498' title='bbox 955 4173 1146 4266; x_wconf 83' lang='lat' dir='ltr'><strong>Respondeo,</strong></span> <span class='ocrx_word' id='word_1_499' title='bbox 1166 4198 1220 4236; x_wconf 92' lang='lat' dir='ltr'><strong>ne-</strong></span> 
     </span>
     <span class='ocr_line' id='line_1_53' title="bbox 69 4247 1221 4333; baseline 0.009 -29"><span class='ocrx_word' id='word_1_500' title='bbox 69 4266 123 4323; x_wconf 90' lang='lat' dir='ltr'><strong>que</strong></span> <span class='ocrx_word' id='word_1_501' title='bbox 136 4247 223 4312; x_wconf 84' lang='lat' dir='ltr'><strong>luisse</strong></span> <span class='ocrx_word' id='word_1_502' title='bbox 236 4247 357 4311; x_wconf 88' lang='lat' dir='ltr'><strong>Christo</strong></span> <span class='ocrx_word' id='word_1_503' title='bbox 370 4249 566 4331; x_wconf 89' lang='lat' dir='ltr'><strong>propositum,</strong></span> <span class='ocrx_word' id='word_1_504' title='bbox 584 4271 678 4311; x_wconf 89' lang='lat' dir='ltr'><strong>sacras</strong></span> <span class='ocrx_word' id='word_1_505' title='bbox 699 4269 801 4312; x_wconf 89' lang='lat' dir='ltr'><strong>omnes</strong></span> <span class='ocrx_word' id='word_1_506' title='bbox 821 4249 1001 4312; x_wconf 87' lang='lat' dir='ltr'><strong>ceremonias</strong></span> <span class='ocrx_word' id='word_1_507' title='bbox 1021 4273 1050 4312; x_wconf 81' lang='lat' dir='ltr'><strong>an</strong></span> <span class='ocrx_word' id='word_1_508' title='bbox 1070 4254 1221 4333; x_wconf 86' lang='lat' dir='ltr'><strong>antiquum</strong></span> 
     </span>
     <span class='ocr_line' id='line_1_54' title="bbox 68 4325 1223 4410; baseline 0.01 -30"><span class='ocrx_word' id='word_1_509' title='bbox 68 4341 149 4384; x_wconf 89' lang='lat' dir='ltr'><strong>usum</strong></span> <span class='ocrx_word' id='word_1_510' title='bbox 167 4325 340 4404; x_wconf 82' lang='lat' dir='ltr'><strong>restituere,</strong></span> <span class='ocrx_word' id='word_1_511' title='bbox 360 4325 472 4388; x_wconf 81' lang='lat' dir='ltr'><strong>neceb</strong></span> <span class='ocrx_word' id='word_1_512' title='bbox 495 4347 531 4388; x_wconf 93' lang='lat' dir='ltr'><strong>eo</strong></span> <span class='ocrx_word' id='word_1_513' title='bbox 551 4327 696 4390; x_wconf 82' lang='lat' dir='ltr'><strong>delectum</strong></span> <span class='ocrx_word' id='word_1_514' title='bbox 716 4327 804 4390; x_wconf 83' lang='lat' dir='ltr'><strong>luisse</strong></span> <span class='ocrx_word' id='word_1_515' title='bbox 823 4325 972 4406; x_wconf 90' lang='lat' dir='ltr'><strong>habitum,</strong></span> <span class='ocrx_word' id='word_1_516' title='bbox 991 4347 1132 4410; x_wconf 76' lang='lat' dir='ltr'><strong>quaenam</strong></span> <span class='ocrx_word' id='word_1_517' title='bbox 1152 4330 1223 4394; x_wconf 71' lang='lat' dir='ltr'><strong>vitia</strong></span> 
     </span>
    </p>
   </div>
   <div class='ocr_carea' id='block_1_5' title="bbox 543 2331 1218 2424">
    <p class='ocr_par' dir='ltr' id='par_1_8' title="bbox 543 2331 1218 2424">
     <span class='ocr_line' id='line_1_55' title="bbox 543 2331 1218 2424; baseline 0.001 -28"><span class='ocrx_word' id='word_1_518' title='bbox 543 2357 641 2398; x_wconf 85' lang='lat' dir='ltr'><strong>rossus</strong></span> <span class='ocrx_word' id='word_1_519' title='bbox 667 2343 819 2418; x_wconf 85' lang='lat' dir='ltr'><strong>regnaret,</strong></span> <span class='ocrx_word' id='word_1_520' title='bbox 844 2331 1044 2424; x_wconf 81' lang='lat' dir='ltr'><strong>templumque</strong></span> <span class='ocrx_word' id='word_1_521' title='bbox 1070 2356 1135 2395; x_wconf 90' lang='lat' dir='ltr'><strong>cum</strong></span> <span class='ocrx_word' id='word_1_522' title='bbox 1160 2359 1218 2397; x_wconf 84' lang='lat' dir='ltr'><strong>surs</strong></span> 
     </span>
    </p>
   </div>
   <div class='ocr_carea' id='block_1_6' title="bbox 0 0 1388 4838">
    <p class='ocr_par' dir='ltr' id='par_1_9' title="bbox 0 0 1388 4838">
     <span class='ocr_line' id='line_1_56' title="bbox 0 0 1388 4838; baseline 0 0"><span class='ocrx_word' id='word_1_523' title='bbox 0 0 1388 4838; x_wconf 95' lang='lat' dir='ltr'><strong> </strong></span> 
     </span>
    </p>
   </div>
  </div>
 </body>
</html>
