2768 4834
228 297 288 362 13²
368 243 370 255 Ι
411 283 565 356 SRCTio
585 285 623 348 V.
661 283 812 348 Muneris
832 283 911 346 Isso
928 297 1129 348 armornm.
1194 291 1199 312 ί

228 467 296 507 narn
316 454 430 504 tantum
448 444 480 502 in
498 438 623 522 singulis
645 437 719 502 loeis
737 459 825 532 parce
850 450 881 498 et
897 439 1027 500 tenuiter
1045 437 1197 513 delibent,
1228 457 1265 498 an
1283 459 1348 500 rero

230 520 425 596 auditoribus,
457 538 530 598 quos
557 514 645 576 semel
670 528 750 576 nacti
774 515 899 588 suerint,
929 515 1023 576 solide
1048 515 1191 576 docendis
1210 513 1348 577 insistere:

230 598 413 680 respondeo,
443 591 595 655 consilium
621 589 746 667 Christi,
775 590 855 652 cuius
879 591 928 652 hic
952 591 986 652 fit
1013 591 1143 665 mentio,
1173 592 1241 670 quia
1264 593 1350 652 Patris

231 676 369 734 mandato
391 685 419 732 et
439 668 587 732 vocationi
608 679 838 728 consentaneum
858 680 932 742 erat,
951 667 1038 730 luisse
1058 669 1090 728 iu
1111 667 1223 748 optime
1242 669 1350 728 ratione

229 751 392 811 fundatum.
429 746 517 807 Brevi
540 745 619 805 euim
643 756 778 824 ternpore
802 744 984 828 peragranda
1012 745 1068 804 luit
1094 744 1216 807 Christo
1241 746 1349 819 Iudaea,

230 839 264 886 ut
282 825 434 888 hominum
452 833 581 893 mentes,
613 821 694 900 quasi
712 821 801 880 tubae
821 818 976 958 clangpre,
1000 822 1108 901 passim
1127 821 1165 880 ad
1184 821 1348 904 audiepdum

228 899 421 983 Evangelium
441 897 692 980 expergefaceret:
713 919 769 979 qua
789 895 826 957 de
845 917 878 958 re
911 897 986 958 usius
1006 898 1078 958 alibi
1096 897 1281 960 mactandum
1291 898 1347 957 erit.

271 1073 353 1155 (to.)
384 1068 523 1140 MARC.
544 1071 597 1136 lll.
640 1069 689 1136 13.
716 1069 758 1135 Et
779 1068 924 1136 ascendit
944 1073 978 1138 in
999 1080 1155 1148 montem,
1178 1072 1350 1135 sevocavit

121 1188 124 1198 ⁴
230 1174 272 1240 ad
293 1197 343 1253 se,
370 1195 452 1260 quos
474 1171 578 1238 voluit
598 1171 682 1256 ipse:
711 1183 743 1236 et
762 1183 923 1238 venerunt
946 1171 987 1237 ad
1010 1192 1094 1237 eum.
1137 1172 1189 1238 14.
1217 1171 1257 1235 Et
1276 1171 1349 1248 lecit,

227 1285 263 1340 ut
284 1273 455 1342 duodecim
476 1281 584 1339 essent
603 1292 719 1350 secum,
740 1283 772 1337 et
793 1281 829 1336 ut
851 1273 1009 1338 emitteret
1030 1293 1090 1338 eos
1113 1271 1154 1338 ad
1174 1271 1348 1359 praedican-

227 1375 318 1460 dum,
360 1377 410 1442 15:
436 1373 547 1461 thue
576 1369 735 1438 habereut
761 1381 952 1459 potestatem
979 1371 1117 1438 sanandi
1150 1372 1292 1448 morbos,
1321 1381 1347 1434 ct

228 1477 381 1542 eiiciendi
409 1475 591 1544 daemonis.
632 1474 683 1548 16.
709 1473 764 1538 Et
778 1474 929 1558 imposuit
950 1473 1075 1540 Simoni
1097 1494 1218 1539 nomen
1240 1475 1345 1538 Petrus

228 1577 279 1644 17.
299 1577 341 1643 Et
362 1575 514 1641 lacobum
534 1575 637 1642 lilium
659 1571 833 1651 Zebedaei,
856 1583 888 1638 et
908 1575 1063 1641 loannem
1086 1574 1217 1639 fratrem
1238 1571 1346 1638 lacobi:

228 1688 262 1753 et
287 1681 439 1764 imposuit
467 1679 513 1742 eis
547 1678 679 1743 uomina
705 1677 918 1759 Boeuerges,
937 1674 1026 1762 quod
1054 1688 1105 1742 est
1134 1676 1195 1742 srlii
1222 1673 1346 1741 tonitrui.

34 1797 40 1810 ¹
145 1812 150 1821 =
226 1778 278 1844 18.
297 1776 340 1842 Et
361 1777 537 1853 Andream,
572 1758 605 1839 et
624 1772 822 1859 Philippum,
849 1784 881 1838 et
900 1775 1203 1855 Bartholomaeum,
1229 1787 1259 1840 et
1276 1775 1346 1838 Mat-

212 1876 365 1960 thaeum,
378 1875 581 1952 ethoinam,
594 1873 785 1939 etlacuhum
793 1872 939 1960 alphaei,
954 1875 1345 1953 ethaddaeum,etSimo·

225 1999 300 2044 nem
308 1975 527 2044 Cunanaeum.
555 1974 605 2041 19.
616 1955 658 2040 iit
668 1975 779 2042 ludam
791 1975 975 2056 iscarioten,
994 1980 1049 2064 qui
1062 1990 1095 2045 et
1108 1976 1251 2065 prodidit
1261 1973 1344 2041 illum.

309 2105 411 2176 LUC.
431 2111 488 2174 Vl.
522 2109 573 2175 ta.
593 2109 725 2175 Factum
748 2117 796 2175 est
817 2120 922 2176 autem
944 2109 1064 2178 inillis
1088 2110 1213 2188 diebus,
1232 2110 1299 2174 exiit
1316 2108 1343 2169 in

226 2221 368 2296 montem
401 2207 442 2276 ad
469 2208 642 2287 orandum,
676 2221 809 2296 eratque
837 2223 1031 2297 pernoctans
1068 2215 1103 2278 in
1135 2211 1343 2298 deprecatione

226 2311 302 2376 Dei.
345 2311 394 2375 13.
414 2311 458 2375 Et
478 2331 575 2397 quum
598 2309 667 2376 dies
689 2311 792 2376 iactus
814 2321 906 2390 esset,
928 2316 1056 2378 vocavit
1079 2312 1254 2400 discipulos
1273 2328 1343 2380 suos,

228 2420 261 2476 et
283 2409 380 2495 elegit
409 2409 580 2476 duodecin
610 2431 649 2475 ex
674 2415 766 2497 ipsis,
800 2414 882 2499 qiros
911 2423 943 2478 et
963 2413 1145 2499 Apostolos
1173 2409 1343 2478 nominavit:

226 2511 278 2578 14.
301 2509 473 2590 Simonem,
495 2533 590 2599 quem
602 2522 641 2601 ¹et
656 2514 835 2580 nominavit
848 2515 984 2593 Petrum,
1006 2513 1214 2579 etAndream
1233 2511 1342 2574 fratrem

215 2613 311 2690 eius,
343 2609 496 2677 Iacobum
529 2625 562 2678 et
589 2614 759 2691 loannem,
791 2613 974 2700 Philippum
1010 2624 1043 2680 et
1069 2612 1341 2710 bartholomaeum.

227 2712 495 2778 tentatricem
517 2720 549 2777 et
570 2710 741 2794 Thomam,
774 2713 926 2780 lacobum
948 2714 1104 2802 Alphaei,
1136 2725 1168 2780 et
1189 2713 1342 2780 simonem,

226 2815 282 2900 qui
304 2824 441 2879 vocatur
462 2812 596 2880 zelotes.
652 2815 702 2882 16.
724 2815 765 2880 Et
787 2815 899 2881 ludam
924 2815 1050 2894 lacobi,
1095 2825 1128 2881 et
1148 2813 1253 2880 ludam
1274 2811 1342 2871 lsra-

92 2927 99 2956 ‘
159 2947 164 2962 ι
224 2917 341 2992 rioten,
362 2917 417 2999 qui
439 2913 526 2978 idem
548 2913 607 2978 luit
627 2913 785 3000 proditor.
827 2917 876 2981 17.
905 2915 947 2980 Et
969 2915 1175 2982 descendens
1196 2933 1262 2978 cum
1280 2906 1340 2980 illit

226 3017 314 3086 stetit
334 3017 368 3078 in
388 3012 464 3080 loco
487 3015 671 3100 campestri,
691 3014 852 3102 turboque
874 3015 1106 3102 discipulorum
1128 3017 1206 3091 eius,
1227 3022 1257 3076 et
1275 3003 1340 3071 mul·

222 3107 331 3180 'titudo
353 3117 485 3200 copiosa
507 3113 614 3202 plebis
637 3135 676 3177 ex
698 3119 787 3180 omni
807 3117 926 3182 ludaea
950 3128 981 3182 et
1002 3115 1185 3194 Ierusalem,
1207 3122 1238 3178 et
1257 3126 1340 3173 ama·

225 3217 329 3280 ritime
352 3215 449 3301 Tyro
472 3227 503 3281 et
525 3214 663 3292 Sidone,
690 3215 739 3282 18.
762 3217 831 3303 Qui
851 3201 1022 3296 renerent,
1048 3228 1084 3284 ut
1106 3215 1251 3282 audirent
1270 3226 1339 3278 eum,

227 3325 260 3379 et
286 3326 474 3380 sanarentur
495 3336 512 3378 n
533 3299 654 3381 morbih
676 3319 757 3395 suis,
791 3328 823 3383 et
853 3321 909 3404 qui
935 3316 1136 3384 vexabantur
1157 3337 1173 3378 a
1194 3305 1338 3398 spiritibus

224 3413 396 3480 immundis
423 3413 628 3482 sanabantur.
678 3418 727 3484 19.
761 3419 803 3486 Et
830 3421 933 3484 omnis
960 3417 1055 3484 turba
1084 3413 1255 3506 quaerebat
1279 3425 1337 3472 euur

223 3525 371 3600 tangere,
392 3519 467 3602 quia
487 3517 588 3582 virtus
610 3516 651 3583 ab
674 3518 734 3584 illo
758 3518 878 3597 exibat,
901 3530 932 3584 et
953 3519 1090 3586 sanabat
1111 3535 1229 3586 omues.

304 3641 403 3734 Marc..
417 3651 463 3711 13.
502 3645 639 3708 Ascendit
656 3653 688 3709 o·
706 3663 837 3709 monum.
876 3649 940 3708 Hac
961 3649 1107 3710 electione
1127 3645 1207 3708 nond
1226 3637 1336 3720 mAP9·

224 3720 317 3780 stolos
338 3720 471 3796 ordrnat,
503 3736 537 3783 ut
555 3725 689 3803 protinus
709 3746 830 3786 munere
850 3746 903 3786 suo
924 3726 1101 3806 iungentur,
1120 3723 1170 3785 sed
1190 3731 1217 3778 ta
1239 3727 1292 3774 tum
1310 3727 1334 3765 m

223 3817 306 3876 spem
324 3797 517 3875 Apostoletus
542 3821 593 3861 eos
613 3801 668 3862 sibi
689 3802 918 3862 contubernales
938 3802 1094 3893 discipulos
1115 3800 1242 3878 adoptat·
1278 3787 1333 3859 0¹¹³

221 3871 253 3930 in
273 3893 305 3932 re
324 3872 495 3934 hallucinati
513 3888 582 3935 sunt
600 3877 794 3958 interpretes,
826 3879 876 3970 qui
901 3878 983 3940 locos
1010 3891 1080 3938 rstos
1107 3885 1254 3957 perperam
1272 3879 1332 3924 ⁶⁰¹1·

220 3947 350 4008 fundunl
369 3971 434 4009 ⁰¹²¹ss
454 3951 558 4010 Matth-
577 3959 624 4018 to.
650 3975 712 4034 cap.
752 3955 844 4034 Atqui
869 3955 958 4016 verbs
985 3954 1062 4015 clare
1087 3961 1206 4021 sonant,
1235 3948 1330 4026 tantm}t

222 4044 274 4084 eos
300 4025 438 4086 destinari
461 4027 499 4086 ed
525 4027 651 4088 futurem
676 4029 870 4112 legationem,
901 4053 976 4112 quae
1001 4029 1078 4111 apud
1097 4025 1267 4088 blatthaeum
1284 4009 1329 4069 tll¹³

221 4100 394 4186 iniungitur.
438 4105 479 4164 Et
497 4103 613 4165 Marcus
634 4116 664 4166 et
682 4107 776 4166 Lucas
796 4107 901 4168 deinde
921 4127 974 4170 suo
995 4106 1062 4167 loco
1086 4101 1249 4183 missionem
1263 4085 1328 4150 ,ete-

221 4189 303 4252 rent,
324 4199 410 4256 quam
429 4179 488 4239 illic
508 4181 672 4243 Matthaeus
692 4197 911 4244 commemorat.
950 4185 1013 4244 Nec
1031 4184 1134 4242 mirum
1156 4187 1210 4246 est,
1227 4193 1248 4230 ⁵¹
1266 4181 1327 4244 pau-

221 4251 302 4312 latim
323 4275 374 4314 eos
394 4255 430 4315 ad
450 4268 509 4326 tem
529 4260 647 4318 arduam
668 4259 849 4338 provinciam
870 4261 997 4321 formare
1018 4271 1048 4320 et
1066 4253 1240 4333 assuefacere
1248 4237 1326 4327 ,oluit

222 4329 357 4390 coelestis
382 4332 535 4414 magister,
589 4356 692 4394 uorum
718 4336 828 4396 ruditas
853 4358 892 4397 ne
918 4336 1010 4418 longo
1057 4334 1156 4394 uidem·
1176 4317 1324 4400 dissipit!lae

222 4427 276 4468 utu
292 4407 400 4490 corrigi
421 4409 529 4490 putuit,
550 4418 553 4431 “
624 4411 1003 4497 boEvengelistaedicuut,
1070 4412 1167 4475 ristum
1182 4391 1323 4462 ascendisse
