2756 4838
44 864 46 872 ⁴
160 847 313 927 impossibi

159 239 228 307 168“
433 233 549 298 SECT.
569 233 650 294 xv1.
688 247 767 293 iren
786 249 822 294 su
842 217 1049 293 renuentum

154 411 229 464 suos
249 391 305 450 buc
323 387 489 458 intendant,
508 387 615 449 deinde
627 386 724 447 utsibi
740 385 828 446 diffisi
847 387 985 447 virtutem
1004 384 1169 476 implorent
1188 405 1206 446 e
1228 386 1323 448 coelo.
1345 391 1349 397 “

162 468 319 542 Videmus,
337 477 445 545 quanta
464 465 502 525 sit
520 477 621 525 nostra
640 463 758 545 pigritia
779 475 810 523 et
828 463 982 524 securitas:
1010 463 1081 542 quid
1102 462 1205 536 fieret,
1226 464 1252 522 si
1294 487 1324 524 er

159 543 281 604 mollem
292 542 448 604 iucundam
472 561 507 601 ue
520 541 670 621 planitiem
681 539 818 610 suaviter,
831 537 922 600 abimi
934 560 1020 599 causa
1038 538 1095 599 sibi
1116 486 1323 600 ambulandirm

161 640 224 680 esse
243 629 383 701 putarent
402 563 520 678 fideles?
559 617 640 676 llaec
660 613 751 698 igitur
763 615 838 676 ratio
854 628 907 689 est,
928 637 980 676 cur
999 636 1061 675 uon
1082 627 1224 676 extenuet
1235 614 1322 676 Chri-

139 731 143 740 ‹
160 707 220 755 stus
240 693 403 775 periculum
443 689 499 754 'uo
515 705 612 754 tamen
632 694 777 752 incussum
797 692 945 772 discipulis
965 693 1102 752 timorem
1122 691 1233 770 videt),
1254 694 1321 772 quin

160 772 260 863 potius
281 792 315 832 au
339 783 394 830 eat
462 793 507 831 arn
549 793 616 830 uum
637 771 717 849 prius
737 781 851 830 tantum
871 769 988 829 dixisset
1007 768 1128 830 dilfieile
1150 783 1226 844 esse,
1245 791 1322 828 nuuc

316 791 342 908 dt
362 845 495 907 affirmat.
565 847 623 906 nde
642 857 778 926 apparet,
797 867 867 925 prae
891 858 1005 905 osteros
1027 865 1089 905 esse
1102 845 1255 917 doctores,
1275 846 1321 924 qui

128 947 131 966 ¹
159 925 201 986 sic
221 936 361 984 verentur
380 924 491 984 duriter
509 923 601 1014 loqui,
621 935 654 982 ut
673 922 767 1001 carnis
787 867 920 1002 ignaviae
941 921 1124 1004 indulgeant.
1154 923 1248 1002 Atqui
1268 943 1321 1002 po-

160 1001 217 1058 tius
237 1001 320 1079 sequi
340 999 465 1060 decebat
485 999 595 1060 Christi
614 998 763 1081 regulam,
804 999 833 1057 ui
853 999 893 1059 sic
914 1009 1059 1078 temperat
1078 1019 1264 1072 sermonem,
1292 1009 1322 1057 ut

160 1075 295 1136 homines
314 1077 344 1135 in
365 1096 396 1136 se
415 1077 484 1156 ipsis
503 1087 667 1156 prostratos
685 1021 859 1135 recumbere
888 1075 994 1135 doceat
1014 1075 1044 1133 in
1065 1095 1154 1133 unam
1173 1075 1233 1134 Dei
1254 1097 1322 1156 gra-

159 1152 244 1226 tiam,
263 1152 405 1230 simulque
426 1154 462 1212 ad
478 1173 584 1233 preces
603 1151 740 1212 stimulet.
775 1152 825 1219 ¹Ita
845 1153 1007 1232 prudenter
1025 1150 1203 1210 succurritur
1222 1152 1321 1210 bomi-

160 1249 230 1287 num
250 1228 422 1302 infirmitati,
441 1251 504 1288 non
521 1228 577 1288 illis
590 1227 746 1309 quidquam
759 1227 930 1301 tribuendo,
948 1227 1000 1288 sed
1021 1249 1125 1286 eorum
1137 1239 1246 1286 mentes
1259 1228 1321 1287 eri-

159 1298 259 1384 gendo
280 1305 315 1364 ad
334 1305 574 1384 sperandamDei
595 1305 727 1386 gratiam.
765 1305 834 1364 Hoc'
854 1316 949 1364 autem
970 1303 1080 1363 Christi
1101 1303 1319 1382 responsnvul-

182 1401 230 1440 are
250 1381 322 1440 illud
342 1382 452 1442 axioma
473 1381 568 1461 (quod
579 1401 613 1440 ex
625 1381 808 1470 Hieronymo
826 1380 985 1440 hauserunt
994 1380 1148 1460 Papistae)
1167 1379 1323 1454 refellitur,

159 1401 301 1538 busque
309 1459 422 1540 Legem
442 1457 547 1518 dixerit
566 1457 722 1518 observatu
742 1456 963 1537 impossibilem,
982 1457 1138 1516 anathema
1157 1456 1206 1518 sit
1234 1455 1322 1516 Clare

84 1563 86 1568 ·
159 1535 238 1592 enim
259 1535 431 1613 pronuntiat
448 1534 592 1608 Christus,
634 1534 752 1592 ossibile
772 1554 834 1593 nou
855 1553 916 1594 esse
938 1531 1105 1592 hominibus
1127 1531 1205 1594 viam
1225 1533 1322 1594 salutis

159 1619 278 1688 tenere,
297 1611 353 1674 nisi
373 1621 517 1694 quatenus
536 1609 592 1670 illis
612 1555 671 1670 bei
690 1610 784 1692 gratia
803 1610 957 1672 succurrit.

240 1926 344 2006 (161.)
383 1925 555 1992 Matre.
575 1922 657 1992 xlx.
699 1927 749 1990 27.
778 1927 872 1991 Tune
900 1923 1103 2012 respondeus
1132 1923 1249 1990 Petrus
1276 1924 1322 1989 di-

159 2029 204 2092 xit
226 2031 272 2106 ei,
293 2029 380 2094 Ecce
402 2051 463 2094 nos
483 2028 672 2114 reliquimus
694 2029 814 2106 omnia,
837 2038 870 2092 et
891 2029 1019 2115 sequuti
1039 2047 1150 2091 sumus
1176 2037 1227 2092 tes
1246 2028 1321 2114 quid

158 2151 236 2216 ergo
259 2134 319 2196 erit
340 2132 453 2199 nobis?
494 2131 547 2197 28.
578 2131 668 2195 lesus
690 2141 795 2194 nutem
824 2129 902 2196 dixit
923 2131 1004 2209 illis,
1037 2128 1322 2196 emendicare

66 2289 69 2304 .
155 2229 222 2311 bis,
255 2233 345 2321 quod
367 2255 438 2314 vos,
474 2237 530 2322 qui
551 2235 681 2319 sequuti
701 2237 778 2298 estis
797 2256 848 2299 me
870 2237 903 2300 iu
924 2237 1191 2319 regeneratione,
1226 2256 1321 2320 quum

155 2336 278 2404 sederit
297 2337 402 2428 Filius
427 2337 565 2404 hominis
593 2339 627 2402 iu
656 2333 741 2402 solio
771 2341 943 2403 maiestatis
970 2357 1062 2415 suae,
1105 2335 1265 2402 sedebitis
1291 2347 1322 2402 et

155 2461 215 2506 voe
236 2462 335 2528 super
354 2440 437 2506 solie
461 2440 651 2519 duodecim,
693 2440 872 2506 iudicantes
894 2437 1067 2506 duodecim
1088 2437 1195 2506 tribus
1215 2438 1322 2508 tsraet

156 2543 207 2611 29.
236 2545 278 2610 Et
304 2548 449 2632 quisquis
475 2543 644 2631 reliquerit
675 2543 805 2622 domos,
847 2555 902 2610 eut
929 2543 1056 2622 iratres,
1096 2555 1154 2608 aut
1181 2566 1323 2620 sorores,

155 2659 212 2713 aut
231 2660 370 2734 petrem,
412 2658 467 2714 aut
487 2658 634 2726 matrem,
677 2658 732 2713 aut
753 2669 900 2727 uxorem,
933 2659 989 2714 aut
1009 2646 1110 2725 lilios,
1144 2659 1202 2714 eut
1231 2670 1322 2735 agros

153 2762 289 2838 propter
309 2771 428 2816 nomen
451 2772 572 2830 meum,
599 2748 784 2835 centuplum
807 2751 957 2835 accipiet,
985 2759 1016 2816 et
1037 2753 1134 2816 vitem
1158 2764 1322 2818 aeternam

155 2849 328 2918 obtinebit.
371 2851 431 2920 30.
448 2847 556 2922 Multi
575 2864 681 2918 autem
710 2853 804 2938 primi
831 2862 925 2918 eruut
945 2854 1127 2933 novissimi,
1160 2866 1195 2921 et
1216 2860 1322 2924 noris-

154 2973 226 3018 sum
246 2976 350 3040 prum.

237 3133 377 3204 Mitte.
404 3137 442 3207 X.
493 3139 545 3206 28.
579 3141 621 3206 Et
642 3141 751 3227 coepit
771 3139 885 3206 Petrus
911 3137 1103 3220 dicemini,
1134 3141 1226 3209 Ecce
1246 3142 1322 3210 reli-

151 3238 279 3324 quimus
307 3242 430 3320 omuia,
467 3253 502 3308 et
527 3248 657 3331 sequuti
678 3266 785 3312 sumus
806 3254 848 3310 te.
890 3245 941 3310 29.
966 3243 1187 3330 Respondeus
1215 3259 1322 3313 autem

22 3374 28 3402 t
150 3339 242 3406 lesus
263 3341 354 3422 dixit,
386 3345 489 3420 Amen
512 3345 587 3413 dico
605 3345 718 3426 vobis,
750 3344 860 3414 nullus
888 3355 956 3426 est,
986 3349 1043 3434 qui
1067 3348 1242 3438 reliquerit
1263 3350 1323 3417 do-

150 3463 251 3524 mum,
282 3457 337 3512 aut
357 3446 486 3530 iratres,
518 3461 571 3518 aut
592 3471 736 3532 sorores,
762 3459 817 3516 aut
835 3459 977 3536 patrem,
1004 3461 1059 3517 aut
1079 3466 1234 3534 matrem,
1264 3463 1321 3519 aut

150 3570 302 3630 uxorem,
338 3551 551 3632 auritteret,
587 3565 642 3619 aut
663 3574 757 3640 agros
778 3571 850 3619 mee
872 3575 968 3620 causa
990 3566 1023 3641 et
1042 3552 1231 3644 Evangelii,
1264 3555 1319 3626 3⁰.

151 3651 242 3739 Quin
265 3657 400 3742 recipiet
421 3655 573 3743 centupla
593 3678 681 3723 nuuc
701 3659 735 3721 in
757 3665 903 3743 tempore
924 3659 1002 3740 hoo,
1036 3659 1169 3741 domos,
1205 3669 1233 3725 et
1251 3655 1321 3722 ire·

148 3745 235 3837 tres)
260 3767 294 3824 et
313 3779 462 3839 sorores,
489 3769 522 3825 et
544 3771 674 3840 matres,
696 3769 728 3824 et
742 3756 888 3840 liberos,
918 3773 951 3827 et
972 3785 1082 3852 egros,
1114 3786 1189 3830 cum
1211 3781 1324 3852 perse·

87 3893 91 3900 ‚
149 3858 370 3944 quutiouibus,
392 3884 430 3928 ac
449 3866 485 3928 iu
503 3862 638 3928 soeculo
657 3872 795 3930 venturo
817 3867 913 3930 vitam
931 3878 1105 3934 aeternam.
1142 3867 1202 3934 st.
1219 3863 1321 3934 Multi

148 3971 254 4026 eutem
276 3967 371 4048 primi
394 3975 489 4032 erunt
512 3964 630 4042 ultimi,
652 3975 685 4030 et
705 3963 809 4031 ultimi
829 3969 933 4060 primi.

230 4141 333 4212 LUC.
360 4146 477 4212 XVlll.
518 4147 568 4216 28.
596 4151 650 4216 Ait
677 4161 783 4218 autem
811 4151 940 4231 Petrus,
972 4153 1059 4220 Eece
1090 4175 1155 4222 nos
1183 4151 1322 4238 reliqui·

146 4263 215 4308 mus
238 4249 359 4327 omnia,
391 4260 424 4314 et
452 4254 581 4338 sequuti
608 4273 717 4319 sumus
744 4265 786 4322 te.
839 4256 891 4322 29.
920 4257 988 4344 Qui
1011 4259 1090 4325 dixit
1111 4260 1175 4336 eis,
1214 4261 1325 4326 Auen

146 4343 220 4408 dieo
243 4344 349 4426 vobis,
396 4371 492 4420 nemo
515 4365 580 4433 est,
622 4359 679 4444 qui
699 4356 870 4445 reliquerit
890 4358 1035 4441 domum,
1073 4371 1323 4458 autpsreuteS.
