2764 4854
261 249 431 345 (ussto
476 247 610 313 sinin
629 251 776 334 sisenna
794 252 943 335 apparet.)
967 291 970 302 ι
1123 259 1182 352 im

36 405 83 466 ide
102 402 266 466 oriebatur:
285 415 433 468 ettamen
453 404 608 468 obstaculo
628 405 695 486 init,
716 425 755 467 ue
774 406 875 468 victrix
891 417 1057 489 emergeret
1075 425 1180 469 eoruni

36 483 106 544 ides.
152 481 296 542 Noteiiius
316 502 408 564 ergo,
438 503 525 564 quam
549 494 684 564 suspecta
704 483 791 544 nobis
811 503 874 545 esse
894 483 1002 546 debeat
1019 482 1180 546 affectuum

36 570 192 620 rostrorum
210 558 413 634 vehemena'a,
437 579 530 642 quac,
556 561 686 641 wamiis
710 582 745 621 ex
769 559 855 620 bonis
879 560 1031 642 principiis
1057 559 1182 638 oriatur,

36 657 79 696 ios
97 645 195 696 taineii
214 655 231 696 a
250 646 331 697 recta
350 635 397 696 via
416 647 596 700 transversos
614 637 701 730 rapit.
730 639 889 701 bloncmur
908 638 1007 715 etiarn,
1026 657 1113 717 quam
1132 659 1181 700 se-

36 712 94 790 lulo
114 711 201 772 nohis
220 711 389 775 luctandum
408 713 447 774 sit
465 726 570 776 contra
590 713 658 776 fidei
683 714 908 796 impedimenta,
933 734 1023 793 quum
1042 715 1179 796 gaudium
1226 783 1230 796 ι

36 811 59 848 ex
79 787 189 850 Christi
209 789 374 869 praesentia
389 801 566 872 conceptum
577 790 790 858 incredulitatis
810 811 896 852 causa
916 789 1179 871 inerithpostolis.

36 867 148 926 tinum
167 885 239 927 vero
281 866 460 957 erspicimus,
480 866 717 960 quambenigno
738 880 768 929 ct
782 867 909 930 comiter
923 888 1043 928 suorum
1056 867 1179 940 infirmi-

37 942 77 1002 ati
96 941 248 1025 indulgeat
259 887 403 1018 iibristns,
423 945 473 1024 qui
493 965 574 1006 novo
594 945 772 1006 adminiculo
793 943 926 1006 labantes
936 943 1042 1006 fulcire
1057 965 1119 1005 non
1131 967 1180 1007 re-

36 1032 111 1080 eusat.
150 1020 191 1080 Et
209 1018 343 1100 quidem,
367 1019 438 1082 licet
462 1020 599 1084 coelestis
616 1023 694 1084 vitae
714 1020 877 1084 novitatem
896 1022 951 1082 ade
973 1033 1035 1098 tus,
1061 1021 1129 1082 cibo
1149 1033 1181 1084 et

36 1107 97 1157 iotu
115 1095 210 1156 nihilo
234 1095 327 1180 magis
352 1096 486 1180 indigeat
505 1119 592 1178 quam
611 1098 726 1182 angeli,
751 1119 784 1160 se
808 1108 907 1160 tanieii
930 1042 973 1160 ai
994 1118 1180 1160 communem

36 1173 188 1233 nottalium
206 1193 290 1232 usum
309 1185 417 1266 sponte
437 1174 574 1237 demittit
617 1177 701 1237 Toto
724 1175 803 1237 vitae
826 1195 896 1237 suae
915 1196 1001 1236 cursu
1021 1175 1129 1236 edendi
1150 1187 1181 1236 et

36 1248 146 1310 iibendi
169 1245 335 1310 nicessitati
355 1271 386 1312 se
406 1251 586 1314 subiecerat:
610 1273 690 1314 nunc
715 1273 749 1314 ea
774 1263 924 1334 exemptus
949 1251 1018 1314 cibo
1044 1251 1076 1312 iii
1102 1253 1179 1313 bunc

36 1327 111 1386 inem
129 1327 267 1401 vescitur,
285 1338 319 1399 iit
338 1327 498 1410 discipulos
523 1329 561 1389 de
585 1351 635 1390 sua
661 1329 880 1393 resurrectione
903 1329 1086 1410 persuadeat.
1133 1329 1180 1390 lta

36 1403 169 1478 idemus,
197 1413 231 1462 ut
256 1403 427 1484 posthabito
449 1405 494 1466 sui
525 1419 662 1486 respectu
687 1417 791 1468 noster
812 1425 930 1487 semper
955 1425 1018 1468 esse
1042 1405 1180 1468 voluerit.

36 1481 106 1540 daec
124 1499 194 1540 vera
213 1491 258 1540 est
277 1501 310 1540 ac
330 1481 379 1563 pia
400 1481 483 1542 huius
504 1483 644 1545 historiae
662 1483 828 1559 meditatio,
846 1483 877 1544 in
898 1503 955 1576 qua
974 1480 1089 1544 utiliter
1108 1482 1180 1544 insi-

36 1568 100 1616 tent
118 1555 235 1633 fideles,
255 1557 377 1619 curiosis
402 1557 624 1638 quaestionibus
648 1559 866 1637 valeriensis,
890 1581 915 1623 si
939 1571 1100 1622 concoctos
1120 1559 1181 1626 ¹iiiit

36 1632 70 1694 iic
89 1631 169 1698 cibus
189 1633 400 1714 corruptibilis,
419 1635 506 1715 quale
516 1635 587 1698 inde
596 1636 765 1699 alimentum
777 1636 899 1698 traxerit
909 1634 1075 1698 immortale
1088 1633 1179 1697 Chri·
1250 1655 1253 1662 ·

36 1709 198 1792 ticorpus:
217 1709 324 1771 deinde
344 1713 415 1804 qiiid
435 1712 544 1773 laetum
562 1713 601 1776 sit
620 1712 821 1776 &crementis
861 1713 954 1788 Quasi
967 1733 1039 1775 vero
1059 1712 1181 1774 nonsit
1280 1781 1287 1800 .

36 1805 53 1846 n
73 1785 135 1846 eins
154 1786 289 1862 arbitrio,
309 1807 361 1868 qui
380 1788 417 1851 de
436 1787 531 1851 nihilo
550 1790 651 1852 omnia
670 1791 791 1868 crearit,
810 1789 967 1871 pauxillum
981 1788 1041 1850 cibi
1056 1789 1089 1850 iii
1098 1789 1179 1850 nibi-

36 1884 91 1938 um,
111 1861 162 1924 tibi
180 1863 221 1930 tia
239 1863 332 1924 visum
352 1875 406 1942 est,
424 1865 571 1948 red'gere.
610 1865 696 1928 Sient
714 1888 788 1950 ergo
808 1867 918 1948 piscem
938 1877 970 1928 et
990 1865 1090 1926 favum
1108 1886 1180 1927 vere

36 1939 147 2020 nstitit
166 1939 314 2016 Christus,
338 1951 373 2000 ut
396 1961 428 2004 se
452 1941 604 2004 hominem
622 1956 820 2019 monstraret,
842 1943 883 2004 ita
901 1962 964 2003 nou
984 1943 1105 2004 dubium
1125 1953 1181 2018 est,

36 2015 101 2095 quin,
114 2015 281 2108 annisus
299 2017 419 2107 uirtute,
438 2018 521 2112 quod
541 2019 572 2080 in
592 2021 765 2083 alimentum
783 2020 909 2112 transire
918 2039 1008 2112 'opus'
1023 2040 1087 2081 non
1106 2030 1181 2112 erat,

36 2093 1180 2262 stettin?¹tieiiii‘iiimmisinensi:

36 2265 89 2380 nqis
108 2257 267 2383 propteqea
287 2247 438 2340 concedo,
457 2269 514 2342 pro
535 2249 631 2310 carnis
650 2249 821 2311 infirmitate
847 2247 917 2310 cibo
943 2258 974 2308 et
989 2258 1071 2384 potu
1091 2247 1180 2308 luisse

37 2343 53 2382 e
68 2333 161 2398 ectus,
179 2343 210 2383 se

271 2345 340 2384 uum
353 2345 385 2384 iii
399 2336 523 2408 gratiam
536 2324 675 2388 Abrahae
694 2326 822 2387 hnmana
841 2325 937 2386 iorma
956 2323 987 2384 iu
1008 2324 1052 2384 uti
1071 2335 1180 2401 essent,

36 2417 78 2489 loc
98 2397 186 2461 etiam
206 2344 287 2460 dedi
304 2419 391 2463 servo
411 2401 634 2478 suoDomiiius,
651 2413 685 2464 ut
704 2413 773 2464 ante
793 2401 855 2464 eius
866 2399 1016 2484 tugurium
1035 2399 1180 2462 coelestes

36 2475 62 2534 h
83 2475 213 2556 hospites
232 2490 429 2539 vescerentur.
472 2477 571 2540 Porro
596 2478 621 2540 si
640 2479 770 2540 fatemur
787 2498 932 2570 corpora,
951 2497 1027 2569 quae
1046 2477 1085 2568 ad
1103 2489 1179 2566 tem-

40 2553 1036 2694 ¹¹3..³a¹¹¹t.³.‘.‘²¹h.tl⁸.t.⁰ttletie⁰ftt?i‘itt.⁰“.2”lli2¹⁰
1054 2553 1179 2613 ⁰¹¹¹¹¹⁵¹⁰¹

37 2649 51 2689 ε
95 2712 142 2769 it.
181 2651 269 2768 iiiii
286 2707 354 2770 ium
375 2705 469 2770 umbo
519 2710 697 2790 Quanquam
723 2729 758 2770 ei
776 2651 929 2770 Matthaeb
950 2719 981 2768 et
999 2707 1104 2797 Marco
1122 2727 1180 2786 po-

37 2793 80 2842 tea
100 2782 225 2918 pqtebit,
243 2802 306 2843 non
334 2784 495 2847 absimilem
519 2807 687 2848 sermonem
710 2787 743 2847 iu
763 2784 898 2848 Galilaea
922 2783 1013 2858 fuisse
1035 2782 1180 2858 habitum,

37 2859 89 2920 iihi

37 2935 209 2997 irrectioiiis
228 2938 365 3020 contigit.
395 2937 489 3013 Quod
499 2940 579 3000 caim
592 2940 721 3002 loannes
736 2941 773 3002 de
787 2939 840 3002 illo
854 2883 902 3002 dic
921 2939 1021 3013 tradit,
1038 2937 1181 3074 quZiuese

37 3034 127 3091 reor,
147 3023 181 3072 iit
199 3012 343 3094 Spiritum
362 3027 495 3077 sanctum
515 3017 682 3094 conferret,
708 3017 849 3078 convenit
873 3037 940 3078 cum
964 3013 1062 3077 verbis
1107 3033 1180 3074 ucae

38 3111 94 3150 uae
113 3109 183 3150 mox
210 3101 386 3170 sequentur,
416 3089 563 3170 operuisse
585 3093 647 3154 iilis
668 3107 804 3169 numni,
833 3107 866 3154 iit
889 3091 1079 3169 intelligerent
1105 3094 1180 3152 scii-

37 3183 127 3227 miris.
166 3165 262 3227 Porro
282 3167 327 3228 bis
345 3169 443 3230 verbis
462 3168 599 3230 Christus
618 3169 740 3261 oblique
759 3191 884 3232 crassam
905 3181 936 3230 et
954 3168 1089 3254 ignavam
1108 3187 1180 3236 suo·

37 3265 81 3304 mn
102 3241 285 3304 oblivionem
305 3245 489 3330 perstringit,
509 3245 590 3326 quod
602 3245 786 3308 familiariter
801 3249 838 3309 de
853 3245 1181 3311 intiiraresurrectioue

38 3320 133 3382 iidem
154 3319 307 3398 admoniti,
327 3322 452 3403 perinde
464 3323 584 3387 attoniti
598 3321 699 3390 forent
713 3323 772 3384 acsi
788 3322 862 3384 nihil
872 3343 1002 3403 unquam
1012 3323 1068 3383 illis
1078 3321 1180 3381 inisset

37 3398 137 3457 ictum.
175 3397 305 3458 Perinde
325 3395 404 3458 enim
423 3399 523 3460 valent
542 3399 604 3460 eius
623 3398 713 3462 verba
733 3401 791 3461 acsi
811 3399 934 3476 diceret,
955 3399 1037 3474 Quid
1052 3397 1180 3474 haeretis

37 3473 100 3533 uasi
119 3473 151 3532 iri
171 3493 203 3534 re
223 3493 300 3535 nova
319 3473 368 3536 vel
386 3476 549 3556 inopinata,
569 3497 645 3556 quac
663 3489 762 3536 taiiimi
780 3476 897 3557 saepius
921 3497 937 3536 a
961 3497 1011 3536 iiie
1029 3472 1180 3556 praedicta

38 3560 128 3610 ierat:
149 3571 202 3610 cur
221 3570 284 3610 uon
302 3551 403 3632 potius
421 3552 582 3614 verborum
600 3573 735 3614 nieorum
754 3549 973 3615 recordamini?
992 3553 1067 3613 Nam
1086 3549 1111 3610 si
1130 3569 1180 3610 inc

38 3647 152 3688 cracem
172 3626 313 3688 hactenus
333 3627 463 3706 duxistis,
482 3630 540 3690 boc
559 3629 617 3690 iam
636 3649 670 3692 er
689 3629 901 3692 meadoctrina
920 3627 1006 3690 vobis
1026 3625 1180 3710 cognitum

38 3724 80 3765 ise
101 3702 255 3780 debuerat,
273 3704 442 3785 priusquam
461 3706 617 3768 accideret.
661 3706 698 3765 Iii
722 3727 849 3782 summa,
872 3705 961 3766 tacite
986 3702 1180 3782 conqueritur

38 3780 164 3856 hristus,
183 3799 274 3872 quum
297 3779 446 3843 effluxerit
469 3803 521 3844 sua
540 3782 690 3858 doctrina,
713 3803 745 3844 se
772 3803 893 3863 operam
918 3781 996 3860 apud
1015 3779 1180 3858 Apostolos

38 3857 93 3918 tale
113 3857 285 3935 perdidisse.
324 3859 429 3921 Acrius
454 3859 543 3920 etiam
570 3879 673 3920 eorum
697 3860 863 3920 tarditatem
884 3855 1005 3938 pungit,
1032 3875 1122 3935 quum
1146 3876 1199 3944 se.

38 3933 176 4012 nicquam
195 3955 304 3995 novum
323 3936 481 4016 protulisse
501 3947 604 4018 negat:
628 3935 680 3998 sed
702 3947 816 3997 tantum
840 3936 872 3994 in
897 3930 1073 3994 memoriam¹
1090 3951 1178 3993 revo-

38 4008 1179 4168 litata:iiiiiPtthhi‘tii².:tttt.lti;t.{3eattilii

39 4177 95 4240 ent,
116 4164 191 4224 nihil
210 4175 309 4226 tamen
328 4166 420 4249 magis
439 4166 596 4227 absurdum
617 4165 673 4225 suit
691 4185 778 4245 quain
797 4182 859 4223 noii
876 4163 1012 4244 protinus
1031 4162 1181 4242 amplecti,

39 4242 99 4302 nod
121 4261 138 4300 a
158 4241 228 4302 Deo
246 4244 413 4324 proiectum
430 4263 493 4304 esse
527 4241 740 4304 ersuasierant.
772 4239 948 4304 Confessum
969 4239 1048 4302 enirn
1067 4239 1099 4300 iii
1114 4250 1179 4330 tota

39 4329 110 4378 ente
131 4318 243 4378 axioma
264 4320 341 4383 istud
360 4331 434 4395 erat,
453 4341 473 4380 ii
516 4341 562 4382 am
583 4340 645 4380 esse
664 4317 720 4380 reli
743 4319 852 4392 ionem,
870 4316 927 4378 nisi
946 4337 1021 4396 quae
1041 4328 1179 4378 continc-

38 4407 108 4456 atur
127 4395 161 4459 iu
179 4395 261 4478 Lege
283 4409 314 4460 et
332 4397 500 4479 Prophetis.
546 4395 703 4484 Caeterum
721 4339 778 4458 bric
802 4392 921 4475 plenior
947 4393 1073 4458 habetur
1091 4413 1179 4472 quain

138 2881 207 2919 mcii
226 2858 383 2942 probabile
402 2873 461 2939 est,
486 2883 568 2925 nunc
586 2883 603 2924 a
623 2865 703 2925 Luca
723 2863 837 2924 narrari
877 2861 938 2922 uod
965 2859 1110 2942 postridie
1129 2861 1180 2919 re·
