2784 4860
209 309 230 368 a
321 322 330 339 ι
381 296 534 361 sscrto
554 295 595 360 11.
634 275 774 360 lossml
795 297 992 361 Bsnrrsran
1005 307 1170 372 0000000.

140 453 161 516 ‘f
212 451 495 522 iustificationibus
521 453 655 519 Domini
680 451 991 538 irreprehensibiles
1039 453 1067 516 7.
1093 451 1166 516 Nec
1187 454 1262 518 'erat
1282 451 1359 519 illis

213 553 340 644 proles,
367 576 408 622 eo
429 552 518 642 quod
539 565 623 618 esset
643 552 810 620 Elisabeth
835 553 967 632 sterilis,
993 561 1025 616 et
1054 551 1161 618 ambo.
1172 565 1360 638 provectae

214 661 277 722 iam
299 657 411 721 aetatis
432 653 548 720 torem.
589 653 772 720 &Factum
797 663 973 730 astantem,
995 675 1092 738 quum
1115 656 1142 718 is
1163 653 1360 722 sacerdotio

213 758 402 842 iungeretur
427 759 461 820 in
487 754 603 822 ordina
629 758 709 820 vicis
735 777 813 822 suae
840 775 948 820 coram
972 753 1065 831 Deo,
1104 753 1135 817 9.
1162 753 1377 830 Secundum,

184 883 190 892 ·
214 855 481 938 consuetudinem
503 855 676 922 sacerdotii
696 877 766 920 sors
787 851 837 919 illi
859 853 1008 930 obvenit,
1040 862 1075 918 ut
1097 852 1217 920 odores
1238 858 1362 920 incen-

214 957 334 1034 deret,'·
355 962 516 1042 ingressus
545 956 696 1043 templum
725 957 863 1022 Domini.
912 957 961 1020 10.
987 953 1029 1018 Et
1051 957 1155 1023 omnis
1176 955 1377 1040 multitudo,

206 1055 821 1153 Ι00001100000110100100101οι00000
848 1047 1070 1140 thymiamatis.
1114 1056 1163 1122 11.
1190 1057 1362 1143 Apparuit

173 1187 183 1206 =
216 1169 321 1224 antem
348 1157 398 1226 illi
425 1157 568 1242 Angelus
594 1159 729 1224 Domini
755 1168 841 1224 stans
869 1177 888 1220 a
915 1153 1034 1222 dextris
1061 1153 1183 1234 altaris,
1214 1161 1248 1224 10
1281 1181 1359 1244 quo

204 1259 389 1346 ‘thymiama
410 1257 612 1327 adolebatur.
648 1259 704 1324 12.
724 1259 766 1323 Et
788 1247 962 1322 Zachariae
982 1255 1130 1322 turbatus
1150 1267 1198 1322 est
1216 1277 1256 1323 00
1268 1260 1362 1339 viso,

215 1369 248 1424 et
268 1359 475 1432 timorirruit
496 1379 595 1444 super
615 1379 699 1426 eum.
741 1357 791 1424 13.
818 1357 873 1422 Ait
894 1367 1000 1422 antem
1022 1357 1063 1424 ad
1084 1357 1173 1422 illum
1196 1348 1362 1445 Angelus,

137 1501 146 1514 .
213 1459 273 1526 Ne.
288 1461 414 1538 timeas,
440 1459 610 1538 Zacharia,
641 1463 794 1546 quoniam
823 1457 973 1524 exaudita
1001 1453 1049 1522 c'st
1069 1456 1257 1542 deprecatio
1279 1471 1377 1526 tuas.

120 1613 126 1622 .
212 1581 360 1646 uxorque
380 1569 436 1624 tua
456 1557 623 1626 Elisabeth
645 1564 749 1646 pariet
779 1557 838 1625 tihi
859 1557 976 1638 lilium,
1006 1569 1039 1624 et
1066 1557 1198 1625 vocabis
1226 1557 1377 1640 nomeu}

213 1661 467 1728 010010000οω.

290 1895 316 1955 Α
340 1895 438 1976 posite
456 1894 550 1956 Lucae
569 1893 764 1980 Evangelium
791 1915 874 1956 snum
900 1915 916 1956 a
936 1895 1052 1957 Ioanne
1070 1894 1202 1977 Baptista
1222 1893 1377 1974 orditur„

238 1971 301 2032 erin
324 1993 339 2030 0
359 1971 417 2032 acsi
438 1971 501 2052 quis
522 1973 559 2033 de
578 1971 644 2034 luce
665 1971 724 2033 diei
744 1972 834 2032 verba
854 1973 983 2034 facturus
1010 1969 1046 2031 ab
1066 1993 1172 2032 aurora
1192 1971 1377 2060 inciperet}

244 2069 289 2108 am
304 2047 406 2108 Solem
425 2048 563 2124 iustitiae,
603 2049 634 2109 ui
653 2070 721 2109 mox
741 2050 903 2110 esuriturus
925 2060 997 2123 erat,
1017 2049 1108 2108 instar
1117 2067 1239 2108 aurorae
1260 2071 1377 2128 prae-¹

181 2171 193 2183 .
215 2125 311 2184 cessit
349 2125 421 2186 Eius
442 2127 560 2204 quidem
579 2069 613 2184 11
632 2127 719 2186 etiam
739 2126 816 2207 apud
837 2125 909 2186 alios
930 2125 1063 2200 mentio,
1098 2126 1150 2186 sed
1170 2125 1272 2186 0111010
1293 2148 1362 2187 suo

214 2199 273 2259 iam
293 2201 466 2284 fungentem
487 2202 637 2264 inducunt.
675 2201 769 2262 Lucas
789 2214 886 2262 autem
911 2202 1042 2262 nondum
1063 2202 1167 2283 genito
1187 2203 1377 2264 auctorita-r

213 2287 275 2336 tem
296 2277 451 2352 conciliat,
482 2299 570 2357 quom
597 2278 713 2339 divinae
754 2277 886 2338 olentiae
905 2277 1043 2338 miracula
1064 2277 1263 2358 praedicatio
1285 2279 1377 2348 eius,

213 2351 400 2428 incunabilis,
422 2365 453 2414 et
472 2353 651 2435 Prophetam
672 2299 796 2424 coelitus
816 2355 904 2416 luisse
925 2355 1107 2436 designatum
1128 2353 1273 2428 ostendit,
1295 2361 1377 2416 atu-³

212 2439 333 2520 tequam
352 2429 427 2490 scira
447 2431 582 2492 homiues
601 2443 738 2512 possent,
760 2431 853 2510 qualis
874 2442 937 2491 erat
956 2431 1084 2492 iuturus:
1105 2431 1134 2490 id
1157 2450 1194 2490 00
1214 2451 1251 2490 00
1273 2453 1377 2510 000-ιη

212 2505 296 2578 siha,
327 2517 361 2566 ut
378 2506 491 2567 maiore
510 2509 619 2571 deinde
638 2507 804 2568 reverentia
824 2507 974 2582 audiatur,
1003 2504 1055 2566 ubi
1080 2451 1199 2587 publica
1219 2513 1377 2586 persona?

211 2579 331 2642 indutus
350 2583 386 2642 ad
406 2581 604 2644 illustrandam
627 2583 737 2644 Christi
757 2582 882 2666 gloriam
901 2584 1056 2664 prodierit.
1139 2643 1146 2650 ,

289 2665 316 2725 ὅ.
354 2658 395 2718 Ias
413 2657 511 2720 diebus
528 2659 668 2724 1101100110.
708 2659 766 2720 llic
786 2660 843 2720 luit
861 2661 931 2720 Anti
956 2661 1011 2720 atri
1030 2659 1119 2736 lilius,
1155 2680 1241 2740 quem
1262 2673 1377 2740 pater.

213 2735 251 2794 ad
270 2754 393 2817 regnum
413 2757 505 2816 usque
526 2738 670 2815 provexit,
689 2736 720 2796 in
740 2756 800 2815 quo
821 2755 916 2819 angen
939 2757 957 2796 o
977 2747 1089 2796 tautum
1104 2735 1280 2816 habuitipse
1303 2738 1363 2798 in-

98 2865 105 2873 .
213 2811 341 2872 dustriae
362 2823 392 2870 et
414 2822 474 2886 1000
493 2822 613 2872 amenus
639 2812 799 2886 laboravit,
828 2823 862 2872 ut
885 2813 955 2874 iude
980 2813 1082 2898 Magni
1108 2833 1279 2895 cognom
1308 2815 1377 2892 itti}

213 2885 305 2946 suerit
323 2887 456 2946 inditum.
495 2887 605 2948 Putant
624 2900 720 2957 autern
741 2888 874 2967 quidam,
894 2889 964 2948 ideo
984 2887 1033 2950 hic
1051 2889 1198 2950 nominari
1218 2909 1234 2948 a
1254 2889 1377 2968 Luca,l

213 2962 282 3098 poia
309 2963 418 3052 primus
443 2963 506 3024 Rex
538 2975 691 3025 exuaueus
717 2964 819 3025 luerit:
853 2975 1053 3047 opportunum
1085 2986 1158 3049 ergo
1184 2965 1273 3024 luisse
1302 2965 1377 3044 rte-l

235 3039 378 3119 emptioni
402 3050 534 3121 tempus,
566 3041 634 3122 quia
664 3053 811 3122 sceptrum
831 3041 868 3101 ad
892 3053 1011 3124 gentem
1038 3041 1161 3103 alienam
1181 3041 1377 3105 transierat*

212 3115 325 3174 Verum
350 3115 399 3195 qui
424 3117 466 3178 sie
492 3117 654 3196 loquuntur
677 3138 739 3177 non
764 3118 832 3179 satis
856 3117 951 3178 intelli
994 3129 1028 3177 nt
1049 3119 1218 3179 vaticinium
1241 3118 1377 3198 iacob„

145 3218 155 3239 ν
211 3188 264 3250 ubi
285 3211 347 3252 000
371 3191 545 3272 simpliciter
592 3194 754 3255 remittitur
773 3194 897 3254 Messias
925 3199 1082 3270 aventus,
1111 3208 1267 3275 postquam
1292 3195 1364 3258 im-

211 3265 299 3404 perio
319 3269 425 3347 privati
446 3270 558 3330 luerint
571 3216 695 3347 ludaei,
726 3271 779 3330 sed
803 3281 958 3351 postquam
985 3271 1100 3332 atribu
1121 3272 1192 3332 Iuda
1217 3271 1377 3334 ablatum'

118 3407 119 3410 ,
226 3344 310 3404 uerit.
352 3344 528 3424 Quanquam
547 3369 586 3407 00
607 3348 664 3408 hoc
684 3347 802 3426 quidem
823 3345 918 3417 voluit
935 3358 1050 3408 sanctus
1070 3343 1289 3422 PatrIarcha,s
1320 3372 1377 3422 ο-,

181 3459 184 3466 Δ
213 3419 340 3481 liandam
363 3442 424 3482 esse
445 3422 554 3483 tribum
575 3424 646 3482 luda
666 3445 720 3488 suo
741 3423 923 3503 principatu,
944 3435 1099 3504 antequam
1120 3425 1235 3484 veniret
1257 3423 1283 3483 C
1313 3427 1377 3485 ri-'

212 3508 284 3574 stus,
305 3498 357 3558 sed
376 3497 510 3582 regimen
529 3499 633 3636 populi
654 3500 686 3558 in
708 3520 742 3559 ea
761 3499 828 3561 fore
847 3498 952 3560 stabile
972 3521 1064 3579 usqne
1084 3499 1120 3561 ad
1134 3497 1298 3574 Christum,
1325 3503 1365 3563 iu

212 3573 293 3634 cuius
320 3595 448 3654 persona
470 3575 526 3636 soli
549 3595 565 3634 a
590 3577 706 3635 densum
732 3587 808 3634 esset
833 3575 894 3635 eius
924 3576 1115 3656 perpetuitas.
1159 3577 1221 3638 Etsi
1248 3589 1377 3642 antemi

158 3709 164 3716 ,
212 3670 273 3732 quo
298 3661 434 3730 tempore
459 3653 626 3712 floruerunt
643 3651 813 3712 Maccabnei
836 3651 930 3724 tribus
954 3653 1027 3713 Iuda
1052 3653 1116 3715 lere
1147 3653 1179 3712 iu
1210 3651 1377 3717 ordinem¹

212 3725 358 3808 privatum
379 3739 480 3802 coacta
502 3740 577 3803 erat,
598 3739 629 3788 et
647 3727 735 3806 paulo
754 3739 825 3818 post
845 3727 900 3786 dnx
920 3727 1038 3791 ultimus
1059 3749 1092 3788 ex
1113 3741 1203 3811 geute
1222 3728 1275 3789 illa
1298 3733 1377 3812 Io-,

212 3823 303 3864 annes
325 3803 438 3862 occisus
457 3805 528 3878 1011,
550 3815 731 3864 nontamen
752 3823 783 3862 rn
803 3815 897 3864 totum
918 3805 1074 3865 exstinctus
1095 3805 1151 3864 1011
1169 3805 1377 3886 dominatum}

209 3877 280 4014 poia
299 3877 438 3939 manebat
460 3880 554 3940 adbuc
577 3879 756 3960 synedrium,
789 3879 848 3940 boc
876 3890 933 3956 001,
965 3882 1111 3942 delectum
1132 3881 1297 3942 concilium
1324 3893 1377 3950 ext

223 3955 320 4014 amilia
337 3967 367 4015 et
403 3956 505 4016 osteris
517 3956 649 4031 Davidis,
670 3957 750 4016 cuius
770 3977 879 4018 summa
900 3969 963 4018 erat
982 3958 1150 4033 auctoritas,
1171 3957 1290 4018 duravit
1333 3963 1377 4022 re'

210 4051 244 4088 ns
265 4051 302 4090 00
323 4031 360 4090 ad
412 4033 548 4108 erodem,
573 4033 624 4112 qui
640 4033 772 4098 nefanda
791 4033 919 4092 iudicum
939 4035 1029 4094 caede
1049 4053 1176 4114 poenam
1196 4033 1254 4113 sihi
1277 4057 1300 4094 0
1319 4039 1377 4099 im}

209 4051 352 4166 inllictarn
370 4107 448 4168 ultus
466 4119 530 4183 001,
557 4109 637 4189 qnod
657 4129 708 4168 cae
732 4108 754 4168 is
775 4109 925 4169 demiratus
945 4109 975 4168 in
995 4111 1192 4173 voluntarium
1214 4111 1377 4176 exsiliunt}

209 4180 339 4264 migrare
357 4197 475 4246 coactus
496 4187 606 4258 luerat,
635 4194 668 4242 01
686 4205 718 4244 00
742 4183 861 4264 plinium
882 4187 985 4266 capitis
1011 4188 1168 4281 eflugeret.
1207 4188 1377 4270 llegnurnl

211 4279 284 4340 ergo
305 4259 451 4336 Herodis,
469 4283 506 4322 00
526 4262 606 4344 quod
627 4259 715 4321 alieni
740 4283 794 4321 ena
815 4273 905 4336 esset,
930 4283 991 4322 non
1013 4264 1105 4347 fregit
1122 4285 1170 4324 sce
1194 4273 1274 4323 1000
1296 4270 1377 4330 tri-¹

87 4335 96 4348 ⁹
189 4328 264 4394 xbus
284 4333 366 4410 luda,
385 4337 438 4404 sed
456 4339 523 4416 quia
544 4335 686 4400 abolitum
705 4283 763 4398 tiit
782 4339 843 4398 eius
863 4337 1032 4416 latrocinio,
1074 4283 1193 4420 sicquid
1211 4341 1242 4398 10
1266 4343 1377 4408 tribu

209 4409 260 4474 illa
279 4410 430 4498 dignitatis
447 4413 601 4482 residuum
613 4413 761 4492 manebat.
786 4414 880 4493 Quod
894 4425 997 4482 eutem
1017 4361 1145 4500 collapsa
1164 4417 1262 4508 multo
1278 4435 1377 4484 aute*
