2778 4838
382 233 569 338 (tat-tm.
607 229 655 290 De
674 228 736 328 filio
757 229 932 312 degenere.)
968 327 986 340 .
1176 239 1238 308 m
1363 257 1364 272 .

87 385 139 448 illis
156 384 299 465 permittit
317 403 334 444 a
354 403 386 444 se
405 383 471 464 ipso
491 401 509 444 e
577 354 624 443 sue
643 394 806 444 evanescat
827 383 962 476 ideoque
980 384 1123 448 iubentur
1138 397 1238 452 trans*¹

86 481 225 546 gressores
244 461 342 521 redire
361 460 398 534 ad
418 480 472 520 cor
489 463 504 540 (
523 461 685 546 estha).
725 459 766 520 Se
789 461 868 520 nitur
887 473 974 522 ettam
995 464 1155 539 confessio,
1167 481 1239 528 non

87 539 192 619 qualem
212 536 366 598 fabricavit
385 536 480 617 Papa,
506 537 559 597 sed
578 555 635 616 qua
654 535 730 597 filius
749 557 768 596 o
796 557 896 597 ensurn
917 551 1030 619 patrem
1049 539 1107 601 sibi
1145 541 1237 603 iacatt

86 637 146 674 nam
166 616 236 674 haec
255 613 402 675 humititas
421 613 599 674 redimendis
612 611 735 672 offensis
746 615 1043 696 omninonacessaria
1055 629 1108 677 est
1124 561 1238 678 horma

87 693 152 752 haec
169 691 328 771 loquendi,
342 693 461 766 yconii
477 694 510 750 ist
528 689 637 752 coetum
655 703 682 750 et
699 709 799 750 omnm
816 705 859 766 ts,
887 694 1061 752 tantundem
1080 694 1161 754 vaiet
1179 695 1239 756 acsi

87 769 187 828 dictum
206 780 292 840 esset,
310 767 420 828 laesum
439 766 528 828 fuisse
546 766 645 826 Deum
664 767 695 826 in
714 787 842 846 persona
861 769 1085 849 terreni’patris.
1102 773 1144 830 Et
1156 781 1240 832 certe

86 845 136 904 hoc
155 857 257 904 natura
278 845 380 918 dictat,
400 843 567 923 quicunque
588 854 692 902 contra
702 855 816 923 patrem
827 844 988 920 insolescit,
1007 845 1097 927 impie
1116 863 1239 928 quoque

85 921 210 985 adversus
229 921 327 980 Deum
346 921 509 1057 insurgquvq,
529 919 580 1016 qqi
600 919 677 982 filios
690 919 869 1072 parentibus
888 921 1023 984 subiecit.
1233 937 1236 946 ·

152 1007 198 1063 22.
237 998 378 1078 Proferts
394 1011 439 1056 sto
643 1041 651 1056 .
722 1019 868 1078 uanqnanr
887 999 919 1058 in
937 999 1086 1078 parabolis
1106 1003 1154 1078 (ot
1172 1019 1239 1062 sac-

85 1067 142 1154 pius
161 1073 270 1135 dictum
292 1075 351 1154 est)
370 1073 498 1154 singulas
517 1073 653 1136 minutias
673 1085 810 1134 excutere
819 1075 869 1134 ine
893 1086 954 1135 tom
969 1076 1060 1151 soret,
1079 1077 1239 1138 hictamen
1319 1137 1322 1147 ,

85 1171 139 1210 non
158 1151 347 1232 torquebitur
365 1149 461 1226 litera,
479 1151 505 1210 si
524 1150 664 1223 dicamus,
684 1150 842 1211 coelestem
907 1163 983 1212 trem
1002 1173 1065 1232 non
1084 1153 1178 1214 modo
1197 1155 1239 1215 ita

84 1226 229 1308 ignoscere
250 1229 378 1308 peccatis
398 1227 521 1302 nostris,
549 1237 583 1287 ut
601 1247 704 1287 eorum
724 1228 896 1288 memoriani
915 1229 1055 1322 sepeliat,
1085 1233 1137 1290 sed
1156 1231 1238 1319 donq

84 1305 164 1364 etiam
183 1307 353 1379 restituere,
382 1302 488 1384 quibus
510 1323 624 1364 eramus
644 1302 736 1363 erutis
764 1301 850 1363 sicuti
870 1305 996 1368 vicissim
1016 1325 1071 1366 nos
1091 1306 1147 1367 iilis
1166 1325 1240 1386 spo·

85 1380 150 1442 lianc
169 1381 411 1464 ingratitudinem
430 1392 562 1441 nostram
582 1380 722 1463 castigat,
750 1390 786 1440 ut
803 1380 942 1444 nuditatis
961 1381 1076 1464 probro
1097 1393 1128 1444 et
1147 1383 1239 1446 dede³

85 1477 148 1519 core
166 1459 203 1521 ad
222 1461 369 1542 pudorem
388 1475 444 1519 nos
465 1469 564 1541 cogat.
1233 1478 1237 1504 ³

159 1710 263 1793 (151.)
304 1705 406 1776 LUC.
433 1707 505 1773 XV.
547 1707 599 1774 ᾗ.
626 1707 706 1776 Erat
733 1719 839 1776 autem
867 1705 955 1775 filius
982 1711 1054 1776 eius
1074 1712 1186 1778 senior
1204 1703 1241 1814 iq

85 1833 168 1898 egro,
210 1823 244 1880 et
272 1835 370 1900 quum
398 1813 541 1890 veniret,
583 1821 615 1878 et
636 1815 931 1900 appropinquasset
950 1811 1076 1891 domiti,
1118 1814 1242 1881 audivit

84 1927 269 1988 concentum
303 1926 337 1981 et
366 1913 493 1982 choros.
542 1913 594 1978 26.
627 1915 669 1982 Et
702 1920 832 1983 vocarit
864 1937 963 1982 unum
992 1939 1011 1982 e
1037 1921 1139 1984 servis
1165 1921 1242 1999 suis,

85 2029 114 2083 et
133 2020 355 2106 interrogavit,
376 2015 454 2106 quid
477 2025 585 2082 essent
605 2015 673 2084 illa.
712 2019 763 2086 27.
791 2019 864 2105 Ipse
886 2042 965 2089 vero
989 2021 1070 2088 dixit
1090 2026 1138 2102 ei,
1160 2022 1242 2114 Fra}

83 2132 129 2187 ter
147 2133 219 2190 tuns
240 2125 337 2199 venit,
359 2130 391 2186 et
414 2121 563 2184 mactavit
582 2129 675 2205 pater
697 2131 770 2186 tuus
790 2120 925 2192 vitulum
946 2127 1130 2208 saginatum,
1151 2123 1243 2212 quod

81 2226 271 2292 incohomem
297 2225 387 2304 illum
414 2223 584 2305 receperit.
647 2223 698 2286 28.
731 2221 917 2308 {ndignatus
945 2234 993 2289 est
1024 2237 1144 2308 antem,
1177 2215 1242 2294 net

82 2327 209 2397 volebat
238 2329 383 2394 introire.
434 2321 530 2388 Pater
558 2343 635 2409 ergo
669 2323 758 2389 illius
792 2347 939 2412 egressus
970 2323 1106 2412 rogabat
1138 2309 1240 2398 iltum'.

82 2433 128 2503 29.
152 2437 196 2500 At
212 2431 273 2498 ille
294 2425 498 2515 respondens
519 2426 598 2492 dixit
618 2430 714 2512 patri,
735 2427 839 2506 Ecce,
863 2436 913 2493 tot
934 2431 1027 2494 annis
1045 2433 1153 2498 servio
1174 2433 1245 2516 tibi,

82 2557 139 2604 neo
160 2557 302 2624 unquam
323 2541 531 2622 praeceptum
550 2541 641 2596 tuum
661 2529 877 2614 transgiassus
898 2549 981 2610 sum,
1010 2543 1043 2597 et
1063 2534 1140 2600 mihi
1159 2556 1244 2626 nun7

85 2659 173 2726 quam
194 2635 317 2704 dedisti
337 2635 495 2713 hoedum,
525 2643 561 2698 nt
582 2655 653 2698 cum
676 2635 785 2697 amicis
806 2636 885 2698 meis
906 2631 1054 2701 laetarer.
1096 2638 1148 2704 30.
1175 2629 1244 2708 Sed

84 2751 249 2830 postquam
270 2738 359 2804 filius
381 2748 454 2803 tuus
474 2736 545 2816 bic,
565 2739 621 2823 qui
643 2735 811 2802 devorarit
831 2734 1040 2805 substantiam
1061 2749 1148 2806 tuam
1169 2763 1244 2809 oum

54 2920 57 2931 ι
85 2841 318 2920 meretricibus,
352 2841 457 2919 venit,
489 2842 631 2906 mactasti
657 2839 707 2905 illi
732 2839 867 2906 vitulum
893 2845 1079 2929 saginatum.
1123 2843 1176 2909 31.
1201 2845 1246 2909 At

84 2945 237 3015 illedixit
260 2949 306 3024 ei,
345 2944 427 3023 Fili,
463 2955 499 3011 tu
519 2965 648 3033 semper
667 2965 791 3010 mecum
814 2966 864 3010 es:
903 2954 936 3010 et
962 2929 1165 3013 omnia'mea
1187 2956 1245 3012 tua

86 3061 163 3116 sunt.
224 3049 277 3116 32
311 3049 442 3113 Laetari
477 3055 583 3111 autem
618 3055 651 3112 et
678 3045 821 3134 gaudere
849 3045 1036 3136 oportebat,
1078 3051 1154 3137 quia
1181 3048 1246 3116 fra-

87 3161 134 3216 ter
158 3162 232 3220 tuus
258 3151 312 3218 bio
338 3161 483 3218 mortuus
509 3159 592 3231 erat,
634 3161 667 3217 et
700 3152 828 3218 revixit:
870 3153 1029 3250 perierat,¹
1067 3160 1100 3217 et
1131 3149 1246 3234 inven-

88 3260 135 3322 tua
154 3267 211 3324 est

159 3437 228 3499 Hoc
252 3435 400 3518 posterius
426 3431 590 3495 membrum
613 3431 773 3514 parabolae
797 3433 1020 3496 inhumanitatis
1042 3453 1094 3496 eos
1120 3445 1247 3514 accusat,

109 3513 137 3574 ni
155 3515 214 3577 Dei
235 3513 358 3596 gratiam
377 3512 506 3593 maligne
517 3511 695 3591 restringere
705 3511 825 3586 vellent,
845 3511 927 3591 quasi
945 3511 1059 3573 miseris
1077 3513 1246 3593 peccatori-

88 3533 140 3650 bus
160 3590 454 3653 inrideantsalutern.
475 3587 589 3648 Scimus
600 3589 689 3661 enim,
708 3587 869 3648 scribarum
881 3588 988 3648 fastum
1008 3588 1055 3648 hic
1074 3587 1246 3671 perstringi,
1265 3660 1267 3669 Ι

90 3667 138 3746 qui
155 3667 211 3728 sibi
232 3665 361 3729 debitam
382 3663 492 3726 meritis
513 3664 571 3724 suis
590 3666 756 3726 mercedem
770 3685 831 3723 non
845 3663 1134 3746 putabantrependi,
1153 3664 1178 3724 si
1190 3687 1246 3756 pu-

89 3739 219 3804 blicanos
240 3755 271 3803 et
281 3742 481 3823 promiscuum
493 3741 596 3821 vulgus
610 3739 743 3802 Christus
763 3740 800 3800 ad
818 3761 900 3820 spem
920 3751 1059 3800 aeternae
1079 3740 1248 3804 haeredita-

90 3817 126 3877 tis
144 3821 321 3880 admitteret.
360 3817 480 3878 Summa
498 3817 590 3898 igitur
609 3829 666 3878 est:
697 3818 721 3878 si
740 3816 792 3877 filii
810 3816 871 3878 Dei
889 3815 1004 3878 censeri
1023 3816 1167 3896 cupimus,
1186 3817 1248 3878 sra-

91 3903 166 3956 trum
184 3896 276 3972 vitiis,
296 3915 371 3976 quae
390 3893 454 3974 ipse
475 3905 598 3974 paterne
618 3894 757 3969 remittit,
789 3893 919 3954 fraterne
939 3892 1154 3976 ignoscendum
1173 3914 1247 3956 esse.

94 3971 154 4044 Qui
177 3983 284 4053 putant
308 3971 361 4032 sub
386 3973 570 4048 primogeniti
584 3971 650 4049 filii
674 3983 748 4052 typo
768 3970 919 4030 Iudaicum
944 3968 1086 4049 populum
1111 3969 1249 4049 describi,

92 4050 204 4109 tametsi
223 4047 339 4110 ratione
358 4067 422 4107 non
435 4058 548 4122 carent,
566 4047 640 4108 mihi
648 4059 748 4108 tannen
767 4046 906 4112 videntur
924 4065 988 4105 non
1007 4045 1075 4106 satis
1094 4047 1132 4107 ad
1150 4058 1249 4110 totum

25 4191 26 4194 Ἴ
92 4135 259 4185 contextum
280 4124 442 4186 attendere.
480 4122 555 4182 Nam
576 4143 609 4182 ex
626 4123 789 4185 scribarum
807 4141 956 4182 munnure
974 4133 1059 4182 natus
1074 4143 1171 4185 sermo
1184 4126 1252 4204 tuit,

94 4200 196 4278 quibus
215 4201 339 4263 molesta
359 4212 422 4261 erat
434 4199 545 4260 Christi
556 4199 719 4261 humanitas
733 4219 803 4282 erga
822 4199 944 4259 miseros
964 4209 996 4258 et
1014 4221 1118 4279 parum
1137 4202 1250 4282 proba-

94 4285 140 4336 tae
158 4277 235 4338 vitae
246 4277 390 4340 homines.
417 4275 536 4336 Scribas
548 4294 632 4359 ergo,
652 4275 704 4356 qui
723 4273 891 4357 arrogantia
910 4275 1081 4357 turgebant,
1099 4291 1252 4360 comparat

95 4349 172 4438 [nugi
192 4363 222 4416 et
240 4353 380 4420 modestis
398 4352 584 4432 hominibus,
608 4353 659 4434 qui
676 4371 794 4436 semper
812 4353 937 4416 honeste
956 4373 1104 4435 parceque
1122 4355 1251 4420 virendo
