2766 4834
174 249 233 312 tot
327 238 482 304 sectio
503 238 563 301 tva
594 239 672 300 Isso
692 231 883 338 Basrrs'nqs
901 253 946 300 er
966 253 1148 303 rsnrarro.

129 399 136 422 ¹
175 415 283 464 omare
301 405 456 460 creaturas.
495 394 593 474 htqoe
613 393 686 454 haec
707 394 811 454 eadem
830 380 997 458 observatio
1019 409 1053 452 er
1071 388 1317 464 miltisdifhcul-

174 471 282 544 tatibus
302 491 356 532 nos
377 471 519 552 expediet.
559 469 689 554 Sqirnus,
709 481 834 550 quantae
856 470 934 532 rixae
954 479 1057 531 nostro
1079 467 1197 528 sacculo
1220 470 1315 530 exsti-

175 549 265 609 t'erint
284 549 321 608 de
341 569 393 608 usu
414 559 444 607 et
464 545 594 607 efficacia
613 545 774 628 signorum,
817 567 865 605 uas
883 546 987 605 carries
1008 544 1146 618 dirimere
1166 543 1225 605 hoc
1248 569 1315 612 rano

174 625 268 686 verbo
293 625 376 695 lieet,
409 625 489 704 quod
513 633 576 684 tota
602 623 725 682 Domini
746 567 1062 702 insCrtntio··asictorem
1079 623 1178 702 'ipsum
1200 629 1232 680 ‘et
1252 624 1318 682 vir-

174 714 266 762 tutem
294 701 419 780 Spiritus
446 721 503 759 nna
528 721 592 760 enm
620 699 711 782 figura
734 705 764 759 e't
782 700 915 759 ministro
938 700 1156 779 complectitur:
1186 697 1239 758 ubi
1261 723 1317 758 arr-

174 791 235 838 tem
255 799 319 838 cnm
339 777 471 836 Domino
491 776 645 837 confertur
663 775 809 852 minister,
841 787 875 836 ut
893 775 942 836 ille
963 775 1061 836 omnia
1081 774 1206 848 habeat,
1221 775 1319 836 'bunc

176 855 207 914 in
228 855 350 913 nihilum
372 853 659 936 esseredigendum.
949 855 953 866 ’
1052 909 1056 922 ,

252 931 355 990 lllattlr.
364 939 410 994 ll.
430 931 543 1006 Spiritu
552 941 651 990 strido
663 944 689 988 et
698 931 767 1006 igni.
789 929 960 1003 Quaeritur,
974 951 1026 988 cnr
1037 949 1098 987 non
1111 927 1199 987 etiam
1210 928 1322 988 dixerit

176 1009 321 1083 loannes,
353 1005 501 1066 Christum
525 1005 619 1068 solum
646 1024 723 1079 esse,
755 1006 804 1085 qui
830 1006 938 1064 aninas
962 1004 1105 1086 sanguine
1128 1023 1184 1064 suo
1211 1003 1320 1064 abluit.

175 1073 292 1174 Nempe
319 1083 385 1162 qnia
410 1084 471 1164 ipsa
499 1103 618 1164 quoque
638 1083 754 1143 ablutio
772 1081 898 1163 Spiritus
918 1081 1214 1162 virurteperfieitur,
1246 1081 1321 1140 satis

176 1160 279 1220 habuit
306 1160 372 1221 solo
398 1160 518 1220 nomine
542 1163 662 1236 spiritus
686 1170 782 1219 totum
809 1157 944 1237 baptismi
973 1159 1113 1218 effectum
1141 1159 1319 1238 exprimere.

65 1283 74 1300 .
176 1237 286 1296 Sensus
317 1237 433 1318 quidem
465 1236 558 1296 clarus
590 1247 650 1310 est,
689 1235 784 1295 solum
811 1233 959 1303 Christum
986 1235 1144 1306 conferre,
1175 1235 1321 1324 quiequid

177 1313 288 1398 gratiae
309 1325 444 1404 externus
463 1313 627 1406 Baptismus
647 1312 766 1394 figurat,
785 1311 851 1402 qnia
872 1311 935 1390 ipse
956 1311 1150 1402 conscientias
1169 1331 1320 1402 sangpme

177 1409 230 1450 suo
251 1401 396 1482 aspergite
421 1410 483 1470 rpse
505 1391 581 1450 idem
601 1401 733 1480 ueterem
754 1389 902 1456 hommem
922 1389 1106 1480 mortqftcatp¹
1121 1397 1152 1447 et
1170 1386 1320 1478 Spiritum

176 1479 410 1548 regenerationis
422 1465 549 1526 confert.
581 1464 744 1526 Subticrtur
763 1469 965 1540 nomenigm'e
983 1485 1047 1524 vice
1059 1465 1197 1545 epithetis
1221 1477 1320 1526 trans-

73 1571 77 1584 *
177 1543 273 1604 fertur
298 1555 396 1603 antem
421 1542 637 1632 sdlspiritnm,
654 1543 734 1632 'qnia
754 1543 856 1602 sordes
876 1554 990 1601 nostres
1010 1561 1072 1600 non
1093 1540 1178 1600 aliter
1198 1553 1321 1624 purgat,

179 1639 264 1699 quam
285 1639 385 1692 auram
406 1620 468 1701 igni
488 1619 672 1698 excoquitur,
690 1631 766 1680 stent
785 1618 855 1678 alibi
874 1618 1076 1699 metaphorice
1095 1619 1220 1677 v'oc'atur
1240 1639 1323 1700 aquo

95 1733 106 1746 -
154 1697 300 1774 .(Ioann·
320 1702 350 1768 3,
370 1699 422 1774 b).

373 1771 383 1792 0

254 1783 301 1840 12.
325 1773 413 1831 Gutus
424 1769 613 1831 ventilabrum
623 1775 655 1830 ia
667 1793 755 1832 manu
769 1772 869 1844 ipsium.
889 1771 1026 1834 Proxima
1036 1771 1183 1832 sententia
1193 1771 1322 1832 concio-

178 1860 263 1910 natos
290 1859 335 1908 est
358 1849 486 1908 loannes
513 1849 550 1909 de
570 1849 664 1930 gratia
685 1847 809 1920 Christi,
842 1859 875 1906 ut
893 1869 923 1908 se
943 1848 987 1908 ilii
1007 1850 1194 1908 renovandos
1215 1848 1322 1916 ludaei

178 1927 345 2004 traderent:
374 1925 559 1984 nuncetiam
580 1925 617 1986 de
638 1925 746 1996 iudicio
767 1924 899 1999 disserit,
921 1938 1080 1986 urmeunn
1102 1925 1322 2006 contemptori-

179 2001 384 2064 bussiniiciat.
442 2001 517 2060 Nam
589 2002 614 2062 ia
644 2001 729 2062 multi
758 2022 877 2083 semper
907 2003 1083 2092 hypocritae
1108 2000 1322 2062 oblatarwsibi

181 2079 292 2140 Christi
317 2077 438 2170 gratiam
463 2097 552 2157 seper
575 2100 590 2140 e
617 2077 789 2158 repudiant,
820 2079 905 2139 simul
931 2075 1106 2152 vindictim,
1141 2079 1246 2157 quaei
1271 2101 1323 2139 sos

179 2166 295 2227 manet,
324 2150 389 2214 rllis'
406 2154 572 2214 denuntiari
594 2177 714 2216 neccsse
735 2167 788 2213 ert.
827 2159 891 2226 Hac
912 2156 949 2214 de
971 2176 1054 2216 causa
1076 2157 1203 2216 loannes
1225 2101 1321 2214 cliri-

179 2243 255 2290 stnm
281 2231 339 2300 hic,
354 2229 495 2291 describit
517 2253 652 2294 severum
680 2232 806 2292 iudicem
832 2236 967 2294 adversus
992 2231 1168 2292 incredulos.
1218 2233 1324 2310 Atque

60 2333 74 2356 ν
180 2307 227 2368 hic
247 2305 375 2366 docendi
396 2307 470 2368 ordo
492 2308 578 2369 nobis
598 2329 717 2390 quoqne
738 2311 882 2370 tenendus
903 2321 957 2384 est,
977 2320 1011 2368 ut
1028 2308 1122 2368 sciant
1133 2309 1325 2389 hypocritae,

179 2403 242 2447 non
263 2383 456 2463 impunesibi
477 2405 635 2462 cessrunm,
656 2384 736 2466 quod
758 2385 906 2448 Christum
924 2385 1072 2459 reiicinnt,
1093 2397 1159 2444 eta
1180 2405 1234 2445 suo
1256 2396 1323 2445 tor-
1374 2449 1375 2460 ,

180 2481 254 2542 pore
276 2457 474 2550 expergefacti
493 2461 620 2523 ultorem
641 2474 773 2523 metuere
786 2463 937 2544 incipiant,
959 2479 1045 2542 quem
1056 2461 1154 2520 salutis
1168 2473 1324 2522 auctorem

180 2549 335 2618 aspernati
349 2550 425 2596 sunt.
464 2538 561 2600 Porro
581 2537 652 2600 mihi
673 2559 735 2598 non
756 2538 875 2600 dubium
896 2551 949 2612 est,
970 2537 1041 2618 quin
1062 2539 1171 2598 docere
1193 2539 1325 2598 voluerit

144 2665 154 2684 ,
180 2613 325 2688 loannes,
358 2614 427 2693 quid
456 2613 566 2676 efficiat
584 2615 721 2676 Christus
741 2637 795 2697 per
813 2639 896 2676 suum
915 2614 1128 2696 Evangelium.·
1158 2616 1213 2674 Est
1232 2615 1327 2696 igitur

179 2690 334 2773 Evangelii
352 2691 536 2770 praedicatio
555 2692 743 2752 ventilabrum
762 2704 811 2752 ant
830 2715 952 2768 vannus,
973 2693 1051 2771 qnia,
1072 2703 1239 2769 antequam,
1253 2694 1325 2753 Do-

181 2767 275 2828 minus
302 2785 358 2826 nos
377 2767 519 2840 exentiat,
550 2770 775 2835 totusmundus
796 2771 974 2830 confusione
995 2761 1153 2860 impliiitus
1174 2781 1234 2841 est,
1267 2769 1326 2829 sibi

182 2843 307 2934 quisque
326 2842 461 2922 privatim
482 2843 598 2906 ‹teticias
619 2843 699 2919 facit,
720 2856 750 2905 et
769 2845 933 2906 bouimalis
947 2845 1171 2926 penulatisunt,
1192 2845 1325 2926 denique

182 2919 273 3002 paleis
293 2931 412 2998 turgere
432 2919 549 2984 suffieit
581 2916 643 2981 Ubi
662 2933 759 2982 autem
779 2921 809 2980 in
829 2925 959 2989 medium
979 2921 1082 3012 prodit
1099 2919 1235 2982 Christus
1253 2943 1325 2982 eum

182 3015 236 3054 suo
257 2993 432 3075 Evangelio,
452 2994 521 3055 dum
542 2997 737 3058 conscientias
758 2999 893 3084 coarguit
913 3011 943 3059 et
963 3010 1034 3058 citat
1052 2997 1161 3058 adllei
1182 2997 1326 3073 tribunal,

182 3071 364 3132 ventilantur
384 3071 502 3151 paleae,
532 3093 607 3153 quae
628 3074 707 3154 prius
726 3095 864 3158 magnam
884 3095 970 3136 areae
991 3086 1105 3155 partem
1124 3075 1327 3154 occupabant.

185 3147 362 3228 Quanquam
383 3160 480 3208 autem
500 3149 544 3208 sin
586 3150 632 3212 los
653 3153 786 3212 homines
806 3164 982 3236 repurgata
1025 3152 1328 3233 aleis·Evangelium‚

183 3226 312 3286 loannes
331 3235 430 3286 nosen
452 3226 500 3288 bic
520 3247 557 3308 pa
572 3228 611 3290 eis
632 3249 664 3288 re
687 3229 778 3290 rohos
800 3243 960 3310 comparat,
981 3173 1083 3288 fideles
1103 3238 1200 3291 autern
1212 3229 1326 3290 tritico.

183 3300 406 3360 Proinde-oren
425 3309 564 3385 non‘⁴pro
584 3249 697 3364 mundb
716 3306 859 3386 accipitur
879 3313 929 3382 (nt
940 3302 1112 3387 quibusdam
1126 3303 1252 3383 placet),
1273 3307 1328 3366 sed

184 3393 241 3456 pro
271 3377 418 3440 Ecclesia:
459 3381 620 3442 notandum
651 3383 748 3454 enim,
788 3383 828 3454 ad
851 3403 930 3474 quos
954 3381 1044 3442 rerba
1072 3381 1159 3442 faciat
1184 3381 1327 3443 loannes.
1358 3385 1361 3388 ’

186 3455 287 3530 Qunm
320 3455 386 3515 selo
410 3457 497 3518 titulo
523 3459 617 3520 inflati
643 3471 741 3520 essent
767 3460 884 3534 Indae„
918 3460 1046 3519 Ioannm
1071 3459 1212 3518 admonet
1237 3460 1328 3520 stulte

185 3551 239 3592 eos
264 3531 435 3612 superbire,
456 3536 553 3614 -qnod
574 3533 672 3598 locum
693 3535 729 3595 ad
749 3547 863 3616 tempus
884 3547 1033 3616 occupent
1051 3535 1082 3594 in
1102 3532 1237 3602 Ecclesia
1258 3537 1329 3612 Dei,

165 3610 265 3669 'unde
283 3629 356 3670 mor
382 3611 518 3671 eiiciendi
543 3624 612 3672 sunt
635 3633 697 3672 non
722 3633 806 3672 secus
830 3626 918 3692 atque
945 3612 1046 3692 paleae
1073 3633 1107 3671 ex
1129 3632 1208 3672 area.
1258 3615 1329 3675 Hoc

184 3682 276 3746 niodo
295 3698 478 3770 corruptum,
498 3689 549 3768 qui
570 3701 640 3748 tunc
659 3699 734 3762 erat,
754 3687 905 3750 Ecclesiae
925 3701 1031 3749 statum
1052 3688 1236 3770 perstringit,
1257 3691 1330 3770 qnia

185 3764 307 3846 glnmis,
334 3765 513 3844 quisquiliis,
534 3777 565 3824 et
584 3764 647 3825 aliis
667 3765 803 3826 sordibus
823 3767 932 3828 referta
953 3777 1044 3842 esset,
1065 3765 1116 3826 sed
1135 3765 1203 3826 vivo
1224 3767 1328 3828 Evan-

185 3839 257 3922 gelii
283 3841 354 3900 flatu
382 3861 450 3900 mox
475 3841 658 3922 purgandam
686 3859 757 3902 esse.
798 3841 859 3903 Sed
879 3843 1031 3980 quomodo
1052 3841 1166 3922 paleam
1188 3843 1329 3904 atritico

185 3933 344 4005 segregare
366 3916 473 3978 dicitur
493 3915 641 3994 Christus,
669 3919 718 3998 qui
739 3917 813 3978 nihil
833 3919 871 3978 inv
906 3918 1053 3980 ominibus
1073 3919 1206 3999 reperire
1227 3933 1332 4000 potest

186 3993 244 4051 ursi
263 4010 372 4052 meram
392 3993 527 4073 paleam?
566 3995 733 4075 Responsio
753 3993 846 4056 facilis
867 4009 933 4065 esta
946 3995 1057 4056 eleetos
1077 3993 1198 4054 formari
1219 3995 1250 4055 in
1272 3999 1329 4056 tri.

185 4067 289 4140 ticum,
308 4081 341 4126 ut
361 4089 376 4128 a
397 4071 486 4152 palea,
502 4092 583 4130 exem
606 4073 628 4130 ti
649 4072 679 4132 in
701 4073 1037 4156 horrenmcolligantur.
1070 4071 1230 4132 Caeterum
1252 4073 1331 4136 banc

188 4145 394 4224 purgationem
415 4092 719 4222 inchoaiitChristus,
739 4161 769 4209 et
791 4149 924 4228 quotidie
964 4147 1071 4230 e‘ragit:
1093 4149 1330 4211 effectnstamen

188 4239 250 4278 non
278 4232 345 4278 ante
362 4223 504 4283 -nltimum
530 4224 608 4284 diem
634 4226 721 4305 plane
742 4226 898 4286 constabit
938 4171 1011 4286 ldeo
1033 4227 1165 4286 loannes‘
1181 4226 1251 4288 illuc
1273 4250 1330 4288 nos

188 4307 318 4359 revocat
362 4297 424 4357 Sed
447 4301 680 4376 meminerimus,
711 4303 811 4363 fnleles
837 4303 926 4362 hodie
946 4303 1009 4392 iam'
1026 4323 1080 4381 per
1099 4325 1111 4362 s
1128 4302 1181 4360 'em
1203 4303 1238 4364 in
1257 4305 1329 4365 hor-

163 4391 272 4470 areum
282 4371 339 4432 Dei
360 4371 486 4455 ingredi,
507 4387 540 4436 nt
557 4389 707 4440 aeternam
728 4379 789 4439 illic
809 4379 928 4442 tandem
948 4399 981 4440 re
999 4399 1086 4458 ipsas
1126 4367 1331 4444 omhabeant:
