2778 4852
366 289 486 366 (6-7.
511 285 644 370 Angelus
664 285 808 366 blaciae.)
1114 295 1154 360 10

62 443 138 514 luat,
164 439 221 500 eius
246 439 369 502 vidmes
387 449 510 520 totaque
529 438 701 502 excellentia
726 460 807 502 mera
832 451 877 503 est
896 441 954 504 Dei
974 440 1149 506 liberalitate

62 519 104 597 plus
153 539 194 576 aru
213 529 405 608 praepostere
424 516 553 591 faciunt,
578 517 629 598 qui
649 517 686 578 ab
706 537 741 580 ea
760 518 919 599 petendum
940 517 1050 580 ducent
1069 523 1150 601 quod

60 539 152 654 aliunde¹¹
161 592 311 654 uobiscum
331 593 431 654 babet.
467 593 562 654 Nimis
581 615 652 655 uero
671 615 765 656 massa
781 595 896 656 inscitia
916 594 1053 676 Papistae
1072 597 1149 657 salu-

59 670 165 730 tationem
184 671 258 730 bauc
279 670 361 750 quasi
372 669 489 751 magico
506 671 669 732 exorcismo
680 672 712 732 in
743 672 870 733 reculam
881 684 1043 748 verterunt,
1051 685 1151 751 ,atque

60 767 82 804 rr
96 747 213 826 prorupit
231 748 367 823 vesania,
385 759 418 806 ut
438 746 699 809 concionatoribus
718 691 760 808 ias
779 770 841 809 non
861 747 914 824 sit,
934 748 955 808 S
979 749 1062 810 iritus
1081 768 1149 832 gra-

59 823 104 880 tian
119 843 166 902 pro
185 843 239 904 sug
262 836 326 884 estu
341 835 455 904 petere,
474 823 532 884 nisi
573 845 606 884 er
624 847 707 886 suum
726 825 789 887 Ave
809 825 912 900 illaria.
950 770 1045 906 Atqui
1063 845 1149 906 prae-

60 911 155 977 terquam
178 843 260 980 quod
281 900 345 960 sola
370 899 530 984 gratulatio
551 845 764 977 liciatum,
802 914 915 963 temere
937 900 996 963 sibi
1022 901 1150 963 alienum

59 975 152 1034 elicium
170 989 322 1057 usurpant,
341 977 423 1058 quod
435 976 517 1036 Deus
536 997 599 1037 non
619 978 676 1038 nisi
689 979 808 1062 Angelo
828 979 968 1040 iniunxit:
988 978 1033 1040 bis
1052 991 1150 1040 autern

61 1051 297 1128 subaemulatio,
319 1054 400 1150 quod
419 1052 571 1130 absentem
588 1053 727 1116 salutant.

109 1135 145 1193 ts
182 1129 279 1210 Quum
303 1129 434 1204 udisset,
459 1127 575 1190 mbram
592 1145 640 1192 est
678 1131 749 1204 Nou
774 1129 847 1193 dicit
864 1130 974 1207 Lucas,
1002 1129 1150 1192 turbatam

60 1203 119 1264 bisse
134 1217 244 1286 mpectu
254 1207 303 1266 An
329 1205 379 1281 eli,
397 1204 450 1270 sed
467 1227 556 1286 super
575 1207 637 1268 eius
656 1229 803 1280 sermone.
842 1207 906 1270 Cur
924 1229 997 1290 ergo
1017 1229 1047 1268 as
1072 1221 1151 1268 ectus

61 1281 119 1339 eiam
133 1282 280 1346 meminit?
353 1303 445 1344 ance
468 1305 487 1344 o
507 1303 570 1344 esse
589 1305 704 1346 causam
724 1285 920 1364 interpretor,
941 1286 1021 1366 quod
1040 1230 1151 1365 aliquid

60 1356 157 1418 melestis
174 1359 289 1442 gloriae
310 1359 342 1420 iu
362 1302 480 1442 Angelo
501 1381 516 1418 a
540 1380 665 1422 noscens
686 1359 778 1420 Maria
804 1358 931 1421 subitum
958 1381 1097 1442 pavorem
1117 1382 1152 1422 ert

61 1431 258 1496 lleirererentia
279 1435 465 1516 conceperit.
503 1379 636 1496 'Furbata
663 1457 736 1520 ergo
761 1435 833 1510 luit,
863 1437 943 1516 quod
966 1457 998 1498 se
1023 1457 1085 1496 non
1113 1435 1150 1496 ab

61 1509 146 1570 bomne
164 1511 279 1572 mortali
305 1511 441 1589 salutari,
472 1501 523 1573 sed
548 1513 645 1574 aDei
671 1511 790 1595 Angelo
814 1511 948 1574 sentiret.
994 1511 1152 1574 Caeterum

62 1605 107 1642 aon
120 1586 147 1646 ita
162 1588 310 1649 turbatam
329 1589 418 1650 luisse
439 1589 511 1651 dicit
528 1587 639 1664 Lucas,
673 1602 707 1649 ut
730 1587 930 1670 obstupuerit:
961 1587 1033 1670 quin
1054 1589 1152 1670 potius

63 1663 159 1739 exprimit
173 1666 286 1760 signum
310 1676 440 1726 attentae
459 1667 567 1726 ruentis
587 1677 617 1726 et
637 1667 715 1728 bene
735 1665 934 1746 compositae,
954 1687 1043 1746 quum
1064 1663 1151 1747 paulo

63 1749 111 1814 post
123 1739 228 1816 subiicit,
248 1743 400 1824 cogitasse
419 1741 512 1834 ipsam
553 1742 626 1804 ualis
646 1755 723 1804 essct
740 1741 893 1803 salutatio:
914 1742 971 1804 boc
987 1754 1041 1820 est,
1061 1761 1152 1878 quor·

63 1835 106 1874 sum
121 1818 243 1894 tenderet,
264 1819 401 1898 quidque
419 1817 477 1878 arbi
496 1765 594 1882 veliet.
632 1817 740 1880 Statim
760 1817 804 1878 illi
823 1819 963 1895 occurrit,
982 1841 1044 1880 non
1079 1819 1153 1878 uisse

63 1889 170 1954 leobio
187 1897 309 1956 misstnn
327 1895 486 1978 Angelum.
524 1897 683 1956 Monemnr
709 1906 806 1956 autem
831 1896 889 1956 boc
908 1895 1060 1988 exemplo,
1090 1896 1152 1977 pri-

62 1986 115 2026 nuu
133 1992 184 2031 non
208 1993 272 2034 esse
301 1972 464 2032 oscitanter
490 1971 701 2034 consideranda
721 1971 780 2032 Dei
807 1991 913 2052 opera:
950 1972 1057 2034 derude
1077 1971 1116 2033 ita
1137 1993 1153 2034 a

64 2043 121 2104 uobis
136 2049 247 2128 expendi
267 2049 395 2124 decere,
414 2058 449 2107 ut
466 2047 573 2132 religio
593 2061 747 2128 metusque
766 2059 894 2130 praeeat.

112 2128 149 2188 tt.
180 2125 227 2186 Ne
243 2127 365 2199 amar,
396 2125 513 2186 Morio.
554 2123 645 2202 Quod
669 2125 806 2185 timorem
832 2145 946 2205 ponere
971 2145 1034 2185 eam
1061 2124 1155 2200 iubet,

65 2203 252 2278 superveniat
271 2201 365 2262 nobis
385 2201 416 2262 in
437 2214 577 2277 mentem,
597 2222 672 2283 quae
692 2199 877 2263 imbecillitas
898 2214 943 2262 est
963 2201 1068 2294 caruis²
1089 2202 1155 2262 lieri

63 2293 103 2332 ron
118 2297 189 2354 porse
207 2279 279 2360 quin
304 2291 477 2370 terreamur²
498 2277 614 2358 quoties
625 2279 672 2340 uel
683 2278 804 2338 minima
824 2277 938 2360 gloriae
950 2277 1008 2339 Dei
1028 2278 1154 2340 scintilla

64 2366 156 2430 apparet
187 2355 296 2448 Neque
316 2355 406 2428 enim,
426 2353 478 2414 uba
490 2355 569 2417 serio
580 2355 640 2416 Dei
655 2353 851 2436 praesentiam
862 2355 1055 2445 concipimus,
1074 2355 1153 2416 otio-

65 2429 252 2514 sutregiam
272 2433 358 2494 licet
395 2433 480 2514 Ergo
500 2453 589 2512 quum
610 2429 732 2492 obnoxii
750 2431 811 2491 sint
829 2451 932 2490 omnes
951 2452 1013 2491 erus
1034 2431 1155 2506 iudicio,
1264 2503 1267 2513 1

65 2521 86 2558 tt
103 2519 165 2567 metu
186 2509 351 2590 trepidatio
376 2508 487 2584 oritur,
515 2507 612 2568 donec
642 2528 674 2568 se
700 2519 815 2586 patrem
839 2505 984 2566 exhibeat
1027 2507 1154 2566 Tantam

65 2595 133 2641 stacta
147 2585 223 2668 uirgo
248 2588 279 2648 iu
306 2597 399 2667 gente
418 2603 468 2644 sua
496 2582 637 2644 cernebat
662 2582 807 2644 scelerum
832 2581 1005 2656 colluviem,
1036 2593 1069 2642 nt
1092 2581 1155 2642 inre

64 2653 147 2718 tinent
162 2682 176 2721 a
192 2663 356 2724 maioribus
375 2660 521 2722 vindictis.
561 2661 664 2736 Quare
684 2669 716 2718 nt
734 2658 872 2718 timorem
892 2657 1000 2718 eximat
1013 2656 1156 2738 Angelus,

67 2739 183 2798 estense
206 2761 239 2801 ac
264 2758 447 2821 praeconem
473 2733 713 2828 incomparabilis
739 2732 813 2794 boni
842 2733 943 2796 adesse
972 2733 1156 2814 pronuntiat.

67 2805 162 2873 [mrim
174 2822 300 2891 gamem
319 2814 458 2876 bebraica
479 2813 577 2896 pbrasr
597 2811 698 2906 posuit
716 2811 825 2884 Lucas,
850 2831 905 2892 pro
926 2809 1037 2870 babere
1057 2811 1154 2870 Deum

65 2887 192 2976 bopilium
228 2895 337 2974 Neque
358 2891 437 2951 enim
457 2890 581 2975 gratiam
601 2889 735 2950 cnvenire
756 2888 878 2963 dicitur,
907 2887 959 2968 qui
978 2907 1043 2950 eam
1064 2907 1155 2968 quac.-

66 2959 132 3037 sient,
156 2969 202 3030 sed
223 2972 272 3032 cui
298 2968 380 3030 ultro
408 2968 508 3030 oblata
532 2979 585 3030 est
623 2965 765 3048 Exempla
789 2986 878 3046 quum
905 2964 974 3026 satis
994 2975 1066 3025 nota
1086 2965 1155 3044 sint,

66 3037 170 3106 adlucere
186 3065 400 3128 supervacuum
418 3045 507 3106 foret.

115 3125 152 3184 tt.
184 3123 259 3186 Buce
281 3126 427 3198 concipies
450 3125 483 3182 in
505 3135 595 3181 suern
634 3120 733 3182 Verba
758 3139 808 3179 sua
835 3117 1004 3180 conformat
1022 3117 1154 3198 Angelus

65 3190 132 3264 limo
148 3199 179 3258 td
194 3201 366 3264 vaticinium
386 3198 515 3273 Iesaiae,
546 3195 652 3259 deiude
673 3197 710 3256 ad
730 3195 803 3256 alios
823 3193 1039 3274 Prophetarum
1060 3192 1155 3268 locos,

66 3285 105 3340 tto
120 3275 205 3336 melius
223 3277 254 3337 in
276 3277 407 3338 animum
426 3276 471 3341 vir
493 3275 548 3335 inis
567 3283 740 3354 penetrent:
760 3284 851 3332 notae
872 3271 949 3331 enirn
971 3283 1002 3330 et
1021 3268 1153 3332 celebres

66 3345 138 3416 litim
156 3349 226 3414 inter
243 3356 313 3435 pios
334 3363 419 3414 erant
436 3295 509 3414 tudes
530 3349 713 3431 prophetiae.
754 3347 932 3427 Quanquam
944 3344 1029 3426 simul
1045 3359 1152 3406 notanss

67 3415 111 3477 itm
126 3438 175 3500 est,
200 3450 261 3492 uon
311 3429 426 3490 rivatim
446 3429 585 3490 duntaxat
605 3426 636 3486 in
656 3447 756 3486 aurern
775 3424 898 3508 virginis
918 3422 1072 3504 loquutum
1092 3441 1154 3484 esse

67 3493 188 3631 Angelum,
215 3509 267 3568 sed
286 3453 482 3588 livaugeliuna
503 3503 648 3576 attulisse,
679 3501 760 3582 quod
778 3523 834 3582 por
852 3513 946 3561 totum
969 3500 1071 3572 orbern
1092 3520 1154 3590 nou

66 3587 130 3634 nuto
153 3594 215 3658 post
237 3583 420 3667 vulgandum
451 3593 523 3644 erat.
570 3578 672 3654 Quare
703 3599 766 3638 nou
800 3578 910 3658 absque
940 3577 998 3636 Dei
1029 3575 1155 3636 consilto

67 3644 143 3712 laetum
162 3670 216 3733 est,
255 3661 338 3740 quod
362 3670 420 3718 tam
446 3659 554 3719 diserte
587 3674 736 3735 expressus
768 3655 858 3728 luerit
889 3674 1047 3715 consensus
1078 3652 1157 3710 inter

66 3737 146 3824 “leffe
156 3737 320 3814 prophetias
340 3748 371 3796 et
401 3747 573 3824 ¹raeseutem
592 3733 627 3794 de
645 3725 757 3823 Cincio
775 3729 990 3821 manilestando
1011 3727 1156 3819 nuntium.

68 3797 217 3879 mendi
222 3814 345 3874 uerbum
358 3757 522 3872 reiellendo
533 3823 590 3870 mm
598 3809 758 3868 Marcionis
772 3829 857 3888 quam
871 3805 1036 3866 Manichaei
1050 3803 1155 3862 dclrrro

68 3877 151 3942 sulbeit
166 3887 236 3948 Nam
251 3891 320 3950 inde
334 3888 476 3982 colligere
488 3898 656 3967 promptum
671 3896 725 3958 est,
745 3907 806 3944 non
819 3883 979 3944 aetherium
991 3902 1097 3960 corpus
1108 3879 1154 3941 vel

68 3963 300 4080 sgetlttrmblarianr
315 3986 475 4064 peperisse,
486 3965 538 4024 sed
548 3984 633 4043 quern
641 3961 721 4044 prius
735 3962 1043 4038 inuteroconcepcrat
1055 3959 1154 4016 letum.

93 4033 165 4098 “elit
180 4062 278 4102 nomen
298 4065 359 4108 mats
374 4040 479 4105 lesum.
517 4040 652 4100 Nominis
673 4045 748 4098 ratio
769 4037 846 4118 apud
857 4036 1035 4095 blattbaernn
1055 4035 1155 4094 reddi-

70 4111 101 4162 ¹¹¹¹
114 4117 223 4193 (bit),
243 4121 322 4199 qnod
342 4119 449 4178 salvum
470 4139 485 4176 a
508 4116 634 4196 peccatis
655 4115 743 4175 iaciat
757 4113 908 4194 pupulum.
935 4112 979 4171 Ita
994 4111 1156 4172 innomine

69 4179 120 4242 ”¹¹¹⁵
129 4194 307 4272 promittitur,
324 4208 355 4256 et
366 4193 530 4255 ostenditur
542 4193 571 4252 in
580 4213 672 4274 quern
685 4192 772 4250 sineru
784 4191 885 4250 missus
897 4189 987 4248 suerit
1001 4183 1154 4247 Gdrinnsa

87 4271 132 4320 ²¹oe
148 4265 174 4325 in
191 4275 336 4348 mundum,
356 4272 599 4352 quemadmodum
619 4291 650 4330 se
672 4267 845 4347 pronuntiat
854 4285 914 4326 non
927 4265 962 4324 ad
975 4265 1155 4352 perdendum

71 4337 161 4414 senisse,
178 4347 225 4405 sed
244 4361 275 4408 ut
294 4350 403 4409 urrrndo
422 4348 544 4412 salntem
564 4347 669 4408 alferat
689 4345 749 4420 (10.
767 4353 814 4418 tt,
833 4345 904 4419 47·)·
936 4342 1155 4428 Meminerimus

73 4421 141 4472 tatem
162 4441 216 4482 nun
240 4423 389 4486 hominum
415 4423 556 4499 aelritcio,
583 4423 635 4482 secl
656 4421 714 4480 Dei
740 4420 815 4480 iussu
841 4439 951 4478 norrrcn
977 4419 1032 4476 boc
1059 4433 1155 4492 anapo-

897 4495 955 4558 μ
