2756 4838
227 227 233 243 “
269 223 462 305 (tte-18³
500 221 585 290 Acris
605 219 830 286 Pharisaeorum
849 221 1046 308 reprobatio.)
1127 221 1137 254 ⁸
1179 229 1237 294 247

72 375 114 436 Es
142 393 231 454 supra
256 373 403 436 Christus·
419 361 457 436 de
482 375 573 457 Legis
597 375 762 456 praeceptis
788 375 1012 458 iuterrogatus„
1030 395 1093 438 nou
1118 376 1175 436 nisi
1201 398 1236 440 ea

73 473 148 532 quae
167 461 236 510 sunt
254 451 400 512 secundae
419 451 536 512 tabulae
556 453 713 512 recensuit.
737 452 785 528 ¹Si
806 451 870 532 quis
891 453 1036 533 excipiat,
1061 453 1118 512 boc
1137 454 1234 524 'modo

71 527 218 610 praeferri
237 527 371 588 bomines
390 527 478 602 Deo,
525 527 571 589 uia
617 515 687 588 lurid
712 541 865 604 censetur,
890 551 965 609 quae
990 529 1046 590 illis
1071 540 1236 621 praestatur

73 604 176 666 caritas
198 623 284 683 quam
303 604 429 688 religio:
448 550 542 666 facilis
561 549 671 668 solutio
692 618 745 680 est,
766 605 812 666 bic
832 626 894 666 non
914 607 1028 686 opponi
1040 605 1134 686 priori
1144 605 1232 687 Legis

71 679 189 742 tabulae
208 681 377 760 secundam,
396 680 448 741 sed
466 681 565 772 potius
585 703 619 743 ex
639 683 785 744 secundae
806 682 1011 744 observatione
1024 681 1234 763 probationem

70 757 156 831 sumi,
175 779 213 817 an
232 777 302 817 rere
322 769 406 818 etex
426 777 524 818 annuo
545 757 659 818 colatur
673 759 764 819 Deus.
795 759 874 834 Quia
894 781 940 820 res
960 759 1087 822 interior
1106 770 1150 820 est
1168 758 1234 838 pie-

71 847 124 909 tas,
144 853 242 914 neque
263 834 340 896 inter
360 855 415 894 nos
434 834 671 909 versaturDeus,
689 846 723 896 ut
741 836 836 896 nostri
857 855 927 918 erga
946 857 978 896 se
998 836 1104 896 amoris
1118 833 1233 916 experi-

69 923 202 972 mentum
223 910 328 1001 capiat,
347 931 446 989 neque
466 911 553 972 etiam
573 912 680 972 nostris
701 911 806 974 officiis
827 912 951 1004 indiget,
970 913 1056 973 facile
1074 924 1120 972 est
1136 913 1233 993 hypo-

70 987 150 1048 critis
170 987 299 1061 rnentrri,
319 985 453 1067 salsoque
475 989 638 1048 obtendere
658 989 716 1049 Dei
736 1009 877 1050 amorem.
908 989 986 1064 Quia
999 1009 1072 1050 vero
1082 989 1232 1048 fraternae

69 1063 198 1126 caritatis
220 1063 318 1123 officia
337 1063 391 1124 sub
411 1086 527 1124 sensum
549 1065 680 1125 omnium
700 1067 818 1140 cadunt,
838 1078 869 1125 et
887 1077 956 1127 ante
976 1065 1079 1126 oculos
1095 1077 1163 1126 suut
1176 1085 1232 1145 po·
1297 1075 1301 1082 ⁴

68 1143 134 1215 sita,
154 1140 185 1200 in
207 1138 250 1200 bis
269 1139 372 1200 melius
393 1161 495 1202 eorum
516 1141 553 1200 im
577 1141 695 1202 udentia
716 1142 893 1224 coarguitur.
934 1141 1067 1202 Christus
1077 1161 1150 1224 ergo
1161 1138 1233 1200 sub-

68 1217 161 1278 tiliter
187 1216 234 1277 bic
260 1215 401 1278 disserere
428 1217 525 1276 noluit
549 1162 586 1278 de
606 1217 727 1300 singulis
746 1219 874 1278 iustitiae
894 1219 1041 1299 partibus,
1065 1212 1113 1279 vel
1133 1238 1233 1278 earnm

68 1294 187 1369 ordine,
205 1294 257 1354 sed
278 1306 417 1373 quantum
437 1293 553 1355 ferebat
572 1295 735 1354 communis
755 1293 906 1354 bominum
926 1308 1044 1375 captus,
1062 1293 1235 1374 simpliciter

68 1370 190 1444 docuit,
214 1381 284 1430 tunc
303 1390 373 1429 vere
393 1371 509 1430 demum
530 1371 639 1430 servari
658 1371 787 1452 Legem,
814 1371 880 1430 dnrn
907 1371 957 1430 alii
977 1391 1047 1452 erga
1067 1370 1140 1430 alios
1159 1371 1234 1430 recti

66 1459 136 1508 sunt
156 1457 188 1507 et
207 1445 326 1508 hrunani
346 1459 376 1506 et
394 1435 528 1506 ucracds:
554 1447 621 1526 quia
641 1448 682 1506 sic
702 1457 861 1521 testantur,
886 1449 984 1507 Deum
1002 1468 1034 1507 se
1054 1446 1178 1537 diligere
1199 1467 1233 1507 ac

67 1521 211 1598 revereri,
232 1523 290 1584 imo
302 1521 465 1605 legitimum
478 1545 512 1583 ac
531 1523 670 1584 idoneum
680 1523 812 1585 sincerae
822 1524 939 1658 pietatis
951 1524 1150 1584 testimouium
1183 1540 1248 1582 ro-‘

66 1601 178 1660 ierunt.
216 1601 285 1660 Non
312 1600 393 1678 quod
416 1599 542 1660 susbeiat
566 1619 637 1681 erga
661 1599 796 1665 homines
842 1600 960 1682 clungi,
984 1599 1039 1660 nisi
1063 1601 1155 1684 prius»
1194 1617 1230 1660 eo

66 1677 111 1737 ius
132 1697 215 1736 suum
236 1675 389 1748 reddatur,
414 1676 467 1737 sed
494 1676 560 1756 quia
585 1697 687 1736 verum
708 1697 770 1736 esse
789 1675 848 1736 Dei
869 1677 1013 1736 cultorem
1034 1696 1155 1736 necesse
1176 1686 1232 1752 est,

67 1752 119 1832 qui
141 1754 177 1813 ad
198 1753 259 1813 eius
280 1752 490 1832 praescriptum
510 1753 599 1812 vitam
618 1774 699 1821 snam
719 1751 836 1812 format
866 1753 1007 1814 Nondum
1025 1764 1125 1813 tamen
1146 1751 1245 1832 peni-'

65 1841 113 1892 tus
134 1828 231 1891 soluta
251 1842 295 1890 est
315 1830 461 1908 quaestio:
482 1850 549 1889 nam
570 1829 711 1904 decimae,
732 1851 803 1910 quas
814 1826 947 1890 Christus
968 1851 1003 1890 ae
1044 1829 1107 1889 itati
1126 1839 1158 1890 et
1175 1829 1232 1888 mi·
1268 1837 1271 1844 “

66 1904 246 1968 sericordiae
266 1905 432 1995 postponit,
451 1927 517 1986 pars
531 1907 717 1968 erantdivini
729 1905 833 1978 cultus,
853 1918 968 1986 etpars
989 1928 1027 1966 ar
1049 1927 1086 1966 ua
1106 1905 1138 1966 in
1156 1925 1231 2042 pau·
1329 1947 1338 1961 .

65 2003 154 2064 peres
165 1982 281 2043 solebat
290 1999 421 2064 erogari:
442 1982 481 2044 ita
502 1981 608 2062 duplex
627 1979 800 2044 sacrificinm
821 1983 852 2045 in
872 2003 903 2042 se
923 1984 1044 2044 contine
1068 1993 1127 2044 ant.
1186 2003 1232 2042 es·

87 2059 206 2134 ondeo,
231 2079 294 2119 nou
317 2057 491 2139 simpliciter
516 2058 655 2125 conferri¹
671 2060 720 2120 hic
745 2059 880 2119 decimas
896 2081 962 2120 cum
988 2059 1182 2140 eleemosynis
1202 2070 1234 2118 et

65 2081 125 2197 lde
152 2147 183 2196 et
207 2135 331 2210 iudicio,
355 2135 408 2194 sed
431 2135 568 2195 ficticiam
594 2133 754 2199 scribarum
775 2135 958 2198 sanctitatem
977 2157 1044 2195 cum
1063 2135 1180 2194 sincero
1201 2145 1233 2194 et

11 2251 12 2254 =
63 2214 186 2294 integro
207 2209 334 2272 caritatis
354 2210 473 2270 aflectu.
504 2209 567 2268 Cur
580 2204 658 2272 enim
672 2213 708 2271 ad
721 2211 848 2270 decimas
862 2210 1016 2270 solvendas
1029 2222 1087 2270 tam
1100 2211 1232 2290 prompti

65 2285 270 2350 etvoluutarii
282 2297 376 2360 erant,
396 2285 452 2344 uisi
469 2287 609 2344 utDeum
627 2285 780 2374 placarent
798 2285 920 2345 minimo
941 2285 1096 2366 dispendio
1117 2296 1147 2345 et
1165 2305 1232 2345 mo-

65 2362 174 2426 lestia?
195 2383 292 2441 neque
313 2361 392 2422 enim
412 2361 449 2420 ad
468 2381 609 2420 summam
627 2363 737 2420 intenti
757 2373 852 2422 erant.
890 2361 1117 2441 ideoqueinter
1133 2359 1232 2421 officia

63 2439 198 2502 caritatis
218 2437 368 2508 numerari,
385 2457 446 2496 uon
467 2435 585 2512 debuit,
609 2437 690 2516 quod
710 2438 777 2498 Deo
798 2449 830 2497 et
849 2437 1017 2498 bominibus
1033 2435 1133 2498 lucum
1152 2437 1233 2498 lace·

63 2527 138 2578 rent
157 2533 191 2572 ex
211 2511 323 2572 levibus
343 2511 502 2592 particulis.

144 2589 249 2650 Mattb.
268 2595 315 2656 23.
354 2589 442 2649 Haec
458 2589 711 2669 oportrtitkfacere.
753 2587 920 2680 Occupatio
941 2600 1000 2663 est,
1033 2609 1089 2668 qua
1108 2609 1232 2669 praeve-

64 2670 113 2730 nit
134 2665 270 2726 Cbristus
296 2687 398 2726 eorum
424 2666 611 2725 calumniam:
635 2676 775 2745 poterant
795 2687 872 2724 emm
892 2665 1008 2726 sinistre
1028 2685 1150 2746 carpere
1171 2664 1233 2725 eius

64 2763 246 2828 sermonerp,
266 2743 325 2802 acsi
345 2763 400 2822 pro
420 2737 514 2802 nibilo
535 2743 657 2802 duceret
676 2743 757 2822 quod
769 2742 852 2823 Lege
864 2741 922 2802 Dei
936 2741 1148 2822 praescriptum
1161 2753 1232 2802 erat

66 2825 194 2882 Fatetur
214 2839 306 2900 ergo,
331 2839 523 2898 quaecuuque
543 2819 624 2880 Deus
644 2818 794 2878 mandarit
813 2817 954 2878 servanda
975 2839 1055 2898 esse,
1073 2838 1129 2878 nec
1150 2817 1233 2898 quic-

64 2897 382 2978 quam'omittendum,
401 2896 453 2955 sed
474 2915 536 2954 uon
558 2893 675 2956 obstare
696 2894 847 2962 totiusLe
871 2895 894 2955 is
913 2895 1057 2970 studium,
1077 2894 1235 2974 quominus

66 2977 96 3035 in
119 2972 285 3055 praecipuis
305 2971 450 3054 capitibus
468 2963 602 3032 insistere
619 2983 769 3062 oporteat.
798 2915 870 3032 Uni

68 3055 171 3112 facere
192 3071 254 3123 eos,
273 3051 323 3129 qui
342 3069 406 3110 sese
425 3049 455 3108 iu
476 3047 565 3108 rebus
584 3048 712 3108 minimis
732 3061 889 3128 occupant,
908 3069 997 3127 quum
1010 3061 1232 3129 potrusaprae-

68 3127 164 3208 cipuis
175 3125 299 3187 ordirio
323 3137 432 3187 orteat:
453 3122 582 3186 decimae
603 3126 682 3184 enim
693 3126 835 3204 quaedam
847 3136 931 3185 erant
942 3126 1070 3187 accessio
1085 3126 1232 3186 duntaxat.

67 3207 169 3288 Negat
193 3223 267 3283 ergo
318 3203 424 3264 hristus
448 3201 505 3262 sibi
530 3201 560 3260 in
585 3201 683 3262 animo
709 3223 771 3262 csse
797 3199 1000 3262 auctoritatem
1021 3203 1166 3284 derogare
1186 3195 1234 3261 vel

66 3278 196 3341 minimis
214 3299 322 3369 praece
344 3279 398 3354 tis,
418 3277 488 3338 licet
506 3277 640 3338 ordinem
660 3275 690 3336 in
711 3277 799 3359 Legis
819 3277 1027 3350 observatione
1046 3278 1234 3338 commendet

67 3371 158 3436 atque
178 3363 282 3438 exigat.
322 3301 408 3416 balva
428 3355 528 3436 igitur
536 3365 655 3416 maneat
669 3353 729 3414 Lex
748 3355 892 3429 universa,
913 3375 988 3434 quae
1005 3355 1085 3424 nulla
1100 3354 1131 3415 in
1148 3363 1233 3436 parte

871 2970 1021 3054 ecolligit,
1041 2982 1234 3062 praepostere
1315 2973 1326 3016 -“

67 3432 175 3494 violari
195 3443 294 3512 potest
312 3431 378 3504 sine
396 3432 523 3492 auctoris
544 3441 730 3510 contemptu:
755 3453 823 3490 narn
850 3431 898 3510 qui
924 3430 1048 3492 scortari
1066 3429 1178 3502 vetuit,
1202 3437 1234 3489 et
1355 3486 1368 3502 ,

69 3510 218 3582 occidere,
237 3519 268 3568 ct
285 3507 397 3567 surtum
417 3507 524 3580 iacere,
544 3506 621 3567 idem
643 3519 675 3568 et
693 3503 961 3588 coircupiscentiam
977 3527 1096 3568 omnem
1112 3505 1233 3564 damna·

68 3588 119 3648 vit
158 3583 248 3645 Unde
269 3583 449 3666 colligimus,
478 3583 521 3644 sic
547 3584 626 3644 inter
650 3603 681 3644 se
706 3595 843 3646 contexta
863 3604 924 3644 csse
945 3604 1044 3643 omma
1063 3590 1234 3672 praecepta,

42 3720 44 3729 ,
68 3675 103 3724 nt
121 3683 213 3724 unum
233 3659 270 3721 ab
291 3659 352 3720 aliis
372 3659 540 3742 discerpere
562 3659 605 3722 las
624 3669 696 3720 non·
706 3659 753 3720 sit.
789 3661 895 3736 'Quare
916 3660 1003 3719 etiam
1019 3669 1158 3737 scriptum
1178 3667 1232 3730 est,

68 3739 245 3800 Maledictus
276 3736 371 3796 omnis
399 3737 451 3816 qui
482 3757 544 3796 uon
569 3736 765 3828 praestiterit,
795 3757 987 3816 quaecunque
1017 3734 1125 3813 scripta
1155 3743 1232 3792 sunt.

71 3815 189 3892 Quibus
214 3811 310 3878 verbis
335 3812 446 3893 absque
472 3826 645 3904 exceptione
665 3813 794 3873 sancitur
813 3813 982 3874 universalis
1002 3809 1090 3894 Legis
1110 3807 1233 3868 iustitia:

69 3893 122 3953 sed
149 3891 222 3952 baec
246 3889 428 3964 reverentia,
452 3902 486 3949 ut
504 3890 640 3964 dixemus,
661 3889 816 3950 discrimen
836 3887 915 3948 inter
934 3897 1092 3969 praecepta
1112 3883 1233 3944 minime
1257 3908 1263 3915 ’·
1344 3888 1350 3900 ’

70 3969 162 4046 tollit,
180 3989 236 4052 nec
256 3968 352 4048 ipsum
371 3965 459 4048 Legis
477 3987 611 4058 scopum,
630 3965 666 4025 ad
687 3985 772 4056 quem
792 3963 855 4025 veri
876 3966 937 4025 eius
957 3964 1085 4024 cultores
1103 3971 1235 4044 urentem

70 4067 150 4106 snam
171 4044 315 4180 diriqqm,
334 4063 372 4104 ne
394 4053 508 4108 tantum
529 4065 560 4102 rn
579 4043 735 4136 superficie
755 4040 866 4102 ludant.

73 4127 285 4279 mirqiipmida
306 4197 336 4256 in
356 4197 444 4258 rebus
464 4195 584 4256 minutis
593 4195 968 4287 bypoeritarumauxictas:
989 4213 1055 4252 nam
1069 4191 1233 4252 adurrnrma

75 4273 183 4334 delicta
203 4273 326 4354 perinde
347 4274 523 4348 exhorrent,
543 4293 601 4343 acsr
622 4280 740 4332 rentum
759 4271 904 4330 mortibus
924 4269 1059 4360 acerbior
1078 4267 1135 4358 illis
1154 4267 1235 4355 ior-qt

76 4351 162 4432 puina
181 4350 386 4434 transgressio,
404 4351 436 4412 iu
454 4349 630 4434 gravissimis
649 4361 746 4412 autern
766 4345 929 4410 sceleribus
945 4345 1003 4408 nbi
1019 4345 1128 4414 staina
1140 4364 1234 4406 suan·

269 4143 334 4182 nore
351 4123 436 4182 cord
475 4119 673 4180 Proverbialis
692 4131 738 4180 est
756 4117 920 4192 sententia,
939 4137 996 4196 qua
1014 4113 1117 4198 pulcre
1138 4109 1250 4204 exprin
