2790 4838
300 266 363 346 (91.
385 265 514 326 Ioannes
533 265 617 361 Rape.
639 267 753 348 quaerit
773 270 810 330 de
830 265 964 351 Messia.)
1104 315 1108 322 ·
1152 277 1209 340 257

13 411 15 512 l
63 413 198 478 membra
218 417 363 497 corporis
374 416 644 490 sui,communicat.
661 421 746 502 *Ego
760 421 919 502 simplicius
932 424 1111 502 mercedem,
1131 445 1207 504 quae

13 545 15 564 ‚
63 492 201 575 dignitati
221 513 368 574 personae
389 514 436 554 res
459 495 584 570 cudent,
615 497 661 556 cui
682 498 846 578 impensum
866 500 924 559 erit
944 499 1088 562 officium:
1114 503 1137 561 si
1161 505 1207 562 ni-

13 611 14 618 i
64 569 129 630 licat
155 569 236 630 enim
264 568 413 644 Christus,
437 515 501 631 hoe
528 572 643 653 insigne
664 573 729 634 fore
751 576 979 650 documentum,
1011 579 1113 658 quanti
1132 523 1208 640 dre.

62 647 164 726 phetas
189 667 261 707 suos
287 659 317 706 et
342 647 451 708 deinde
478 648 627 725 qu'oslibet
651 650 722 710 disci
746 649 811 711 ulos
838 653 985 712 aestimet:
1017 655 1084 734 quia
1111 657 1206 735 ampla

62 724 200 782 mercede
223 723 383 800 constabit,
403 723 515 784 nullum
536 726 673 788 excidisse
695 672 836 801 odicium,
857 729 938 808 quod
958 729 1016 789 illis
1035 734 1206 811 praestitum

63 798 159 858 suerit.
213 799 261 860 td
286 800 545 880 amplificationem
570 801 664 877 valet,
699 805 778 883 quod
803 804 948 866 vilissimis
975 806 1062 867 etiam
1089 809 1206 890 officiis,

64 875 147 953 quale
169 887 217 936 est
236 875 377 956 poculum
396 897 489 956 aquae
509 877 635 959 frigidae
656 880 741 955 dare,
760 885 929 943 mercedem
948 884 1106 964 promittit.
1143 889 1204 948 Pc-

61 951 140 1011 sillos
159 965 251 1012 vocat
271 974 335 1014 non
355 965 478 1028 tanturn,
519 954 549 1013 ui
564 957 710 1044 postremi
730 970 799 1017 sunt
817 959 847 1018 in
868 959 1001 1020 Ecclesia
1023 973 1054 1020 et
1070 967 1205 1027 contem-

62 1029 194 1106 ptissimi,
214 1031 267 1092 sed
288 1052 357 1092 suos
379 1049 481 1091 omnes
499 975 669 1110 discipulos,
689 1033 739 1112 qui
759 1035 861 1096 mundi
882 1037 955 1098 fastu
970 1037 1136 1101 calcantur.

221 1345 228 1356 .
330 1229 683 1351 suessoni.
741 1271 959 1388 <so-scs

250 1446 644 1502 luctamenta
678 1449 1018 1562 Evanflntrltt

97 1596 185 1674 (90.)
227 1589 367 1660 MARC.
394 1593 450 1659 Vl.
491 1595 541 1660 12.
575 1596 616 1662 Et
645 1555 764 1684 egressi
781 1597 1039 1684 praedicabant,
1071 1613 1105 1668 ut
1126 1609 1203 1670 resi·
1238 1551 1243 1559 ·

42 1683 232 1780 ,piseerent
281 1693 330 1758 13.
363 1693 404 1758 Et
423 1694 604 1763 ”daemonia
632 1697 731 1764 multa
760 1696 947 1778 eiiciebant,
978 1711 1009 1766 ct
1037 1704 1201 1792 ungebant

60 1795 133 1864 oleo
155 1793 279 1862 multos
301 1804 460 1880 aegrotos,
482 1807 513 1860 et
535 1797 703 1866 sanabant.
1070 1809 1072 1817 ‘

139 1913 247 1982 LUC.
277 1913 329 1978 tx.
377 1915 407 1978 6.
444 1915 574 2008 Egressi
608 1928 712 1983 autem
745 1917 955 1986 circumibant
983 1944 1043 2008 per
1070 1924 1200 1992 castella

62 2015 332 2104 evangelizantes,
356 2023 387 2105 et
407 2019 554 2082 curantes
577 2017 727 2114 ubique.¹
1154 2013 1157 2022 ’

131 2175 227 2234 Marc.
247 2180 296 2238 12.
314 2171 376 2256 xEt
395 2177 503 2250 egressi
515 2173 734 2252 prcerhcodent.
764 2177 929 2238 Matthaeus
949 2179 1066 2240 silentio
1088 2183 1201 2258 transit,

60 2251 275 2343 quidegerint
299 2251 453 2340 hpostoli:
486 2253 602 2312 Marcus
623 2263 654 2313 et
672 2253 766 2343 lauces
786 2255 933 2344 referunt,
963 2257 1124 2317 iniunctam
1143 2257 1200 2340 sibi

59 2348 242 2406 provinciam
263 2325 386 2388 obusse:
409 2349 443 2388 er
463 2349 587 2408 quornm
607 2329 705 2390 verbis
726 2329 829 2390 clarius
848 2335 1022 2410 patetquod
1037 2334 1092 2392 dixi
1117 2347 1197 2394 tem-

59 2405 159 2538 porale
185 2405 245 2464 hoc
265 2404 434 2483 etquidem
454 2425 615 2490 paucorum
637 2405 749 2466 dicrum
768 2405 855 2474 luisse
875 2413 994 2481 munus,
1023 2377 1104 2487 quod
1124 2423 1196 2471 tune

59 2480 110 2540 rlis
140 2479 279 2542 Christus
301 2481 437 2542 iniunxit.
475 2481 590 2541 Dicunt
613 2481 707 2554 enirn,
732 2481 884 2562 proiectos
905 2503 966 2544 esse
983 2503 1041 2618 per
1059 2484 1147 2546 urbes
1167 2500 1198 2547 et

60 2557 191 2620 castella:
212 2577 270 2617 nec
290 2555 411 2632 dubium
431 2570 486 2632 est,
506 2558 577 2638 quin
598 2557 687 2639 paulo
699 2558 980 2638 post-reversisinta
1013 2560 1198 2640 Magistrum,

58 2645 88 2692 ut
105 2633 178 2694 alibi
200 2634 323 2696 dicetur.
354 2635 422 2695 Hoc
442 2635 539 2694 solum
559 2635 743 2716 expositione
762 2634 893 2716 indiget,
915 2635 994 2714 quod
1013 2635 1128 2695 Marcus
1148 2659 1197 2700 rc·
1237 2675 1239 2682 ·

59 2711 135 2784 citat,
154 2710 482 2772 maturabamus
499 2714 641 2790 nfirma.
675 2711 836 2786 Quaeritur
855 2712 944 2785 enim,
965 2731 1055 2791 quum
1073 2716 1196 2776 sanandi

58 2785 184 2848 facultas·
211 2787 268 2846 illis
294 2788 360 2848 data
388 2799 465 2849 esset
490 2810 506 2849 a
533 2788 670 2880 Christo²
709 2809 849 2869 quorsum
875 2787 975 2848 oleum
1000 2786 1196 2852 adhibuerint

58 2861 146 2924 Docti
168 2864 289 2944 qnidam
308 2864 442 2925 homines
461 2863 696 2933 medicamentis
720 2865 812 2925 eciem
824 2863 911 2937 fuisse
923 2877 1038 2945 putant,
1051 2865 1197 2928 ,etsateor
1247 2907 1251 2923 .

57 2939 85 2997 in
108 2941 165 3002 illis
187 2939 365 3023 ,regionibns
392 2941 578 3022 frequentem
604 2941 663 3002 olei
680 2887 774 3002 'titisse
801 2952 901 3002 usum:
930 2942 983 3002 sed
1009 2941 1082 3001 nihil
1101 2943 1197 3005 minus

59 3030 293 3078 consentaneum
313 3030 367 3092 est,
387 3039 473 3098 quam
492 3019 654 3100 Apostolos
674 3019 829 3079 ordinariis
850 3029 880 3079 et
899 3018 1079 3080 naturalibus
1098 3040 1195 3082 reme-

58 3093 107 3152 diis
127 3115 198 3155 nsos
217 3115 292 3170 esse,
313 3115 387 3174 quae
409 3094 518 3156 Christi
537 3096 682 3156 miraculis
702 3096 823 3156 nebulas
844 3095 1044 3157 offunderent
1089 3098 1195 3178 Neque

62 3172 138 3230 enim
158 3183 224 3231 arte
244 3182 274 3231 et
293 3171 399 3250 peritia
418 3173 556 3232 medendi
576 3172 712 3233 instructi
730 3173 851 3232 luerunt
871 3172 1048 3248 chemino,
1067 3175 1119 3234 sed
1139 3195 1196 3256 po-

58 3247 109 3306 tius
141 3247 212 3308 iussi
237 3259 306 3306 sunt
329 3247 470 3308 miracula
494 3249 611 3322 ,ederes
642 3271 717 3340 quae
743 3261 837 3308 totam
859 3250 999 3310 iudaeam
1025 3252 1195 3318 excitarent

60 3321 233 3392 Constituo.
242 3323 348 3404 igitur,
379 3324 467 3385 fuisse
493 3325 550 3386 boc
574 3325 691 3387 risibile
711 3349 723 3385 s
744 3324 876 3385 mbolum
895 3325 1052 3406 spiritualis
1073 3328 1196 3410 gratiae,

59 3419 115 3476 qno
140 3399 241 3462 testati
263 3412 331 3460 sunt
349 3400 508 3480 provenire
530 3421 564 3462 ex
584 3423 689 3462 arcana
740 3403 766 3463 ei
786 3402 894 3464 virtute
914 3403 1084 3480 sanitatem,
1114 3407 1195 3465 euius

57 3477 180 3538 ministri
200 3487 300 3536 erant:
332 3499 399 3536 nam
419 3477 481 3548 oleo
502 3477 628 3560 Spiritus
648 3480 769 3562 gratiam
790 3477 910 3562 figurari
929 3477 983 3539 sub
1003 3479 1085 3564 Lege
1104 3482 1195 3542 usita-

58 3562 115 3612 tum
134 3553 200 3613 tuit.
237 3551 335 3627 Quam
356 3575 428 3614 vero
448 3567 639 3634 praepostere
659 3555 821 3636 Apostolos
840 3555 946 3615 imitati
966 3557 1034 3628 sint,
1055 3558 1105 3636 qni
1126 3575 1195 3636 per-
1291 3625 1295 3633 ι

57 3643 175 3706 petuum
195 3630 285 3690 ritum
306 3653 344 3690 un
359 3631 438 3690 'endi
458 3651 491 3691 ae
550 3643 597 3692 tos
617 3633 646 3690 in
667 3631 995 3707 Ecclesiatstatuerunt,
1013 3632 1083 3692 inde
1105 3643 1195 3712 patet,

95 3708 135 3766 od
154 3705 316 3768 sanationis
357 3727 447 3767 onum
469 3651 602 3770 ciiistns
621 3708 773 3787 Apostolis
794 3708 935 3785 contulit,
955 3730 1016 3770 non
1037 3721 1072 3768 ut
1084 3707 1195 3768 haere-

76 3783 160 3844 itario
180 3783 255 3844 illud
274 3784 330 3842 ad.
352 3795 466 3845 osteros
485 3785 733 3858 transmitterent,
753 3788 805 3848 sed
824 3796 857 3844 ut
876 3786 912 3845 ad
931 3784 1195 3866 tempus2sigillum

58 3871 129 3919 esset
148 3859 307 3942 Evangelii
327 3805 489 3921 doctrinae.
529 3863 569 3934 Et
588 3861 677 3922 hodie
697 3862 783 3922 nimis
803 3861 925 3922 ridicula
946 3873 990 3922 est
1010 3861 1195 3944 Papistarsm

57 3933 182 4014 inscitia,
213 3937 265 4016 qui
292 3937 423 4016 putidam
450 3937 653 4011 unctionem„
669 3959 725 4020 qua
744 3939 952 4002 semimortuos
973 3937 1008 3996 ad
1028 3936 1195 4016 sepulcrum

57 4011 213 4090 deducunt,
233 4034 290 4094 pro
309 4025 494 4075 sacramento
515 4014 677 4077 venditant.

93 4195 176 4275 (st.)
219 4195 390 4262 ΜΑΤΤΗ.
411 4197 464 4260 Xl.
497 4195 525 4260 t.
546 4195 588 4259 Et
611 4193 726 4260 lactum
750 4207 805 4274 est,
828 4217 925 4283 quum
946 4186 1044 4258 linem
1067 4193 1197 4262 iecisset
1289 4158 1319 4168 Η

56 4291 141 4358 lesus
174 4296 399 4383 praecipiendi
426 4295 601 4364 duodecim
630 4294 795 4384 discipulis
820 4299 900 4374 suis,
932 4316 1119 4380 progressus
1146 4307 1195 4364 eet

57 4391 152 4473 illinc,
176 4406 211 4460 ut
234 4395 369 4464 doceret
391 4405 422 4461 et
442 4396 646 4483 praedicaret
666 4398 701 4463 in
720 4394 902 4462 civitatibus
921 4387 1062 4462 illorum.
1094 4397 1123 4460 2.
1145 4395 1195 4459 lo

79 4499 171 4546 dalrici
186 4513 270 4546 comm.
286 4501 310 4546 in
324 4502 403 4546 llam.
419 4501 461 4550 ttv.
480 4503 534 4548 t'nt.
546 4503 565 4544 1.
878 4521 883 4527 ·
943 4482 980 4542 17
