2766 4840
148 216 207 280 ³⁰6
381 205 497 268 SECT.
516 159 596 265 xlx.
637 217 770 269 cuatsrr
789 217 905 263 esssro
926 215 968 260 aa
989 215 1089 262 raons.

154 365 208 424 ties
229 359 362 422 Sabbato
382 358 464 418 conti
488 379 555 418 uum
576 369 639 418 erat
657 349 781 430 Palcba,
807 375 883 416 unas
901 365 1017 416 tantum
1036 335 1240 414 ferias'fuisse
1260 373 1319 412 ser-
1368 369 1369 408 ι

156 452 246 513 vatas,
267 439 355 517 idque
375 457 391 496 a
410 435 475 494 Rah
499 434 556 494 inis
575 435 663 498 fuisse
682 435 857 494 institutum.
895 433 985 492 Unde
995 433 1138 512 sequitur,
1160 429 1321 499 Christum,

159 538 248 598 quum
269 513 433 576 discederet
451 532 467 570 a
488 511 637 572 communi
656 531 749 592 more,
769 509 842 570 nihil
862 519 988 569 tentasse
1008 521 1128 590 praeter
1147 508 1270 586 Legem.
1369 567 1370 590 ,

184 589 189 604 '
233 597 280 658 18.
319 589 365 650 lu
391 592 423 647 r'n
454 588 552 648 ιινόοηι
579 587 622 650 ad
646 587 797 668 qroenrlum.
837 586 1003 646 Matthaeus
1028 596 1142 645 certum
1172 584 1320 642 hominem
1369 595 1370 598 ’

159 670 309 752 designat:
329 665 436 745 reliqui
456 665 514 724 duo
534 665 637 729 missos
658 665 746 725 fuisse
766 663 924 743 discipulos
944 673 1065 722 narrant
1077 662 1161 740 quasi
1183 661 1219 719 ad
1236 659 1324 740 igno.

159 761 237 820 tum,
263 744 328 824 quia
350 745 448 804 datum
468 741 525 802 illis
545 744 661 824 signum
683 741 771 800 fuerit
790 739 917 800 bominis
937 739 1069 830 hydriam
1089 759 1185 818 aquae
1206 749 1320 818 gestan.

159 825 205 884 tis.
243 821 305 882 Sed
316 821 400 880 facile
412 821 484 880 haec
498 819 693 898 discrepantia
705 816 893 878 conciliatur:
914 837 981 896 quia
992 813 1170 887 Matthaeus,
1191 825 1322 894 praeter-
1370 881 1371 894 χ

160 899 204 959 ito
223 897 379 970 miraculo,
405 917 470 956 eum
492 895 641 956 hominem
661 905 761 968 notat,
786 895 836 974 qui
855 905 925 952 tunc
945 891 1060 974 agnitus
1082 892 1174 952 suita
1196 891 1324 970 discipu-

162 977 210 1036 lis:
235 995 333 1054 neque
354 972 433 1034 enim
453 973 573 1034 dubium
594 983 651 1046 est,
675 979 831 1062 postquam
852 969 970 1028 domum
991 981 1153 1042 venerunt,
1173 991 1205 1028 re
1229 981 1325 1028 ertum

138 1053 199 1114 'ab
221 1051 277 1112 illis
298 1051 386 1112 fuisse
405 1071 496 1108 unum
517 1049 643 1129 aliquem
664 1069 696 1108 er
717 1069 774 1108 suis
797 1045 998 1106 familiaribus.
1036 1045 1112 1104 Nam
1140 1059 1168 1104 et
1218 1045 1327 1105 hristus

161 1121 205 1188 illi
225 1149 281 1208 pro
301 1148 354 1189 suo
375 1127 437 1186 iure
458 1125 586 1198 mandat,
606 1137 639 1186 ut
658 1125 714 1186 sihi
735 1145 767 1183 ac
788 1125 845 1184 suis
866 1123 1024 1202 hospitium
1038 1133 1135 1202 paret,
1152 1121 1327 1204 magistrum

162 1228 194 1268 se
214 1205 380 1276 nominans,
400 1213 431 1262 et
448 1202 499 1262 ille
518 1202 654 1295 protinus
675 1200 856 1280 obsequitur.
897 1199 1055 1260 Caeterum
1076 1199 1203 1335 quamvis
1223 1199 1328 1258 bomi-

162 1303 231 1344 nem
252 1291 353 1362 posset
370 1301 424 1340 suo
445 1299 565 1340 nomme
585 1279 761 1358 exprimere,
786 1277 927 1337 miraculo
953 1287 1050 1336 umen
1098 1275 1236 1356 iscipulos
1256 1298 1329 1336 suos

163 1361 291 1441 dirigere
312 1357 434 1417 adeum
453 1356 569 1416 maluit:
595 1368 629 1414 ut
655 1376 742 1434 quum
768 1353 946 1430 exinanitum
972 1353 1061 1434 paulo
1088 1366 1157 1433 post
1179 1353 1331 1426 viderent,

163 1438 222 1496 boc
248 1447 346 1494 tamen
372 1434 551 1494 documento
577 1431 696 1494 suffulta
722 1431 730 1490 i
753 1452 853 1492 sorum
879 1431 951 1491 fides
976 1441 1075 1490 staret.
1113 1430 1221 1508 Neque
1251 1431 1329 1490 euim

49 1551 57 1568 ι
162 1515 235 1573 baec
255 1511 327 1572 levis
347 1523 411 1570 erat
431 1509 631 1583 confirmatio,
657 1527 715 1600 quo
761 1507 859 1588 paucis
885 1519 954 1567 ante
977 1507 1059 1568 boris
1081 1527 1169 1586 quam
1190 1506 1227 1566 ad
1248 1527 1331 1566 mor-

164 1602 225 1651 tem
246 1599 411 1669 raperetur,
429 1585 528 1646 Deum
548 1605 579 1645 se
598 1585 754 1646 manifesto
775 1584 887 1645 inrlicio
907 1595 1027 1645 testatus
1047 1583 1154 1656 fuerat,
1175 1582 1331 1642 utscirent

164 1687 227 1725 non
247 1663 420 1724 necessitate
439 1663 534 1742 ipsum
555 1663 638 1743 cogi,
664 1661 715 1722 sed
734 1673 842 1753 sponte
869 1661 984 1722 cedere.
1024 1659 1207 1740 Quanquam
1231 1673 1329 1718 autem

165 1743 196 1801 in
217 1741 281 1822 ipso
303 1739 534 1818 perturbationis
553 1734 705 1798 momebto
725 1737 798 1798 mhit
819 1737 897 1798 forte
917 1737 1026 1799 boceis
1041 1737 1167 1817 profuit,
1187 1737 1330 1797 memoria

163 1829 262 1880 tamen
284 1827 386 1895 postea
399 1815 453 1875 fuit
468 1813 555 1876 utilis.
596 1815 690 1874 Sicuti
710 1815 800 1874 bodie
822 1835 940 1896 quoque
960 1815 996 1873 ad
1015 1815 1217 1894 superandum
1238 1815 1331 1872 crucis

164 1891 331 1953 scandalum
358 1891 415 1951 boc
440 1901 543 1952 nostra'
566 1893 640 1951 scire
667 1890 781 1965 refert,
800 1890 883 1952 simul
904 1911 968 1952 cum
988 1889 1162 1950 infirmitate
1183 1891 1282 1950 carnis
1302 1891 1329 1948 io

166 1968 287 2028 Christo
300 1966 427 2026 Deitatis
436 1967 559 2050 gloriam
575 1968 742 2050 apparuisse
761 1969 815 2028 sub
836 1969 930 2048 ipsum
950 1967 1052 2028 mortis
1072 1978 1202 2048 tempus.
1243 1968 1330 2026 Ten-

159 2067 220 2122 pus
238 2065 330 2103 menan
343 2065 439 2120 prope
457 2059 506 2107 est.
547 2045 725 2124 Quanquam
745 2045 801 2106 rite
822 2066 857 2105 ex
869 2045 956 2126 Legis
976 2055 1138 2124 praecepto
1151 2043 1260 2103 Pascha
1278 2065 1327 2100 ce-

163 2121 311 2196 lebraret,
335 2120 464 2180 videtur*
476 2131 574 2180 tamen
600 2121 737 2181 consulto
758 2121 834 2181 hanc
854 2143 967 2182 causam
988 2121 1152 2196 adducere,
1178 2132 1209 2180 ut
1225 2140 1328 2178 moro-

164 2197 257 2262 sitatis
267 2197 381 2276 culpam
394 2197 494 2257 diluat.
532 2197 597 2258 Sibi
617 2219 690 2280 ergo
711 2197 870 2258 festinandi
890 2198 1003 2260 causam
1024 2219 1087 2258 esse
1109 2199 1197 2273 dicit,
1214 2197 1329 2288 quomi-

166 2295 221 2336 nus
241 2295 272 2334 se
292 2286 429 2354 receptae
449 2276 654 2336 consuetudini
675 2275 890 2350 accommodet,
910 2274 977 2355 quia
997 2276 1033 2334 ad
1053 2273 1147 2334 maius
1158 2273 1328 2334 sacraficium

167 2361 299 2412 vocetur.
338 2351 461 2412 Interim
473 2363 583 2424 tamen,
603 2364 636 2412 ut
654 2353 786 2426 diximus,
807 2353 836 2410 in
858 2352 1026 2412 ceremonia
1045 2349 1121 2411 nibil
1140 2363 1245 2412 uorat.
1270 2352 1329 2409 To-

167 2427 221 2488 ties
240 2447 313 2487 vero
333 2427 471 2505 inculcat,
482 2429 688 2564 propinquum
709 2449 771 2489 esse
790 2429 894 2488 mortis
914 2440 1038 2507 tempus,
1056 2441 1090 2488 ut
1109 2429 1210 2488 sciant
1229 2439 1331 2510 sponte

168 2505 261 2586 ipsum
281 2525 478 2584 properares
520 2507 682 2587 gerendum
703 2523 815 2565 morem
835 2505 932 2565 Patris
951 2505 1081 2565 decreto.
1124 2505 1224 2581 Quod
1239 2517 1331 2565 autem

168 2579 330 2642 umbratile
348 2581 520 2642 sacrificium
541 2601 612 2642 vero
633 2581 794 2655 coniunxit,
813 2581 871 2642 hoc
890 2582 980 2641 modo
1001 2581 1103 2641 fideles
1123 2583 1266 2642 hortatus
1286 2592 1334 2650 est,

169 2670 201 2718 ut
227 2657 307 2736 quod
332 2677 364 2718 re
389 2659 450 2738 ipsa
476 2657 620 2738 implebat
644 2680 709 2718 curn
734 2659 883 2719 veteribus
909 2659 1008 2740 figuris
1033 2657 1225 2719 conferrent.
1265 2659 1333 2718 Nam

167 2735 241 2794 baec
266 2734 448 2824 comparatio
473 2735 530 2793 vim
556 2746 586 2794 et
612 2735 752 2796 ellectum
776 2737 878 2796 mortis
903 2735 963 2795 eius
989 2756 1050 2795 non
1071 2756 1181 2815 parurn
1201 2735 1334 2795 illustrat.

168 2811 275 2890 Neque
296 2831 375 2870 enim
394 2809 506 2870 Pascha
531 2811 562 2870 in
589 2811 665 2872 hunc
688 2823 804 2872 tantum
829 2811 919 2872 finem
945 2813 1110 2872 iniunctum
1130 2812 1192 2871 fuit
1213 2811 1336 2877 Iudaeis.

170 2899 202 2946 ut
221 2885 564 2966 antiquaeliberationis
584 2901 681 2949 essem
699 2909 856 2963 memores,
875 2891 926 2949 sed
946 2901 979 2949 ut
996 2887 1126 2948 futuram
1147 2891 1200 2981 (et
1242 2889 1335 2948 uidem

169 2962 338 3098 potioremp
355 2963 504 3024 aCbristo
524 2987 536 3023 s
561 2977 686 3024 ararent
726 2967 792 3024 Huc
812 2977 926 3057 spectat
935 2965 1019 3024 Pauli
1038 2977 1191 3026 sententia
1212 2971 1229 3048 (
1269 2963 1335 3025 Cor.

170 3047 200 3113 5,
217 3037 261 3115 7.)
292 3037 317 3100 C
341 3039 441 3099 ristum
461 2985 571 3100 Pascha
591 3053 723 3101 nostrum
744 3062 805 3102 esse
825 3042 1017 3116 immolatum,
1037 3053 1094 3102 etc.

248 3121 295 3180 19.
333 3115 477 3176 Fecerunt
493 3121 566 3178 sicin
583 3121 761 3194 iniunxerat.
800 3118 898 3195 Quod
913 3118 1046 3198 discipuli
1070 3132 1220 3256 prompto
1242 3120 1335 3179 auium

173 3190 397 3280 obtemperant,
421 3194 452 3253 in
477 3213 515 3254 eo
541 3197 670 3256 notanda
697 3207 741 3256 est
765 3197 813 3288 pia
839 3217 941 3256 eorum
967 3195 1112 3256 docilitas.
1181 3215 1337 3258 occurrere

170 3289 251 3326 eorm
270 3281 390 3347 poterat
408 3267 565 3342 dubitatio,
592 3293 680 3352 quum
700 3271 850 3332 hommem
868 3273 1005 3355 ignotum
1024 3273 1145 3352 sequuti
1166 3285 1280 3344 essent,
1303 3294 1338 3332 au

173 3357 270 3418 essent
289 3365 303 3404 a
325 3345 532 3426 patrefamilias
551 3347 746 3427 impetraturi,
766 3349 847 3429 quod
866 3349 998 3431 magistri
1017 3350 1061 3410 sui
1080 3349 1163 3411 iussu
1184 3350 1341 3431 petebant,

170 3441 262 3558 quum
282 3424 391 3482 scirent
410 3423 513 3503 passim
534 3443 596 3483 non
615 3426 706 3485 modo
727 3438 940 3506 contemptum,
958 3427 1010 3486 sed
1030 3425 1119 3487 etiam
1132 3447 1256 3488 exosum
1269 3447 1341 3484 esse.

201 3499 263 3578 tqui
283 3519 345 3560 non
366 3499 449 3560 anxie
465 3495 622 3580 inquirunt
642 3503 678 3562 de
699 3515 816 3577 eventu,
835 3503 886 3563 sed
907 3502 1031 3582 imperio
1052 3503 1173 3582 placide
1184 3503 1340 3564 obediunt.

173 3576 273 3655 Atque
293 3575 365 3636 baec
385 3575 472 3639 nobis
492 3575 594 3658 regula
613 3577 741 3639 tenenda
763 3591 817 3654 est,
836 3579 859 3639 si
878 3579 966 3638 fidem
987 3591 1119 3640 nostram
1140 3578 1262 3660 probari
1280 3599 1341 3636 cu-

172 3650 282 3732 pimus,
308 3664 340 3712 ut
358 3651 424 3712 solo
450 3665 611 3734 praecepto
637 3655 771 3715 contenti
796 3675 967 3739 pergamus,
992 3677 1051 3734 quo
1073 3657 1160 3716 Deus
1179 3655 1274 3730 iubet,
1300 3674 1343 3714 ac

171 3740 324 3808 sperantes
365 3749 432 3789 uem
452 3729 600 3808 promittit
616 3751 791 3808 successum,
810 3755 847 3792 ne
866 3732 953 3791 simus
973 3733 1061 3792 nimis
1078 3733 1212 3794 solliciti.

247 3811 295 3871 2⁰.
343 3751 474 3897 d'espere
503 3821 597 3866 nuans
618 3809 710 3890 facto
737 3800 886 3871 discubuit.
930 3808 1000 3868 Non
1024 3821 1058 3870 ut
1082 3809 1191 3871 ederet
1216 3808 1345 3873 Pascha.

171 3883 254 3961 quod
272 3883 378 3944 stando
398 3881 462 3942 frerr
483 3883 617 3964 oportuit
635 3885 725 3962 (sicut
742 3886 886 3961 viatores,
911 3885 979 3945 dum
1004 3899 1190 3966 properant,
1216 3885 1344 3946 calceati

125 3969 128 3974 '
172 3970 287 4019 etcum
308 3957 414 4020 baculo
433 3958 532 4020 solent
555 3961 661 4040 raptim
686 3961 784 4022 cibum
809 3964 955 4036 sumere),
978 3963 1030 4022 sed
1055 3976 1183 4043 peracto
1209 3963 1344 4024 sollenni

170 4033 240 4108 ritu,
259 4047 293 4095 ut
302 4048 451 4112 coenaret,
471 4035 650 4097 discubuisse
670 4038 859 4119 interpretor.
881 4039 972 4100 'Ideo
992 4039 1097 4100 dicunt
1116 4039 1345 4122 Evangelistae,

169 4113 488 4251 ἔζηκᾶἓὶιέἐιςιίι
508 4114 603 4196 primo
623 4135 746 4196 vespere
766 4115 934 4178 mactabant
953 4135 1073 4198 agnum,
1094 4129 1126 4178 et
1138 4137 1263 4180 caruem
1278 4118 1345 4178 eius
