2766 4840
137 193 196 257 nas
228 279 232 287 f
331 143 335 159 ’
545 235 548 242 .
594 186 716 268 seor:
733 186 845 246 xvrn.

141 337 302 404 saeviendo
326 337 470 400 caedibus
488 349 596 402 terram
621 340 788 420 implerent
833 339 932 399 Porio
958 339 1027 420 quia
1052 351 1192 413 domat,
1219 358 1312 419 quam

165 415 396 476 ervicexdutura
415 427 492 478 esset
509 418 610 489 mundi
629 417 749 492 malitia,
767 439 865 478 rursus
878 416 971 490 addit,
990 417 1063 476 baec
1074 415 1140 476 iore
1152 416 1243 478 initia
1257 419 1312 478 do-

142 439 257 559 ronem:
276 509 340 552 non
359 504 392 552 ut
411 513 443 554 se
462 515 600 555 moerore
620 493 780 554 conficiant
797 493 898 554 fideles
918 491 1040 572 (quibus
1054 493 1313 573 semperinmrlis

110 599 118 615 ·
144 567 277 650 suppetit
287 569 479 648 consolatio),
498 573 549 632 sed
568 582 602 630 ut
619 591 651 630 se
671 571 707 632 ad
727 571 810 652 longi
828 571 973 650 temporis
992 569 1168 649 patientiam
1188 589 1312 651 compa-

145 656 221 708 rens.
259 646 353 706 Lucas
376 659 529 728 praeterea
553 647 634 706 addit
656 661 751 708 tenue
773 661 866 707 motae
888 661 914 705 et
939 650 1025 722 signo
1047 669 1064 706 o
1086 645 1177 706 coelo.
1228 647 1311 722 Qua-

145 728 212 790 rum
236 741 337 782 rerum
359 723 415 784 etsi
433 733 514 786 certa
533 723 655 788 historia
674 745 737 784 non
757 722 996 799 exstatssusficit
1021 734 1121 784 tamen
1148 744 1168 784 a
1190 723 1311 787 Cbristo

147 798 236 865 tuisse
256 797 429 886 praedictas.
467 800 592 888 Reliqua
612 811 715 886 petant
733 800 860 864 lectores
879 821 914 862 ex
933 800 1073 880 Iosepbo.

230 1045 546 1128 (teo.)s='Mn‘rrfl.
567 1051 684 1116 XXIV.
734 1049 777 1115 ’9.
819 1049 914 1114 Tunc
940 1050 1069 1116 tradent
1093 1071 1153 1124 vos
1174 1053 1209 1118 in
1229 1051 1313 1120 aidi·
1368 1110 1369 1126 ,

145 1136 303 1248 odonem,
317 1148 322 1164 '
336 1162 370 1220 et
397 1153 549 1222 occident
575 1177 650 1222 vos:
700 1163 733 1220 et
767 1155 855 1218 eritis
886 1154 981 1218 invisi
1009 1157 1132 1220 cunctis
1158 1155 1312 1242 gentibus

146 1265 284 1342 propter
309 1278 430 1322 nomen
458 1263 573 1325 meum.
615 1259 664 1324 tu
695 1258 738 1323 Et
766 1265 844 1321 tunc
869 1255 1176 1323 scandalizabuntur
1201 1259 1311 1325 multi:
1368 1259 1369 1346 ξ

97 1403 108 1422 .
148 1356 285 1446 et'elins
307 1357 402 1430 alium
424 1362 561 1430 invicem
581 1362 709 1439 tradet,
734 1380 834 1446 seque
862 1355 940 1426 odio
968 1357 1135 1428 habebunt
1162 1365 1312 1428 invicem.
1368 1389 1369 1450 p

147 1459 199 1534 11.
217 1462 274 1529 ,Et
299 1461 392 1532 multi
417 1466 724 1554 pseudoprophetae
750 1472 894 1548 surgent,
928 1485 967 1526 ec
996 1463 1153 1531 seducent
1185 1463 1314 1532 multos.
1368 1455 1369 1478 ¹

111 1598 119 1614 =
147 1564 203 1634 12.
218 1565 273 1636 'Et
299 1568 451 1658 quoniam
477 1567 657 1636 abundabit
682 1569 848 1655 iniquitas,
875 1565 1068 1652 refrigescet
1089 1569 1206 1631 caritas
1233 1565 1313 1630 mul-

147 1672 265 1732 torum.
322 1669 371 1735 13.
404 1671 473 1760 Qui
506 1683 609 1738 autem
638 1663 894 1764 perseveraverit
920 1689 1022 1756 usque
1050 1670 1084 1733 in
1114 1669 1232 1749 finem,
1261 1669 1311 1734 bic
1368 1691 1369 1762 t

148 1765 356 1842 subvenerit
411 1771 463 1842 14.
491 1774 533 1842 Et
567 1774 808 1861 praedicabitur
834 1771 899 1836 boc
922 1771 1133 1858 evangelium
1161 1777 1255 1860 regni
1279 1777 1311 1840 in

148 1873 303 1938 uumerso
331 1871 414 1938 orbe
435 1877 469 1940 in
491 1881 707 1946 testimonium
729 1873 879 1944 omnibus
900 1873 1064 1964 genubus:
1095 1885 1129 1940 et
1153 1884 1237 1942 tuuc
1261 1896 1311 1940 ve-

148 1973 218 2046 niet
239 1978 501 2064 consummatio.¹
553 1965 555 1971 ’
877 1994 885 2008 ·
1368 1967 1369 1972 ¹

234 2158 375 2230 Maec.
392 2163 478 2231 ‘thb
519 2137 560 2231 9]
572 2163 639 2232 Sed
659 2185 719 2232 vos
739 2175 851 2232 oavete
873 2162 983 2230 vobim
1002 2161 1133 2228 tradent
1149 2165 1237 2228 euim
1255 2183 1310 2228 vos
1368 2163 1369 2206 1

149 2263 185 2328 in
199 2265 345 2334 'concilia
368 2275 399 2332 et
419 2271 452 2334 in
475 2289 669 2358 synagogas:
697 2269 892 2346 caedemini,
913 2278 946 2333 et
965 2265 1026 2332 sub
1049 2265 1255 2354 praesidibus
1274 2288 1309 2330 ac

150 2363 283 2452 regibus
317 2369 479 2438 docemini
510 2381 645 2460 propter
676 2395 727 2440 me
760 2376 794 2440 in
825 2373 1040 2441 testimonium
1068 2369 1143 2436 dlis.
1198 2371 1247 2436 1e
1269 2369 1310 2434 Et
1368 2357 1369 2364 ¹

151 2469 239 2555 epod
266 2492 379 2540 omnes
403 2485 517 2560 gentes
536 2486 667 2560 oportet
686 2480 776 2562 prius
795 2472 979 2560 praedicari
999 2473 1224 2558 Evangelium.
1265 2472 1309 2538 11.
1368 2537 1369 2572 ¹

151 2571 263 2660 Quum
293 2585 398 2645 autem
427 2577 578 2652 duxerint
600 2601 662 2648 vos
690 2579 868 2666 tradentes,
900 2597 942 2646 ne
967 2580 1212 2668 praecogitetis,
1237 2575 1309 2664 quid
1368 2575 1369 2624 ³

151 2675 272 2748 dicturi
300 2682 383 2758 sitis,
416 2701 525 2768 oeque
556 2681 771 2757 meditemini,
803 2677 861 2744 sed
894 2679 1049 2770 quicquid
1080 2680 1192 2750 datum
1221 2680 1310 2746 tuerit

134 2775 247 2848 'vobis
273 2783 308 2851 iu
334 2781 392 2850 illa
412 2782 508 2860 bora,
535 2783 599 2850 boc
619 2783 811 2871 loquamini:
843 2802 911 2848 noo
941 2781 1025 2848 enim
1054 2788 1131 2850 estis
1158 2805 1236 2860 vos,
1261 2781 1310 2870 ciui

150 2881 338 2970 loquimini,
370 2883 430 2950 scd
457 2885 595 2971 Spiritus
623 2899 759 2958 sanctus.
817 2885 866 2952 12.
897 2884 1093 2978 *Tra‘diturus
1127 2898 1235 2952 autem
1269 2895 1311 2950 est
1368 2891 1369 2974 ss

150 2983 253 3056 trater
278 2987 409 3056 fratrem
429 2990 464 3056 iu
485 3001 633 3066 mortem,
668 2997 700 3053 et
727 2997 819 3074 peter
844 2986 970 3068 filiumt
997 2998 1030 3055 et
1060 2986 1233 3073 insurgent
1256 2985 1311 3050 fdii
1368 2975 1369 2980 ¹

84 3121 90 3132 =
152 3087 308 3156 adversus
328 3097 496 3188 parentes,
513 3112 552 3155 ac
572 3102 674 3156 morte
696 3091 841 3158 afficient
861 3112 928 3158 eos.
970 3093 1020 3158 13.
1045 3092 1088 3158 Et
1113 3093 1206 3188 eritis
1228 3091 1309 3156 exosi
1368 3175 1369 3184 ἵ

153 3189 303 3292 omnibus
324 3200 459 3280 propter
478 3211 599 3258 nomen
619 3213 733 3262 meum.
774 3193 841 3262 Sed
862 3197 918 3288 qui
939 3197 1198 3284 perseveraverit
1214 3213 1310 3282 usquc
1368 3185 1369 3274 Ῠ

141 3280 188 3367 (in
208 3293 318 3377 finem,
338 3296 392 3366 bic
410 3291 518 3366 salvus
540 3299 609 3366 erit.

236 3479 340 3550 LUC.
366 3479 450 3546 xxt.
498 3481 548 3548 12.
582 3481 649 3548 Sed
682 3493 756 3548 ante
790 3481 872 3547 baec
905 3484 1011 3552 omnis
1043 3483 1192 3548 iniicient
1221 3479 1309 3546 vobis

120 3609 125 3618 ·
152 3604 266 3650 manua
292 3605 381 3665 suas,
399 3596 444 3662 ¹et
469 3593 720 3674 persequentur,
748 3583 912 3654 tradentes
933 3588 968 3652 in
990 3606 1174 3678 synagogae
1196 3595 1225 3650 ct
1243 3604 1308 3646 cnr-

95 3763 105 3772 ,
146 3686 449 3773 ¹oeres„trabendo
480 3709 539 3756 vos
572 3683 615 3756 ad
648 3709 741 3774 reges
771 3700 804 3754 et
834 3685 1001 3776 praesides
1030 3701 1169 3777 propter
1196 3705 1309 3756 nomeu

151 3811 265 3862 anetam.
308 3791 359 3858 13.
383 3793 563 3879 Continget
589 3803 694 3860 autem
721 3789 816 3858 vobis
840 3795 874 3856 in
902 3795 1128 3860 testimonium.
1174 3793 1224 3858 14
1250 3789 1310 3853 bde-

151 3891 229 3966 bete
256 3895 351 3981 igitur
378 3895 475 3966 fixum
504 3899 536 3962 in
560 3894 714 3973 cordibus
734 3897 863 3975 vestris,
889 3917 957 3962 non
985 3917 1054 3962 esse
1081 3893 1310 3980 praemeditan-

154 3997 227 4068 daru
254 3997 488 4068 defensionem.
538 3987 590 4064 15}
614 3995 798 4098 Ego'enim
826 3996 913 4067 dabo
942 3995 1036 4062 vobis
1064 4017 1101 4062 ns
1131 4009 1165 4066 et
1190 3999 1310 4082 sapien·

108 4187 109 4194 ἵ
152 4101 245 4180 tiam,
271 4103 323 4167 oui
351 4121 418 4166 non
447 4109 601 4191 poterunt
628 4103 865 4180 contradicere,
894 4122 1001 4187 neque
1023 4103 1174 4166 resistere
1196 4119 1309 4175 omncs,
1368 4141 1369 4182 ,

154 4203 211 4290 qui
233 4195 489 4271 adversabuntur·
510 4201 614 4270 vobis.
660 4207 710 4274 to.
738 4204 927 4278 Tredcmioi
954 4215 1059 4272 eutem
1089 4208 1187 4272 ctiam
1215 4225 1234 4270 a
1260 4223 1308 4286 pa·
1368 4275 1369 4280 ,

13 4351 14 4358 .
85 4356 94 4393 ,
153 4299 314 4379 rentibus,
342 4315 376 4372 ct
407 4303 574 4384 tratribus,
606 4316 638 4374 et
666 4312 823 4395 cognatis,
855 4319 888 4378 et
914 4311 1036 4380 amicis:
1085 4319 1117 4377 et
1151 4330 1190 4380 er
1220 4305 1305 4374 vobis
1368 4337 1369 4398 p
