2814 4846
250 257 255 268 .
285 217 456 297 (110-11.
494 216 543 280 De
562 237 657 302 grano
676 218 796 302 sinapis,
815 221 963 334 lamento
983 227 1057 307 eto)
1203 233 1242 300 21

68 365 217 448 piendam
242 346 398 450 Evangelii
411 353 545 451 ¹gratiam
571 393 633 434 esse
658 372 800 452 idoneos,
830 379 881 468 qui
910 377 1084 459 posthabitis
1104 379 1241 446 omnibus

75 441 140 502 aliis
159 441 330 518 desideriis,
361 445 398 505 ad
423 467 486 508 eam
506 449 677 528 potiendam
697 473 748 513 sua
773 455 868 514 studia
888 467 918 518 et
937 475 969 516 se
987 465 1069 515 totos
1088 456 1238 518 addicunt.

74 519 250 580 Notandum
270 533 369 582 autem
389 535 448 597 est,
481 525 562 614 quod
585 547 648 586 non
673 527 710 586 ab
737 530 873 590 omnibus
892 531 968 592 tanti
987 532 1051 591 lieri
1070 533 1239 596 thesaurum

74 595 286 658 absconditum
301 597 350 660 ‚vel
369 611 555 682 margaritam
576 602 664 662 docet
684 602 828 680 Christus,
847 619 881 666 ut
899 607 1029 668 libenter
1046 606 1178 672 vendant
1187 631 1240 672 sua

75 673 190 733 omnia:
210 675 264 734 sed
284 674 421 744 thesauro
441 677 529 736 statui
549 679 685 758 pretium,
704 694 895 762 posteaquam
910 685 1046 744 inventus
1067 697 1111 746 est
1130 705 1164 744 ac
1184 705 1239 746 co-

73 749 191 886 gnitus,
224 761 255 810 et
274 751 400 830 peritum
421 755 638 835 negotiatorem
657 756 716 817 tale
737 758 774 818 de
794 761 951 854 margarita
971 761 1108 821 iudicium
1127 761 1237 824 facere.

102 847 116 884 a

119 847 147 884 m
169 825 214 886 liis
234 826 331 888 verbis
351 841 470 890 notatur
490 830 559 892 fidei
580 832 729 912 cognitio,
758 836 816 897 acsi
837 838 953 897 dixisset
974 836 1124 918 Christus,
1146 839 1237 920 vulgo

73 923 199 982 reguum
221 903 352 964 coeleste
372 924 426 984 pro
447 905 541 968 nihilo
562 906 624 968 lere
646 910 756 984 haberi,
777 908 844 990 quia
865 913 984 993 insipidi
1004 926 1072 973 sunt
1093 914 1237 990 homines,

74 1001 129 1039 nec
149 979 221 1038 satis
241 980 433 1059 perspiciunt,
453 1003 540 1061 qnam
559 984 819 1065 incomparabilem
838 989 1006 1050 thesaurum
1024 990 1056 1048 in
1070 991 1237 1082 Evangelio

72 1055 220 1116 Dominus
247 1056 366 1116 offerat.
386 1059 389 1080 ¹
410 1058 573 1132 Quaeritur
590 1072 704 1140 tamen,
730 1085 767 1124 an
792 1067 962 1127 renuntiare
987 1066 1073 1126 bonis
1100 1068 1236 1129 omnibus

74 1132 136 1192 aliis
155 1152 279 1192 necesse
298 1133 347 1208 sit,
365 1146 399 1194 ut
416 1135 475 1196 vita
495 1147 613 1197 aeterna
634 1138 774 1200 fruamur.
804 1141 862 1200 Res
885 1145 984 1204 ondeo
997 1142 1136 1218 breviter,
1156 1144 1236 1214 hune
1329 1179 1339 1196 κ

72 1209 238 1288 simplicem
259 1229 320 1269 esse
340 1203 499 1272 verborum
518 1233 646 1286 sensum,
666 1237 728 1276 non
749 1216 851 1277 haberi
896 1218 1032 1309 vangelio
1053 1220 1159 1280 iustum
1178 1221 1236 1280 ho-

73 1307 190 1358 norem,
210 1285 267 1346 nisi
287 1287 365 1364 apud
384 1307 439 1347 uos
460 1289 597 1367 omuibus
616 1291 718 1351 mundi
739 1293 855 1372 opibus,
881 1293 1001 1368 deliciis,
1020 1295 1184 1367 bonoribus
1204 1309 1235 1357 et

73 1361 237 1422 commodis
251 1363 420 1441 praecellat,
441 1376 471 1423 et
487 1365 754 1448 quidemeoiisque
774 1381 807 1428 ut
860 1369 1023 1430 iritualibus
1043 1370 1139 1444 bonis,
1159 1393 1235 1450 quae

72 1439 161 1500 uobis
181 1439 337 1518 promittit,
358 1440 493 1500 contenti
512 1462 704 1522 quaecunque
723 1465 779 1504 nos
794 1445 822 1504 iri
847 1447 1074 1506 erctrahuntiie
1099 1447 1235 1528 ligamuss

70 1535 138 1574 nam
160 1513 299 1576 omnibus
319 1515 534 1597 impedimentis
554 1518 667 1580 solutos
688 1541 749 1580 esse
763 1533 893 1600 oportet,
914 1522 963 1600 qui
977 1521 1006 1582 in
1020 1468 1134 1582 cociam
1154 1523 1233 1603 aspi-

69 1603 146 1652 rant.
184 1593 268 1682 Ergo
289 1613 352 1652 non
373 1593 427 1653 nisi
448 1594 484 1653 ad
504 1613 606 1654 eorum
626 1596 872 1688 abnegationem,
898 1619 972 1676 quae
1014 1599 1093 1658 ietati
1113 1601 1235 1660 adversa

68 1679 149 1743 sunt,
168 1667 304 1728 Christus
324 1669 426 1730 fideles
445 1666 513 1729 slios
534 1670 681 1732 hortatur:
701 1674 820 1733 iuterim
839 1621 1051 1753 temporalibus
1062 1676 1122 1736 Dei
1139 1675 1233 1738 bene-

68 1744 142 1806 ficiis
161 1743 205 1804 sie
224 1744 267 1803 uti
287 1756 317 1804 ct
337 1745 397 1806 lrui
413 1747 564 1821 concedit,
585 1749 666 1828 qiiasi
686 1769 748 1808 non
770 1761 897 1810 utantur.

145 1828 194 1886 46.
233 1821 275 1879 Bi
302 1837 443 1882 matus
472 1837 513 1882 est
539 1825 631 1886 illmn.
681 1825 841 1886 Mercuriali
870 1827 963 1888 verbo
993 1848 1055 1888 non
1086 1827 1234 1910 significat

70 1898 217 1970 Christus,
236 1897 324 1957 ullam
345 1899 615 1979 compensationem
628 1901 730 1962 aslerri
745 1902 780 1962 ab
796 1903 975 1976 hominibus,
996 1925 1052 1985 qua
1072 1905 1233 1966 coelestem

68 1975 158 2036 vitam
178 1973 235 2034 sibi
255 1987 442 2056 comparent:
472 1975 577 2038 scimus
598 1977 691 2053 enim,
712 1999 769 2058 qua
788 1979 857 2060 lege
875 1980 1022 2041 Dominus
1042 1980 1144 2043 fideles
1164 2003 1233 2042 suos

66 2053 277 2132 apudlesaiam
287 2051 401 2125 invitet,
417 2053 528 2113 Venite
540 2065 570 2113 et
581 2055 668 2114 emite
680 2055 791 2134 absque
803 2070 938 2138 argento,
959 2069 1014 2118 etc.
1034 2059 1106 2136 (les.
1118 2066 1166 2132 55,
1178 2061 1231 2138 1.).

56 2128 130 2190 'Sed
150 2128 281 2209 quamvis
299 2128 458 2210 gratuitum
477 2129 516 2188 sit
535 2131 645 2190 donum
662 2131 721 2191 Dei
740 2131 798 2194 vita
819 2133 964 2210 coelestis,
984 2146 1015 2194 et
1035 2135 1175 2225 quioquid
1193 2135 1233 2194 ad
1271 2172 1277 2212 ¹.

68 2227 132 2267 eain
152 2203 293 2286 pertinet,
313 2205 445 2276 dicimur⁸
454 2217 552 2266 tamen
571 2207 727 2281 redimere,
748 2229 837 2286 quum
856 2209 990 2269 volentes
1010 2231 1156 2290 privamus
1175 2230 1231 2270 nos

67 2283 162 2342 carnis
176 2281 339 2358 desideriis,
358 2282 479 2361 nequid
491 2281 528 2342 ab
550 2301 584 2341 ea
605 2283 768 2344 obtinenda
789 2305 843 2344 nos
863 2285 1019 2365 impediat:
1039 2288 1232 2377 quemadmo-

68 2359 136 2422 dum
157 2357 230 2418 dicit
241 2357 358 2434 Paulus,
377 2359 434 2418 sibi
454 2358 554 2421 omnia
566 2375 629 2420 esse
643 2361 734 2422 instar
744 2360 873 2421 iacturae
888 2373 919 2421 et
930 2374 1078 2437 stercoris,
1097 2375 1131 2424 ut
1142 2362 1231 2424 Chri-

66 2447 140 2498 stum
160 2435 349 2494 lucrifaceret
368 2433 460 2513 (Phil.
476 2442 506 2510 3,
525 2435 579 2514 ἃ)

141 2519 190 2577 47.
230 2511 390 2574 Similem
406 2512 557 2574 verriculo.
595 2511 676 2580 Nihil
697 2512 745 2573 bic
765 2533 875 2572 novum
895 2511 985 2574 docet
1012 2511 1159 2589 Christus,
1178 2517 1231 2575 sed

66 2589 121 2652 alia
140 2587 332 2664 similitudine
352 2589 509 2649 confirmat
528 2589 609 2669 quod
628 2589 710 2669 prius
722 2589 885 2665 habuimus,
903 2590 1132 2650 EcclesiamDei
1143 2611 1230 2669 quam

66 2668 115 2726 diu
134 2667 167 2725 in
186 2676 266 2725 terra
285 2676 417 2726 versatur
436 2665 608 2746 permixtam
629 2687 691 2726 esse
712 2665 798 2726 bonis
819 2676 850 2726 et
868 2665 968 2740 malis,
987 2687 1135 2744 nunquam
1155 2687 1228 2726 vero

65 2741 203 2805 sordibus
224 2742 499 2822 etinquinamentis
520 2763 622 2822 puram
643 2762 714 2802 esse.
752 2742 834 2802 Finis
854 2753 951 2802 tamen
972 2742 1056 2803 huius
1070 2741 1229 2824 parabolae

65 2821 144 2881 lorte
165 2817 296 2880 diversus
317 2830 372 2879 est:
393 2838 501 2900 nempe
521 2831 554 2878 ut
566 2817 700 2879 Christus
719 2839 782 2880 non
802 2818 896 2880 solum
916 2820 1069 2879 medeatur
1079 2819 1230 2894 scandalo,

67 2897 147 2978 quod
190 2895 327 2974 lerosque
347 2895 478 2956 infirmos
494 2896 604 2970 turbat,
624 2895 692 2976 quia
712 2917 775 2956 non
794 2896 942 2976 reperitur
961 2897 992 2956 in
1011 2895 1137 2974 mundo,
1153 2917 1230 2974 quae

65 2916 196 3054 optanda
216 2973 297 3032 loret
315 2972 436 3052 puritas,
455 2972 506 3032 sed
530 2973 616 3032 etiam
637 2972 719 3042 utin
738 2973 845 3032 timore
866 2985 897 3032 et
915 2971 1057 3033 modestia
1077 2973 1230 3032 contiueat

63 3071 130 3111 suos
151 3049 326 3128 discipulos,
356 3067 395 3108 ne
421 3047 502 3108 inani
523 3049 591 3108 lidei
610 3048 698 3108 titulo
718 3049 764 3110 vel
784 3050 861 3108 nuda
882 3049 1067 3129 professione
1086 3048 1142 3108 sibi
1160 3047 1230 3140 pla-

64 3139 159 3188 ceant,
206 3127 232 3186 E
256 3145 275 3185 ο
301 3125 419 3205 quidem
443 3137 599 3204 utrumque
623 3123 753 3185 libenter
778 3125 957 3205 amplector,
987 3123 1067 3205 quod
1095 3124 1231 3186 Christus

84 3204 213 3264 atienter
234 3146 385 3264 incendam
409 3223 501 3282 usque
530 3202 561 3260 in
586 3202 687 3261 mundi
706 3203 794 3262 linem
815 3221 876 3262 esse
897 3203 1004 3264 doceat
1021 3200 1174 3267 mixturam
1195 3223 1230 3264 ex

63 3225 151 3340 honis
172 3292 203 3339 et
223 3279 314 3352 malis,
336 3278 482 3358 quianon
503 3289 571 3337 ante
592 3277 739 3338 constabit
757 3299 826 3337 vera
847 3289 878 3337 et
896 3277 994 3352 solida,
1008 3278 1159 3338 Ecclesiae
1178 3299 1228 3338 re-

62 3356 195 3418 stitutio:
221 3356 328 3416 deinde
349 3354 429 3435 quod
449 3353 607 3414 admoneat
625 3375 687 3418 nou
706 3353 860 3428 sulficere,
879 3354 941 3414 imo
961 3373 1023 3413 non
1043 3355 1142 3436 magni
1163 3375 1227 3415 esse

61 3431 224 3507 momenti,
242 3453 298 3493 noa
319 3432 350 3492 in
371 3430 448 3494 ovile
468 3451 530 3491 esse
550 3442 747 3514 aggregatos,
772 3430 827 3489 nisi
868 3431 993 3490 enuinae
1013 3430 1100 3492 simus
1121 3451 1156 3491 ao
1174 3431 1228 3494 de-

62 3509 159 3570 lectae
180 3529 259 3583 ores,
280 3529 340 3589 quo
359 3519 474 3590 spectat
491 3507 540 3568 illa
552 3507 804 3573 Paulisent'entia,
841 3451 934 3570 tloiit
945 3507 1092 3574 Dominus
1112 3507 1163 3586 qui
1182 3506 1227 3566 sni

62 3585 121 3644 sint
141 3585 331 3664 (11.Tmi.2,
351 3585 424 3664 19.).
462 3585 545 3666 Ergo
566 3584 603 3644 ab
622 3583 778 3663 iniquitate
798 3583 938 3656 discedat,
959 3582 1087 3664 quisquis
1109 3583 1228 3643 invocat

62 3681 175 3721 nomen
185 3661 317 3721 Domini.
345 3661 440 3721 Porro
452 3660 606 3742 Evangelii
626 3659 875 3752 praedicationem
895 3661 968 3720 scite
989 3669 1140 3748 comparat
1158 3679 1227 3717 ver-

62 3738 160 3798 riculo.
177 3736 233 3798 sub
253 3738 335 3817 aquis
356 3739 508 3810 demerso,
537 3748 570 3796 ut
591 3757 722 3798 sciamus
746 3749 935 3816 praesentem
950 3734 1100 3796 Ecclesiae
1120 3745 1227 3796 statum

62 3815 220 3877 contusum
240 3833 312 3874 esse.
351 3814 530 3894 Quanquam
557 3812 636 3872 enim
661 3811 744 3880 Deus
770 3824 887 3888 noster,
916 3823 950 3870 nt
974 3822 1018 3872 est
1036 3811 1117 3870 Deus
1145 3809 1226 3869 ordi-

62 3889 117 3964 nis,
137 3901 169 3952 et
189 3911 252 3952 non
264 3889 472 3970 dissipationis,
492 3887 563 3948 disci
586 3889 772 3950 linamnobis
788 3889 986 3964 commendat,
1006 3886 1228 3968 hypocritidta-

61 3987 129 4026 men
151 3965 250 4027 locum
270 3967 307 4026 ad
326 3979 441 4046 tempus
461 3909 600 4025 concedit
619 3965 697 4026 inter
715 3965 833 4039 fideles,
862 3965 959 4026 donec
987 3958 1091 4023 ultimo
1112 3963 1159 4022 dic
1179 3983 1228 4021 re-

62 4063 154 4124 gnum
174 4065 260 4104 sunm
279 4043 411 4122 perfecte
432 4051 604 4120 componat..
627 4041 709 4124 Ergo
724 4043 821 4121 quoad
833 4044 864 4102 in
885 4041 971 4102 nobis
991 4052 1045 4116 est,
1063 4040 1229 4104 studeamus

61 4119 130 4180 vitia
152 4120 322 4204 corrigere,
351 4119 450 4206 vigeat
471 4117 500 4176 in
521 4117 657 4176 sordibus
678 4119 836 4202 purgandis
863 4118 1016 4178 severitas:
1047 4128 1227 4176 nontamen
1286 4139 1289 4142 ·

62 4208 131 4255 ante
152 4195 189 4255 ab
214 4194 350 4260 omnibus
369 4194 450 4278 rugis
471 4205 502 4253 et
514 4190 633 4252 maculis
652 4193 787 4264 immunis
803 4195 860 4256 crit
878 4191 1020 4272 Ecclesia,
1040 4215 1126 4274 quani
1141 4193 1229 4254 Chri·
1262 4236 1265 4244 ,

61 4284 121 4334 stus
140 4272 346 4356 segregaverit
364 4291 457 4356 agnos
477 4271 514 4336 ab
535 4269 647 4334 boedls.
