2756 4838
49 2299 61 2310 .
175 2248 490 2331 vohis,'Pharisaei,
516 2257 572 2340 qui
595 2255 745 2342 appetitis
764 2259 882 2342 primas
904 2252 1074 2318 cathedras
1095 2256 1130 2320 iu
1153 2255 1331 2342 synagogis,

185 225 244 288 aas
345 217 460 280 SECT.
480 211 577 278 XVII.
615 223 878 304 rnaassaroamr
897 195 1189 274 uacmuarrouss.

185 375 297 442 vocari
329 361 370 440 ab
386 361 587 440 hominihus
614 368 732 438 Rabhi.
794 365 824 433 8.
859 369 930 436 Vos
964 363 1085 462 auten*
1101 365 1206 434 nolite
1239 374 1343 435 vocari

185 478 311 544 Rahbi:
354 497 437 543 unus
458 478 543 542 euim
565 485 614 540 est
635 473 784 557 magister
808 481 932 550 vester,
965 459 1134 548 Christus,
1158 491 1221 534 vos
1245 484 1342 538 autem

187 603 301 650 omnes
332 574 448 645 ir'atres
473 581 558 645 estis.
620 577 650 639 9.
692 573 736 638 Et
762 582 883 659 patrem
915 570 1019 639 nolite
1045 571 1142 641 vohis
1166 595 1290 639 vocare
1314 579 1342 640 in

98 670 102 678 ¹
185 695 286 750 turra:
307 701 391 748 unus
413 683 498 746 enim
518 690 566 746 est
586 678 682 744 Pater
701 687 824 752 vester,
844 677 899 762 qui
923 678 956 741 in
979 675 1161 744 cuelimeat.
1207 679 1260 744 10.
1280 680 1341 744 Nec

67 833 69 838 ,
184 787 345 852 vocemini
372 785 527 868 magistri:
562 803 645 847 unus
673 781 757 845 enitn
786 789 834 844 est
861 783 1011 864 magister
1030 791 1154 860 vester,
1187 781 1338 850 Christus

184 891 236 957 11.
264 888 333 974 Qui
353 889 504 952 maximus
533 894 581 951 est
605 895 760 958 vestrum,
793 887 856 948 erit
874 885 1018 949 minister
1045 895 1164 950 vester.
1208 887 1260 952 12
1281 887 1340 972 Qui

185 1000 290 1054 autern
311 1011 347 1054 se
370 987 571 1068 exaltaverit,
592 984 829 1068 humihabitur:
851 995 883 1052 et
905 991 962 1078 qui
982 1009 1018 1054 se
1039 986 1275 1070 humiliaverit,
1295 1011 1340 1056 es-

183 1090 344 1158 altabitur.
603 1103 611 1112 “
1369 1085 1370 1096 ’

265 1260 405 1330 Mnuc.
435 1263 503 1328 Xll.
556 1263 606 1327 38
641 1259 683 1326 Et
705 1257 835 1327 dicebat
862 1257 927 1326 illis
947 1260 981 1324 ia
1004 1257 1153 1326 doctrina
1172 1281 1245 1338 sua,
1275 1259 1341 1327 Ca·
1369 1249 1370 1276 ³

180 1375 256 1429 vete
270 1388 296 1456 'a
318 1362 454 1442 Scribis,
488 1363 544 1450 qui
566 1373 672 1427 amant
693 1365 728 1428 in
753 1361 844 1430 stolis
859 1361 1045 1444 ambulare,
1079 1373 1112 1428 et
1132 1361 1340 1428 salutationes

180 1471 215 1534 in
237 1468 330 1548 toria,
368 1471 420 1534 39.
448 1469 634 1554 Primusque
660 1465 757 1532 sellas
778 1468 813 1534 iu
832 1469 1019 1554 synagogis,
1054 1477 1087 1532 et
1109 1469 1233 1554 primos
1254 1489 1340 1533 aeru-
1369 1469 1370 1484 ¹

58 1594 62 1615 ⁶
179 1571 267 1638 bitus
286 1576 321 1639 in
343 1574 464 1638 coenis.
515 1612 518 1618 f

152 1775 159 1782 ·
263 1737 365 1807 LUC.
386 1741 438 1806 Xl.
478 1740 530 1832 45
560 1720 779 1826 Respondeas
805 1749 912 1806 antem
939 1737 1069 1827 quidam
1099 1757 1139 1803 ex
1162 1736 1336 1824 Legisper'r

148 1920 154 1934 ἱ
178 1844 228 1920 tis,
248 1843 291 1906 ait
307 1841 365 1920 illi,
386 1843 550 1928 Magister,
570 1839 651 1907 haec
666 1841 786 1924 dicens,
809 1845 903 1909 etiam
926 1863 987 1908 nos
1009 1839 1114 1906 allicis
1136 1843 1335 1908 contumelia·

170 1945 231 2028 45.
255 1945 297 2007 ht
317 1942 374 2008 ille
395 1947 452 2023 ait,
472 1945 513 2011 Et
534 1944 628 2012 vobis
649 1945 866 2032 Legisperitis,
886 1967 955 2022 vae,
976 1947 1053 2032 quia
1073 1949 1222 2012 oneratis
1243 1946 1334 2011 honri

162 2055 236 2112 'nes
259 2044 421 2125 oneribus,
443 2069 528 2136 quac
548 2059 677 2135 portatu
698 2048 847 2115 diflicilia
869 2058 956 2116 sunt:
977 2049 1040 2134 ipsi
1061 2047 1171 2112 autem
1193 2070 1330 2116 nonuna

177 2147 354 2234 digitorum⁴
369 2161 549 2248 vestrorum
571 2145 722 2238 attingitis
741 2153 891 2218 sarcinas.
911 2147 1035 2231 (Paulo
1058 2153 1167 2232 oum.)
1200 2155 1252 2216 ta.
1264 2153 1330 2214 Vae

176 2367 209 2420 et
229 2353 438 2422 salutationes
459 2359 494 2422 iu
516 2357 598 2422 loro.
638 2351 730 2424 htx.
772 2359 822 2424 45.
852 2351 1115 2422 sustentavero
1139 2371 1254 2424 cuncto
1274 2377 1330 2442 po

94 2461 97 2470 '
173 2446 263 2546 pulo,
285 2459 366 2526 dixit
386 2459 552 2548 discipulis
572 2463 653 2528 suis:
683 2455 747 2526 46.
768 2455 892 2528 Cavete
912 2483 932 2525 a
950 2455 1080 2537 Scribis,
1101 2462 1160 2547 qui
1182 2467 1330 2546 appetunt
1369 2473 1370 2494 ¹

82 2571 84 2576 “
174 2561 340 2633 ambulare
362 2567 396 2630 in
417 2562 516 2642 stolis,
538 2574 569 2629 et
583 2575 688 2630 amant
698 2562 907 2632 salutationes
924 2568 959 2630 in
980 2563 1068 2641 loris,
1090 2575 1123 2629 et
1146 2567 1330 2649 primasca

172 2664 303 2734 thedras
324 2671 358 2734 in
379 2669 561 2756 synagogis,
582 2675 615 2733 et
634 2669 754 2754 primos
778 2666 943 2735 accubitus
963 2671 998 2735 in
1018 2669 1142 2734 coenis

248 2883 352 2947 blatth.
377 2889 405 2948 4.
445 2883 595 2964 [rom
616 2898 659 2944 est
682 2881 727 2944 ud
745 2883 852 2950 tardem
896 2886 1040 2966 Apprime
1063 2884 1145 2946 utilis
1171 2883 1230 2944 suit
1261 2884 1329 2942 haec

172 2960 345 3032 admonitio,
366 2972 398 3019 nt
416 2959 495 3020 inter
515 2959 630 3021 dissidia
651 2972 681 3020 et
700 2964 890 3024 certaminum
900 2964 1048 3054 strepitus,
1067 2963 1099 3022 in
1118 2961 1212 3022 rebus
1230 2961 1327 3020 turba·

171 3035 208 3096 tis
229 3048 259 3095 et
278 3035 423 3111 confusis,
443 3037 473 3097 in
494 3035 685 3116 dissipatione
704 3042 779 3102 recti
797 3039 970 3122 etelegitimr
990 3039 1111 3111 ordinis,
1133 3038 1215 3098 salva
1235 3050 1327 3098 tamea
1369 3057 1370 3102 t

169 3123 304 3171 maneret
322 3107 406 3172 verbi
419 3113 478 3174 Dei
497 3115 663 3175 auctoritas.
701 3119 777 3179 Nam
797 3116 854 3178 huc
873 3117 1016 3196 spectavit
1032 3115 1143 3177 Christi
1163 3115 1328 3182 consiliam,
1369 3159 1370 3162 ,

170 3207 209 3247 ne
230 3186 313 3266 plebs
331 3189 492 3249 scribarum
511 3188 587 3250 vitiis
608 3191 723 3254 oflensa
736 3193 824 3287 Legis
836 3193 1031 3258 reverentiam
1043 3191 1195 3251 abiiceret.
1216 3191 1327 3250 Scimus
1369 3179 1370 3196 ¹

171 3263 268 3341 enim,
282 3285 367 3344 quarn
387 3265 532 3356 proclives
553 3269 590 3327 ad
609 3268 670 3328 eius
691 3271 837 3331 fastidium
856 3269 1077 3330 riuthnrninum
1089 3279 1221 3328 mentes:
1240 3288 1326 3348 prae·
1369 3269 1370 3334 i

169 3341 269 3401 sertim
293 3340 344 3401 uhi
370 3343 539 3404 dissolutior
566 3355 609 3405 est
655 3358 782 3407 aetorum
807 3347 881 3421 vita,
920 3365 1016 3425 neque
1035 3343 1135 3406 verbis
1154 3344 1327 3424 respondet,
1369 3347 1370 3408 i

146 3417 259 3501 ¹vulgo
279 3437 381 3481 omnes
402 3441 504 3481 corum
525 3367 675 3503 exempli,
694 3425 776 3503 qnasi
795 3439 934 3484 concessa
952 3422 1146 3502 impunitate,
1164 3419 1326 3482 lasciviant.
1369 3469 1370 3484 .

81 3507 85 3516 ’
167 3495 252 3556 Idem
273 3495 360 3558 etiarn
380 3497 455 3576 (inro
476 3497 586 3578 aliquid
606 3500 748 3578 deterius)
769 3501 799 3559 in
820 3500 971 3578 discordiis
991 3498 1111 3558 accidit:
1145 3517 1213 3558 narn
1232 3497 1326 3556 maior

154 3593 234 3654 pars
255 3594 373 3633 excusso
394 3575 464 3658 ingo
485 3575 640 3655 profundit
658 3597 723 3636 suas
741 3575 894 3650 libidines,
921 3599 953 3636 ac
974 3587 1117 3643 extremum
1137 3583 1323 3656 coemptus
1369 3599 1370 3612 ¹

167 3649 303 3730 erumpit.
328 3650 425 3711 Porro
445 3653 516 3712 tun'c
536 3651 679 3712 ardebant
697 3653 810 3714 scribae
829 3653 958 3726 avaritia,
978 3649 1141 3711 ambitione
1157 3645 1323 3730 turgebant,
1369 3700 1370 3720 .

165 3739 255 3788 notae
276 3739 361 3788 er'aat
379 3747 482 3788 eorum
501 3728 632 3810 rapinae,
651 3729 845 3790 formidabilis
864 3729 1029 3804 crudelitas,
1047 3739 1191 3810 mutaque
1208 3744 1321 3785 norum
1369 3733 1370 3814 t

164 3803 330 3884 corruptio,
349 3817 382 3864 ut
401 3803 494 3866 videri
535 3818 635 3866 assent
653 3805 684 3866 in
696 3807 786 3890 Legis
804 3807 955 3868 interitum
975 3803 1170 3884 conspirasse.
1195 3801 1324 3864 Adhaec
1369 3841 1370 3882 ,

164 3901 272 3960 purum
291 3893 322 3942 et
341 3880 501 3964 genuinum
547 3882 608 3963 egis
632 3901 748 3944 sensum
772 3884 868 3964 pravis
892 3879 959 3943 suis'
974 3879 1151 3958 ,commentis
1172 3890 1322 3972 perverte-
1369 3895 1370 3926 t

164 3968 243 4031 rant,
261 3968 295 4017 ut
314 3969 472 4041 cogeretur
483 3957 615 4019 Christus
635 3959 742 4020 acriter
760 3981 826 4020 cum
846 3959 915 4040 ipsis
935 3958 1024 4020 contii
1050 3977 1113 4018 ere:
1136 3977 1207 4036 qara
1227 3957 1322 4016 adex-

164 4033 372 4122 stinguendarn
395 4035 525 4096 veritatis
549 4035 646 4098 lucem
670 4036 744 4096 mira
768 4035 864 4096 rabies
886 4055 939 4098 eos
963 3977 1088 4096 ferebat„
1128 4035 1238 4114 ltaque
1257 4032 1322 4112 quia

164 4109 327 4184 periculum
347 4123 420 4187 erat,
439 4132 477 4172 ue
495 4111 581 4172 multi
599 4113 706 4193 partim
718 4133 751 4172 ex
764 4112 870 4172 talibus
882 4111 1067 4194 corruptelis,
1086 4111 1199 4192 partim
1212 4132 1247 4172 er
1259 4129 1320 4170 cer-

164 4183 304 4244 taminum
323 4187 459 4266 tumultu,
479 4200 680 4270 contemptum
696 4189 786 4250 totius
797 4187 915 4269 pietatis
926 4187 1128 4270 conciperent,
1147 4186 1320 4268 tempestive

67 4314 69 4323 t
162 4260 294 4319 occurrit
309 4262 441 4332 Christus
461 4283 494 4326 ac
513 4285 669 4348 perperam
688 4266 752 4326 heri
771 4265 955 4358 pronuntiat,
973 4265 998 4325 si
1017 4263 1149 4326 oti-vitta
1170 4264 1319 4326 bominum

161 4353 279 4414 pessum
298 4349 346 4400 eat
363 4360 432 4422 vera
450 4341 576 4424 religio,
591 4355 636 4406 ¹et
656 4361 690 4406 ea
709 4342 799 4428 Legis
822 4341 987 4408 reverentia
1008 4341 1167 4440 quicquam
1189 4339 1317 4405 decedat·

1367 4461 1370 4580 l
