2778 4838
286 227 368 306 (111.
406 225 479 301 „T'u
498 243 530 287 es
550 223 699 302 Christus,
717 210 808 288 Filius
827 225 887 289 Dei
906 229 1076 310 viventes)
1199 239 1256 302 m

85 375 271 459 colligimus,
286 379 471 469 perspicacia
482 369 600 440 destitui
612 379 752 442 humanas
771 394 895 457 mentes,
915 402 971 462 qua
989 383 1255 465 ‘coelestissapien-

86 454 151 514 tiae
171 466 312 534 mysteria
331 456 362 514 in
377 455 497 517 Christo
517 456 690 534 abscondita
710 459 890 538 percipiant:
910 459 970 520 imo
991 479 1093 520 omues
1113 460 1257 531 humanos

86 551 194 590 sensus
216 531 270 610 hac
291 531 320 591 iu
341 543 425 611 parte
446 533 582 608 delicere,
604 535 699 593 donec
720 535 822 596 oculos
842 535 930 596 nohis
951 536 1063 616 aperiat
1080 536 1179 611 Deus,
1204 537 1257 616 qui

90 608 155 666 eius
177 607 305 690 gloriam
324 608 354 666 in
376 608 495 670 Christo
516 621 646 669 cernant.
686 611 781 672 Nemo
808 611 909 691 itaque
933 633 987 673 suo
1008 613 1141 688 acumine
1161 613 1257 672 conh-

88 705 140 742 sus
160 705 195 743 su
219 683 291 744 erbe
311 697 499 765 prorumpat,
538 687 589 746 sed
615 686 762 747 humiliter
788 689 888 748 doceri
914 710 969 750 nos
996 689 1073 748 intus
1092 689 1257 752 sinamusa

87 759 182 819 Patre
197 703 358 851 luminum,
377 773 411 820 ut
429 761 507 822 solus
529 763 591 822 eius
602 763 728 843 Spiritus
749 764 886 826 tenebras
905 777 1021 826 nostras
1040 764 1174 825 illustret.
1193 767 1258 826 Iam

87 855 164 896 vero
186 857 238 916 qur
259 837 316 898 fide
337 837 439 898 donati
459 850 536 914 sunt,
556 839 866 919 propriae-coecitatis
886 843 999 903 conscii
1014 840 1083 902 Deo
1104 853 1256 923 acceptum

89 911 206 974 referre
228 915 352 988 discant,
373 914 453 993 quod
473 915 562 994 ipsius
584 928 635 975 est
998 927 1000 932 ’
1144 923 1147 930 “
1287 925 1296 946 ’

168 995 215 1054 18.
255 989 459 1067 Anagnutes
478 990 537 1051 tibi.
587 993 640 1053 llis
663 993 761 1054 verbis
787 994 917 1056 declarat
943 995 1095 1069 Christus,
1128 1007 1255 1074 quanto-

112 1083 164 1125 ere
191 1066 249 1125 sihi
274 1067 388 1202 placeat
413 1068 494 1127 Petri
520 1068 685 1146 consessio,
723 1072 805 1164 quod
829 1084 888 1132 um
914 1072 1012 1153 amplo
1039 1093 1103 1133 eam
1124 1071 1255 1150 praemio

112 1141 241 1224 'gnatun
309 1145 343 1204 tsi
364 1145 441 1204 enim
462 1145 518 1204 iam
539 1145 654 1206 Simoni
675 1148 818 1228 discipulo
838 1150 1019 1229 imposuerat
1033 1148 1116 1207 Petri
1137 1167 1257 1222 nomen,

91 1231 123 1278 et
143 1220 236 1302 gratis
255 1219 433 1302 Apostolum
455 1222 511 1280 sihi
530 1221 742 1298 destinaverat,
780 1225 852 1285 haec
872 1237 987 1300 tamen,
1027 1239 1101 1304 quae
1130 1225 1258 1305 gratuita

91 1308 179 1356 erant
200 1297 290 1369 dona,
310 1297 391 1376 quasi
411 1299 555 1358 mercedis
575 1299 643 1360 loco
665 1301 734 1360 fidei
753 1297 882 1371 ascrihit',
903 1303 983 1380 quud
1004 1300 1173 1380 Scriptorae
1193 1320 1257 1359 nou

90 1385 136 1461 est
155 1371 317 1432 insolitum.
357 1373 454 1434 Porro
475 1359 585 1455 duplici
605 1377 720 1438 honore
737 1387 859 1436 ornatur
873 1378 991 1436 Petrus:
1012 1397 1079 1436 nam
1093 1375 1176 1455 prior
1187 1395 1256 1454 spe-

91 1469 160 1539 cres·
172 1451 209 1509 ad
230 1449 371 1530 privatam
393 1450 454 1510 eius
473 1451 596 1512 salutem
615 1476 628 1512 s
652 1465 738 1527 ectat,
757 1454 907 1534 posterior
915 1473 987 1513 vcro
1004 1453 1038 1512 ad
1050 1473 1154 1510 munus
1170 1450 1255 1531 Apo-

89 1527 239 1586 stolrcum.
280 1526 381 1600 Quum
402 1528 487 1600 dicit,
509 1529 560 1588 To
577 1551 608 1588 es
655 1544 742 1603 mus,
764 1529 928 1604 confirmat,
948 1550 1009 1588 non
1031 1529 1134 1588 frustra
1155 1548 1187 1588 se
1208 1527 1251 1586 illi

89 1603 152 1662 hoc
172 1614 259 1662 autea
281 1623 390 1664 nomen
412 1605 534 1679 dedisse,
554 1607 622 1685 quia
641 1607 723 1668 vivus
744 1607 778 1665 in·
795 1607 907 1687 templo
929 1604 986 1664 Dei
1006 1605 1079 1685 lapis
1097 1625 1178 1666 suam
1197 1615 1257 1664 sta-

90 1679 240 1739 bilitatem
261 1679 396 1741 retineat.
423 1681 601 1762 Quanquam
620 1683 725 1744 hocad
746 1703 848 1744 omnes
867 1682 966 1742 fideles
987 1680 1161 1755 extenditur,
1181 1701 1257 1760 quo-

89 1777 157 1815 rum
178 1755 289 1836 singuli
308 1769 376 1816 sunt
399 1755 458 1820 Dei
479 1758 604 1838 templa,
631 1771 662 1820 et
681 1759 738 1820 lide
759 1759 837 1820 inter
856 1780 886 1820 se
907 1779 973 1818 com
995 1759 1052 1818 acti
1071 1778 1162 1817 unum
1180 1769 1257 1818 tem-

88 1833 173 1912 plum
193 1832 279 1894 simul
301 1833 433 1895 elliciunt
452 1837 544 1917 (Eph.
563 1843 598 1910 2,
616 1840 694 1912 21.):
730 1837 833 1896 eximia
857 1849 954 1896 tamen
975 1781 1057 1894 l'etri
1082 1833 1160 1893 inter
1184 1833 1257 1894 alios

90 1909 266 1968 excellentia
287 1922 416 1984 notatur,
437 1913 681 1992 quemadmodum
698 1914 820 1994 quisque
835 1934 889 1973 suo
903 1911 1008 1972 ordine
1041 1931 1075 1971 ro
1089 1909 1257 1970 donationis

90 1984 205 2046 Christi
224 2007 359 2048 mensura
402 1983 444 2048 lus
463 1989 510 2050 vel
529 1977 625 2051 minus'
644 1990 760 2069 accipit.
799 1990 897 2066 Susper
919 1986 995 2048 lune
1040 2002 1139 2048 mm.
1177 1986 1257 2046 Hine

89 2075 190 2152 patet,
213 2063 365 2142 quomodo
379 2009 468 2125 PPetri
488 2085 597 2127 nomen
618 2078 678 2127 tam
697 2067 727 2125 in
749 2065 879 2128 Simonis
899 2086 1021 2140 nomen,
1063 2085 1128 2123 uam
1149 2063 1256 2123 deinde

90 2161 121 2198 ιιι
143 2139 218 2200 alios
238 2140 340 2201 fideles
360 2154 523 2222 competat:
575 2142 623 2202 uia
648 2143 762 2204 scilicet
789 2141 904 2203 lundati
930 2162 1020 2221 super
1039 2087 1150 2202 derisui
1168 2140 1257 2200 fidem
1280 2145 1283 2154 ’

89 2228 196 2278 sancto
218 2237 365 2277 consensu
384 2218 416 2276 in
436 2163 586 2299 spirituale
607 2220 771 2280 aedificium
792 2229 940 2298 aptantur,
959 2217 1085 2276 utDeus
1106 2215 1138 2274 in
1157 2215 1256 2274 medio

89 2293 101 2352 i
122 2313 225 2354 sorum
246 2293 381 2354 resideat.
418 2294 493 2354 Nam
514 2294 649 2355 Christus
668 2295 725 2356 hoc
746 2313 900 2354 commuue
921 2294 986 2354 lore
1005 2293 1096 2352 totius
1107 2291 1260 2351 Ecclesiae

124 2371 315 2430 uelamentum
336 2370 527 2444 denuntians,
557 2371 695 2462 quicquid
724 2371 840 2450 piorum
862 2370 892 2428 in
912 2370 1024 2429 mundo
1044 2369 1173 2427 luterum
1194 2379 1257 2428 erat

90 2447 184 2507 Petro
206 2466 371 2530 aggregare
390 2444 498 2506 uoluit:
519 2465 576 2506 acsr
597 2447 723 2519 dixisset,
742 2448 805 2506 Vos
826 2446 942 2526 quidem
963 2466 1042 2504 nunc
1054 2443 1175 2578 pusillus
1188 2439 1267 2504 estis*

91 2524 247 2583 homiuum
268 2543 415 2596 uumerus,
435 2523 563 2602 ideoque
584 2533 678 2583 vestra
699 2522 770 2582 haec
784 2521 931 2582 confessio
944 2541 1046 2601 parum
1079 2519 1256 2602 ahetdigni-

90 2601 159 2660 tatis
181 2597 212 2659 iu
234 2600 410 2679 praesentia,
430 2600 481 2660 scd
501 2598 585 2659 brevi
606 2599 745 2660 adveniet
762 2609 887 2678 tempus,
908 2617 968 2688 quo
987 2595 1142 2678 magnifice
1160 2615 1255 2654 emer-

91 2689 154 2768 get,
175 2698 210 2737 ac
231 2677 324 2736 multo
344 2696 376 2737 se
395 2675 480 2737 latius
500 2677 643 2758 proferet
678 2677 778 2754 Atque
800 2676 857 2735 hoc
877 2673 1038 2734 animandis
1059 2673 1095 2732 ad
1116 2683 1256 2732 coustan-

88 2765 162 2812 tram
183 2752 333 2832 discipulis
353 2773 415 2814 non
456 2774 537 2812 arum
556 2751 657 2827 valuit,
676 2752 756 2834 quod
768 2750 897 2831 quamuis
915 2750 1040 2809 obscura
1060 2771 1094 2809 ac
1116 2747 1256 2840 ignobilis
1291 2761 1294 2774 ¹

93 2841 172 2890 esset
193 2849 296 2890 eorum
317 2828 405 2905 tides,
434 2774 542 2891 llelecti
567 2841 665 2890 tamen
694 2840 790 2888 essem
809 2848 826 2887 a
845 2827 978 2909 Domino
999 2825 1080 2906 quasi
1100 2825 1257 2905 primitiae,

91 2916 126 2966 ut
144 2907 266 2967 taudem
288 2927 320 2966 es
340 2905 393 2966 illo
413 2905 631 2987 contemptibili
651 2906 771 2966 exordio
788 2917 922 2996 surgeret
932 2923 1009 2963 nova
1019 2902 1161 2974 Ecclesia,
1182 2920 1257 2982 quae

92 2983 198 3044 victrix
217 2993 307 3042 steret
327 2995 430 3044 contra
452 3003 553 3044 omnes
575 2982 738 3043 inferorum
758 2982 914 3042 machmas.
954 2979 1085 3039 Tametsi
1112 2977 1189 3038 euim
1209 2976 1257 3036 vel

93 3060 131 3120 ad
151 3060 241 3120 fidem
261 3059 306 3120 vel
327 3059 363 3118 ad
382 3060 545 3121 Ecclesiam
561 3080 733 3152 pronomen
753 3081 817 3118 eom
835 3057 940 3118 relerri
982 3067 1077 3130 otest,
1106 3055 1258 3135 posterior

91 3148 193 3196 umen
213 3157 314 3196 sensus
328 3135 429 3195 melius
443 3149 592 3210 couventt,
613 3136 694 3215 quod
706 3135 809 3196 tonna
821 3136 939 3194 omn'em
952 3078 1079 3194 datanae
1093 3133 1258 3214 potentiam

92 3214 203 3274 invicta
222 3211 613 3274 stabitEcclesiaehrmitast
634 3232 742 3292 nempe
763 3211 830 3291 quia
846 3211 1018 3272 inconcussa
1036 3221 1181 3290 perpetuo
1189 3229 1257 3268 ma·

93 3289 180 3350 uehit
199 3287 259 3361 Dei
278 3289 395 3364 veritas,
415 3291 462 3350 cui
482 3291 619 3350 innititur
639 3288 700 3349 eius
720 3288 800 3348 fides.
824 3290 923 3368 Atque
944 3287 1010 3347 huic
1030 3286 1193 3347 sententiae
1209 3305 1258 3344 re·
1367 3297 1368 3308 ¹

92 3364 225 3447 spondet
250 3364 298 3424 illa
325 3365 445 3426 loannis
469 3367 510 3446 (Ι.
531 3374 633 3457 eph,
649 3367 709 3442 1.),
740 3365 823 3454 Hace
848 3375 893 3424 est
915 3363 1039 3454 victoria
1064 3383 1138 3443 quae
1155 3361 1258 3452 vviucit

91 3440 1258 3598 tttltmu“litltttnletttt'tttlttttet'ttttutttl„tlt

92 3595 183 3656 finem
208 3614 300 3674 nsque
327 3594 364 3655 ah
386 3595 467 3654 omni
492 3617 566 3654 noxa
593 3595 648 3654 tuti
668 3592 843 3662 manebunt:
883 3615 951 3654 narn
972 3594 1052 3673 quod
1072 3593 1108 3651 de
1129 3607 1257 3667 corpore
1367 3591 1368 3602 ¹

90 3671 245 3733 Ecclesiae
265 3671 386 3745 dicitur,
410 3671 446 3731 ad
465 3671 579 3753 singula
600 3671 661 3732 eius
680 3669 812 3732 membra
831 3671 979 3752 pertinet,
1004 3679 1145 3760 quatenus
1166 3683 1257 3722 uuum

93 3747 213 3808 suntin
235 3747 366 3808 Christo.
406 3747 484 3808 Hinc
505 3759 794 3827 tamennonemnr,
823 3769 909 3827 quam
935 3746 985 3806 diu
1010 3765 1041 3804 ιιι
1062 3741 1147 3802 terris
1167 3759 1255 3820 pere-

92 3823 263 3907 griuahitur
272 3823 414 3899 Ecclesia,
436 3825 555 3884 minime
569 3825 696 3905 quietam
713 3825 790 3897 lore,
809 3825 861 3884 sed
881 3825 917 3884 ad
936 3821 1044 3912 multop
1064 3817 1196 3904 insultus
1207 3836 1256 3875 ex-

91 3901 231 3992 positam.
270 3901 345 3960 Nam
370 3901 439 3962 ideo
464 3913 591 3980 negatur
608 3901 744 3982 superior
769 3901 835 3960 lore
856 3899 964 3972 Satan,
994 3914 1061 3975 quia
1080 3893 1123 3952 illi
1142 3893 1256 3975 assidue

90 3978 218 4038 mlestus
239 3977 303 4036 erit.
341 3980 425 4068 Ergo
445 3989 478 4036 ut
498 3977 551 4036 hac
564 3977 674 4038 Christi
693 3997 768 4037 voce
788 3976 857 4036 ireti
877 3994 979 4035 secure
999 3970 1161 4064 gloriamur
1181 3989 1255 4028 cou-

90 4067 138 4114 tra
161 4052 316 4129 Satanan,
348 4065 378 4114 et
397 4074 453 4113 ram
474 4053 532 4112 lide
551 4053 761 4134 triumphamus
782 4053 818 4112 de
839 4050 975 4112 omnihus
995 4069 1056 4108 erus
1075 4045 1185 4126 copiis,
1215 4046 1256 4106 ita

89 4151 209 4192 rursum
229 4129 362 4205 sciamus,
382 4131 463 4210 quasi
484 4129 632 4191 classicum
652 4129 739 4190 nohis
759 4129 835 4198 caui,
854 4139 888 4186 ut
906 4126 942 4186 ad
960 4124 1128 4185 bellandum
1139 4143 1257 4204 semper

91 4206 230 4268 instructi
256 4207 408 4288 paratique
433 4207 529 4268 simus.
569 4204 728 4273 Poenarum
750 4205 872 4264 nomine
902 4201 1026 4284 quodvis
1052 4201 1204 4283 potentiae
1225 4210 1256 4260 ct

91 4281 269 4346 munitionis
289 4301 382 4366 genus
401 4283 515 4358 notari,
533 4282 607 4342 nihil
626 4282 746 4344 dubium
765 4293 818 4354 est,

171 4365 220 4426 19·
259 4355 300 4418 Bt
323 4357 398 4423 dato
426 4359 478 4424 tihi
500 4359 602 4422 clm.
647 4359 704 4422 Hie
735 4359 792 4422 iam
823 4357 862 4418 de
886 4353 1007 4438 puhlieo
1032 4375 1171 4429 munere,
1194 4353 1256 4422 ,hoe
