2766 4834
445 283 594 362 (tt—ts.
619 281 783 364 Pastores.)
1079 245 1081 254 Ι
1137 279 1177 357 hl

72 433 140 493 nium
161 433 303 496 exuaneis
330 453 424 514 φιιιιι
451 435 631 512 domesticis,
655 436 764 518 Ephes.
790 453 854 514 cap.
873 439 907 509 2,
932 437 979 502 17-
1001 435 1083 498 “Set
1130 437 1178 499 ui'a

71 529 136 588 nsque
161 510 194 568 ad
214 509 332 570 Christi
366 513 613 573 resurrectionem
639 512 786 594 peculiare
803 523 883 593 ,erat
905 511 1010 573 foedus
1034 534 1100 574 cum
1109 459 1177 576 qlu-

70 585 132 658 laeis,
148 586 224 645 ideo·
232 585 379 668 Angelus
398 607 450 648 eos
473 610 488 648 a
508 589 628 670 reliquis
647 589 784 681 gentihus
804 601 949 669 segregat.

121 670 161 726 11.
195 661 300 722 Num
324 663 574 728 esiwhs'sbodie.
621 665 677 726 Hic
694 665 868 747 exprimitur
892 685 977 724 causa
998 665 1112 748 gaudii,
1137 667 1177 725 si-

68 738 108 798 cuti
127 759 216 818 nuper
241 742 473 802 admonuimus:
503 764 610 823 nempe
636 743 703 822 quia
728 753 813 814 patus
836 741 874 800 sit
897 741 1081 824 Redemptor
1107 743 1179 802 ulim

67 814 208 892 promissus,
233 817 288 896 qui
308 817 375 878 Dei
395 818 556 880 Ecclesiam
584 821 614 879 in
639 831 745 880 statum
769 839 852 880 suum
878 818 1020 878 restituat.
1072 820 1179 900 Neque

67 891 121 948 enin
143 902 282 972 tanquam
310 895 352 954 de
378 914 412 955 re
431 914 551 975 prorsus
570 896 677 977 ignota.
699 896 831 975 loquitur
849 894 997 976 Angelus,
1022 896 1072 955 sed
1095 895 1178 978 lega-

67 967 129 1026 tionis
144 989 211 1029 suae
232 970 397 1030 exordium
418 992 453 1030 ex
470 972 552 1054 Lege
573 984 603 1032 et
621 971 681 1032 Pro
705 972 779 1032 betis
794 970 896 1055 ,sumit
916 971 983 1050 quia
1004 973 1081 1050 apud
1101 993 1178 1064 geu·

66 1043 109 1101 ties
125 1055 152 1103 et
169 1045 322 1126 profanos
346 1047 400 1108 hac
420 1047 563 1139 loquendi
582 992 708 1108 formulis
725 1049 831 1108 frustra
851 1069 919 1106 usus
933 1060 1022 1108 esset:
1043 1049 1178 1110 Christus
1285 1107 1289 1130 ‚

66 1119 181 1181 Dominus
206 1134 298 1182 natus
322 1136 370 1184 est
393 1125 479 1186 vohis
500 1124 645 1186 Salvator.
688 1125 800 1184 Eadem
842 1133 941 1202 troque
965 1126 1040 1184 ratio
1061 1139 1106 1186 est
1126 1147 1179 1186 cur

65 1212 259 1272 commemoret,
281 1212 392 1260 natum
412 1220 475 1262 esse
494 1202 524 1260 iu
545 1203 619 1262 urhe
638 1201 748 1261 David:
770 1145 851 1280 quob
868 1219 1079 1278 supervacuum
1098 1201 1179 1263 soret

65 1272 101 1330 nisi
116 1273 147 1332 ad
164 1277 378 1337 renovandam
405 1279 632 1358 promissionum
652 1276 839 1349 memoriam,
866 1295 940 1362 quae
962 1278 1066 1356 passim
1087 1288 1197 1361 notae!

65 1361 85 1405 et
99 1347 218 1411 celebres
235 1365 330 1412 eram
350 1355 430 1414 inter
441 1355 575 1415 Iudaeos.
613 1354 752 1434 Denique
765 1351 897 1434 Angelus
917 1371 1084 1414 sermonem
1094 1371 1179 1416 suum

65 1424 218 1488 auditoribus
257 1431 394 1510 aptavit,
435 1432 484 1510 qni
522 1431 682 1512 promissae
713 1426 927 1489 redemtionis
961 1419 1023 1488 dou
1080 1449 1180 1491 rursus

67 1499 136 1578 ignari
153 1515 255 1578 erant,
285 1519 320 1566 et
340 1508 535 1590 Evangelium
560 1529 626 1568 cum
646 1507 734 1588 Legis
754 1515 784 1565 et
829 1503 1018 1586 rophetarum
1044 1451 1182 1568 dbctrina
1264 1557 1267 1568 .

67 1577 202 1654 coniunxit,
232 1581 328 1644 sicuti
354 1591 398 1644 ex'
415 1603 451 1643 eo
476 1586 561 1644 sonte
585 1595 693 1644 manat.
745 1581 846 1658 Quum
871 1591 968 1640 autem
994 1580 1085 1658 σωτήρ
1113 1582 1181 1662 plus

67 1650 160 1714 Graecis
179 1659 344 1738 exprimat,
363 1671 439 1720 teste
460 1660 618 1736 Cicerone,
639 1681 725 1740 quam
745 1658 858 1718 Latinis
878 1657 1030 1734 Servatur,
1053 1678 1108 1719 nec
1129 1677 1180 1718 ex-

68 1737 107 1785 stet
125 1751 230 1793 numen
249 1731 399 1796 Latinum
424 1739 503 1817 quod
528 1737 573 1796 illi
591 1737 785 1828 respondeat,
808 1735 898 1796 satius
921 1734 993 1793 mihi
1017 1733 1109 1798 visum
1136 1747 1181 1796 est

68 1801 164 1866 barbare
186 1808 293 1892 loqui,
322 1835 411 1892 quam
432 1835 466 1874 cx
487 1813 597 1875 Christi
621 1825 728 1875 virtute
753 1811 864 1893 aliquid
890 1811 1061 1872 diminuere.
1114 1813 1192 1874 Nee·

68 1879 155 1956 dubito,
173 1889 246 1976 quin
269 1889 354 1950 idem
373 1888 494 1972 vulgato
514 1890 670 1970 interpreti
691 1902 721 1950 et
739 1887 859 1952 vetustis
873 1886 1024 1948 Ecclesiae
1046 1890 1180 1950 docturi-

70 1952 106 2013 lus
121 1959 202 2021 luent
222 1965 402 2027 eonsilium.
436 1967 573 2027 Solemus·
595 1989 667 2050 ergo
688 1967 796 2027 dicitur
815 1964 948 2029 Christus
990 1965 1041 2045 qui
1061 1966 1180 2046 plenam

68 2032 162 2121 salntem
173 2041 308 2102 confert
349 2043 414 2102 Iam
434 2045 464 2104 et'
475 2064 642 2124 pronomen
660 2041 738 2104 uobis
755 2062 891 2124 magnam
912 2008 1001 2102 habet
1013 2041 1179 2124 emphasim

72 2127 119 2200 pu
134 2134 191 2175 non
209 2122 406 2202 magntlpere
425 2120 539 2180 iuvaret
556 2121 674 2195 andire,
694 2133 794 2180 natum
815 2139 876 2180 esse
897 2118 996 2180 salutis
1016 2132 1179 2196 auctorem,

70 2192 241 2274 usqueque
268 2197 331 2257 sihi
352 2208 453 2256 natum
478 2218 539 2257 esse
559 2198 726 2262 constituat.
769 2199 805 2256 Iu
823 2196 909 2255 'hunc
933 2195 1053 2254 modum
1073 2196 1179 2258 Iesaias

70 2273 160 2353 Uilli,
177 2276 221 2343 R,
240 2272 330 2332 Puer
348 2285 434 2334 natus
454 2285 498 2334 est
516 2273 614 2350 nohis,
633 2273 709 2334 filius
730 2275 812 2334 datus
833 2283 877 2332 est
895 2270 993 2330 nohis.
1032 2271 1107 2334 Item
1120 2273 1178 2332 Za-

72 2337 157 2402 charias
175 2367 238 2428 cap.
258 2357 292 2423 9,
313 2353 354 2422 6.,
373 2349 452 2410 Ecce
471 2351 533 2410 Rex
551 2362 617 2412 tuus
636 2351 717 2410 venit
736 2351 791 2410 tihi
810 2370 867 2430 pau
889 2367 931 2406 er.

127 2425 169 2484 12
226 2425 271 2484 Et
298 2423 355 2486 boo
378 2425 456 2486 vohis
478 2431 601 2502 signum.
647 2426 758 2486 Obviat
782 2367 915 2504 Angelus
937 2422 1092 2500 scandalo,
1118 2443 1179 2506 quo

73 2487 137 2578 ll‘m
157 2513 313 2588 pestutum
344 2501 481 2582 impediri
504 2505 590 2564 facile
615 2513 692 2564 erat:
724 2503 809 2581 quale
834 2499 913 2560 enim
942 2498 1101 2558 ludibrium
1126 2513 1180 2578 est,

73 2569 144 2630 oderi
164 2597 193 2635 ιιι
213 2578 357 2658 praesepi
376 2577 537 2652 iacentem,
562 2581 612 2661 qui
637 2601 653 2639 a
673 2579 740 2638 Deo
761 2577 821 2636 Rex
843 2573 945 2633 missus
963 2574 1001 2632 sit
1028 2585 1058 2632 et
1076 2575 1180 2638 unicus

73 2639 199 2713 Salvator?
237 2657 327 2738 Ergo
354 2675 393 2714 ne
412 2670 470 2716 tam
490 2657 553 2716 vilis
580 2670 610 2716 et
629 2656 742 2716 abiecta
764 2651 873 2715 Christi
895 2649 1026 2709 conditio
1047 2662 1180 2730 pastores

76 2719 194 2788 aChristi
213 2731 275 2794 lide
298 2731 476 2806 absterreat,
501 2735 644 2814 praedicit
663 2731 718 2792 illis
736 2727 882 2816 Angelus,
909 2725 978 2860 puid
996 2725 1091 2817 'visuri
1110 2725 1178 2786 sint.

74 2793 148 2876 Atque
167 2805 242 2869 hunc
253 2809 405 2882 ordinem,
426 2811 474 2888 qui
494 2811 634 2871 absurdus
655 2821 685 2868 et
703 2829 799 2888 prope
817 2805 912 2866 ridicu
926 2823 957 2860 us
975 2802 1068 2863 videm
1080 2817 1182 2884 posset

70 2869 176 2940 lmmanu
201 2883 316 2947 iudicio
365 2885 496 2962 quotidie
523 2887 669 2946 Dominus
694 2905 763 2966 erga
788 2904 842 2943 nos
866 2891 958 2940 tenet.
1005 2879 1080 2958 Nam
1104 2901 1180 2942 voce

76 2945 202 3042 Evangelii
224 2983 241 3023 e
265 2927 355 3022 coelo
377 2963 496 3022 demissa
518 2964 667 3024 Christum
687 2961 825 3021 crufixum
852 2977 917 3047 nus·
930 2956 1067 3036 amplecti
1086 2957 1180 3050 iubet,

75 3035 97 3080 ‘l
113 3050 185 3112 ttgna
204 3037 356 3118 ploponit
379 3038 410 3097 in
430 3039 555 3100 terrenis
582 3062 615 3100 ac
640 3039 755 3099 caducis
779 3038 946 3106 elementis,
972 3053 1047 3113 qnae
1072 3056 1126 3096 nos
1147 3057 1181 3096 ιιι
1260 3092 1263 3098 ,
1354 3055 1355 3070 ³

77 3099 174 3194 8¹⁰er
197 3114 306 3176 heatae
326 3114 553 3181 immortalitatis
573 3115 723 3176 extollant.
766 3115 812 3174 lta
837 3111 1016 3194 spiritualem
1041 3110 1179 3172 iustitiam

76 3178 315 3266 anteponemus,
334 3190 491 3270 pauxillum
511 3214 604 3272 aquae
615 3193 702 3252 nohis
721 3203 789 3251 ante
801 3191 904 3250 oculus
915 3187 1011 3268 ponit,
1030 3200 1181 3249 aeternam

76 3271 163 3322 ¹¹11mae
181 3269 272 3328 vitam
293 3268 399 3358 exiguo
442 3269 502 3332 anis
523 3283 553 3329 et
570 3271 632 3330 vini
649 3280 737 3362 gustu
757 3267 902 3350 obsignat.
942 3263 1058 3338 Quodsi
1100 3277 1181 3326 asto-

79 3337 222 3426 respinine
236 3344 370 3404 olsendst
381 3291 543 3418 stabulum,¹
557 3366 713 3426 quomsnus
733 3355 762 3404 et
773 3342 895 3404 salutem
928 3352 1036 3402 etanta
1049 3287 1181 3420 ChrIsto,

79 3419 100 3462 ‘l
114 3431 164 3474 ‘ms
186 3423 285 3482 adhuc
306 3420 426 3482 infantis
446 3423 626 3502 imperiose
646 3421 833 3494 submittant,
858 3361 970 3479 nullum
996 3417 1180 3498 quantumvis

81 3499 276 3574 contemptibile
295 3497 411 3587 signum
433 3499 590 3559 obscurare
610 3499 687 3580 apud
706 3517 760 3557 uos
781 3497 976 3578 eiusglu'riam
989 3495 1088 3572 dehet,
1107 3497 1181 3575 quin
1227 3521 1238 3526 ·

79 3559 169 3643 saltem,
187 3595 221 3636 ex
244 3595 305 3653 quo
326 3593 389 3651 spse
409 3574 440 3633 in
460 3575 575 3636 coelum
595 3573 740 3648 ascendit,
760 3583 791 3634 et
808 3577 892 3634 sedet
909 3575 946 3634 ad
965 3571 1060 3633 Patria
1080 3573 1181 3633 dexte·
1246 3643 1248 3649 y

78 3655 130 3714 '²¹⁹2
144 3644 291 3710 humiliter
310 3671 378 3710 eum
397 3652 560 3712 adoremus.
868 3673 886 3696 ’-
976 3677 982 3696 ¹
1195 3708 1200 3730 ,

134 3727 173 3786 ut
209 3727 315 3787 Subito
334 3727 425 3810 offuit
442 3727 599 3789 ηιιιὲιὶιιιιῑο.
642 3725 773 3788 Tametsi
792 3726 823 3798 iu
842 3727 961 3807 Angelo
984 3744 1046 3783 uno
1067 3723 1180 3784 exhihi-
1203 3740 1205 3751 ¹

80 3795 124 3852 lum
143 3797 234 3863 luerat
259 3803 409 3884 specimen
438 3805 527 3865 divini
550 3805 693 3886 fulgoris,
721 3803 817 3862 voluit
842 3815 940 3862 tamen
965 3803 1047 3862 Dans
1071 3799 1180 3890 Filium

81 3883 140 3931 ‘ltu
161 3881 343 3960 splendidius
370 3900 490 3942 ornare:
523 3903 618 3961 neque
645 3883 675 3940 ivl
705 3879 735 3938 in
761 3890 891 3940 nostram
915 3879 1011 3938 minus
1037 3895 1123 3955 quarn
1147 3897 1180 3936 ιιι

80 3957 199 4074 {Utrum
211 3957 478 4018 confirmationem.
508 3959 596 4039 Apud
607 3957 740 4018 homines
751 3957 874 4016 duorum
894 3955 942 4015 vel
959 3955 1047 4012 trium
1061 3954 1180 4014 testium
1201 3967 1212 3999 t

95 4021 131 4084 lta
151 4035 184 4094 ad
210 4032 376 4094 tollendam
396 4035 479 4093 dubit
498 4036 609 4094 tionem
628 4033 751 4108 suflicit,
776 4034 855 4111 atqui
877 4031 1011 4092 coelestis
1038 4031 1180 4091 exercitus

82 4111 124 4186 ‚lto
139 4127 278 4171 consensu
300 4121 331 4168 et
350 4131 406 4169 una
426 4057 499 4171 voci
518 4111 716 4171 testimoninm
736 4110 834 4168 reddit
845 4107 923 4167 Filio
934 4106 1001 4166 Dei.
1041 4107 1179 4181 Quantae

81 4187 146 4254 ¹8¹ltr
161 4187 344 4266 pervicaciae
363 4185 453 4261 loret,
472 4187 621 4249 cummuni
631 4187 814 4268 Angelorum
835 4183 945 4265 elogio,
966 4201 1025 4272 qpo
1046 4183 1179 4244 celebru-

80 4253 113 4308 tur
127 4276 215 4323 nostra
238 4265 270 4324 iu
283 4263 405 4326 Christo
418 4263 505 4337 salus,
524 4287 585 4324 nou
599 4261 771 4324 succinere?
799 4261 884 4320 Unde
898 4260 1072 4341 colligimus,
1092 4281 1179 4341 quam
1352 4337 1355 4346 .

83 4321 228 4401 detestabilis
247 4341 318 4402 Deo
339 4339 377 4399 sit
395 4340 593 4414 incredulitas,
613 4359 686 4420 qnae
706 4359 822 4400 suavem
843 4337 918 4396 hanc
937 4336 1013 4397 coeli
1033 4348 1063 4395 et
1082 4350 1180 4397 terrae
1268 4367 1273 4382 .

81 4392 230 4482 limoniam
250 4417 362 4482 turbet.
401 4417 543 4496 Rursum,
572 4416 637 4500 plus
658 4404 746 4497 quarn
765 4413 889 4478 helluini
906 4413 1034 4496 stuporis
1054 4413 1179 4475 convin-

311 4567 323 4597 h

506 4617 514 4649 l
