2766 4834
201 231 242 292 oo
381 223 534 287 SECTIO
556 223 613 286 111.
652 223 730 286 Iaso
747 238 902 290 stamas
923 237 965 286 nr
985 237 1158 288 manuam.
1193 215 1194 218 ’
1254 186 1260 212 l

203 371 284 438 eniin
303 376 477 458 profuisset,
502 377 560 438 dici
585 377 641 440 illis
666 377 703 438 ab
724 377 841 460 Angelo
867 381 949 458 quod
965 377 1098 440 refertur
1117 400 1133 440 a
1153 377 1248 452 Luca,
1279 381 1346 440 nisi
1370 387 1371 394 ’

202 453 295 516 Deus‘
310 453 416 514 visibili
441 453 540 534 aliquo
560 453 696 533 symbolo
716 467 837 516 testatus
857 467 949 528 esset,
973 457 1054 536 qnod
1078 454 1237 520 audiebant
1261 477 1279 516 a
1307 479 1345 520 se
1370 499 1371 504 κ

226 530 370 592 relectum
391 551 461 590 esse.
504 531 651 609 Apparuit
675 551 707 591 er
729 553 748 596 o
774 531 830 592 illis
849 532 982 613 Angelus
1008 554 1070 592 non
1093 531 1206 612 vulgari
1239 531 1346 612 aliqua

203 553 315 682 imma,
340 605 387 666 vel
405 605 468 666 sine
489 607 646 686 dignitate,
671 551 728 670 sed
743 607 783 671 sut
808 629 859 669 ore
880 608 1016 669 coelestis
1036 608 1148 689 gloriae
1168 607 1346 682 instructus,

155 706 159 718 ¹
198 685 255 764 qui
274 695 423 764 pastorum
436 682 548 742 animos
560 681 702 758 alliceret,
720 629 891 747 utrallatum
911 685 967 744 sibi
986 705 1152 746 sermonem
1172 705 1235 746 non
1252 707 1345 747 secus

203 772 292 850 atque
313 781 346 818 ex
367 777 419 821 ore
439 757 527 837 ipsius
546 757 606 820 Dei
626 761 803 840 exciperent.
842 763 916 822 Inde
936 761 1044 835 timor,
1064 763 1114 822 de.
1144 781 1181 822 uo
1202 782 1271 822 mox
1291 763 1344 822 lo-

203 848 304 916 qmtur
321 835 427 906 Lucas,
448 855 507 914 quo
529 836 681 896 humiliare
701 837 778 896 solet
796 837 877 898 Deus
898 838 1049 898 hominum
1069 783 1171 912 corda,
1189 837 1343 912 utsterho

202 933 257 974 suo
276 911 471 972 reverentiam
491 911 640 986 conciliet,
665 915 909 992 quemadmodum
928 935 1016 994 supra
1037 915 1164 994 exposui.

279 996 326 1054 10.
355 987 404 1048 Ne
420 992 550 1050 ammes.
588 989 762 1053 Exhortatio
783 990 855 1050 haec
875 991 911 1050 ad
933 989 1087 1050 levandum
1107 991 1247 1050 timorem
1267 1011 1345 1071 per-

150 1074 156 1092 *
201 1063 287 1126 tinet.
328 1064 469 1139 Quamvis
489 1065 567 1124 enim
586 1063 658 1126 utile
678 1065 726 1140 sit,
768 1065 868 1126 entelli
887 1078 967 1126 metu
987 1066 1140 1136 bominum
1159 1067 1285 1141 animos,
1306 1080 1343 1126 ut

202 1163 286 1204 suum
311 1141 378 1214 Deo
402 1141 534 1200 tribuere
563 1141 708 1201 honorem
735 1088 862 1216 discant,
891 1141 975 1202 simul
1006 1155 1105 1204 tamen
1131 1143 1344 1204 consolatione

203 1239 279 1298 opus
297 1217 424 1294 babent,
444 1239 482 1276 ne
503 1239 621 1298 prorsus
642 1218 814 1278 obruantur.
853 1219 934 1279 Fieri
954 1219 1032 1278 enim
1052 1221 1171 1299 nequit,
1195 1219 1266 1299 quin
1289 1231 1343 1280 to-

201 1305 265 1355 tum
285 1295 426 1354 mundum
452 1293 611 1377 absorbeat
629 1293 688 1353 mi
708 1296 858 1371 maiestas,
887 1295 942 1356 nisi
963 1293 1118 1356 dulcedine
1144 1295 1241 1374 aliqua
1260 1308 1344 1356 tem-

120 1425 123 1437 ,
202 1381 290 1452 peret
310 1372 389 1449 quod
408 1371 439 1429 in
460 1386 490 1430 se
510 1369 600 1430 habet
611 1371 741 1431 terroris.
781 1372 854 1433 Iden
876 1371 997 1452 reprobi
1018 1373 1124 1433 adDei
1144 1385 1344 1451 conspectum

203 1447 349 1508 exanimes
374 1447 550 1521 concidunt,
575 1446 643 1526 quia
667 1446 724 1506 illis
749 1469 811 1508 non
837 1460 960 1529 apparet
984 1449 1039 1508 nisi
1060 1441 1188 1538 iudex3'
1203 1449 1345 1529 Angelus

92 1581 106 1596 ,
203 1536 312 1597 autem,
330 1535 364 1582 ut
383 1535 499 1584 recreet
517 1535 667 1602 pastorum
680 1523 803 1596 animos,
823 1525 853 1584 iu
874 1525 961 1584 alium
983 1525 1072 1584 finem
1092 1546 1123 1584 se
1136 1545 1252 1585 missum
1275 1546 1343 1586 esse

202 1611 340 1673 testatur,
365 1620 473 1678 nempe
498 1611 532 1658 ut
550 1599 608 1658 Dei
627 1597 855 1661 misericordiam
882 1601 1059 1670 annuntiet.¹
1090 1602 1165 1662 Nam
1186 1601 1257 1661 haec
1279 1623 1343 1662 una

200 1695 259 1738 vox
277 1696 339 1735 non
359 1677 449 1735 modo
470 1674 616 1754 collapsos
636 1675 769 1736 homines
791 1677 888 1760 erigit,
907 1679 957 1738 sed
978 1677 1110 1758 perditos
1132 1677 1286 1751 instaurat,
1308 1689 1344 1737 et
1370 1741 1371 1748 χ

201 1763 323 1814 revocat
343 1763 475 1823 a-rnorte
495 1750 525 1810 in
545 1752 652 1827 vitam,
673 1749 725 1815 ubi
743 1753 842 1817 Deum
861 1754 917 1815 sibi
937 1751 1097 1836 propitium
1123 1769 1185 1814 esse
1204 1755 1342 1814 audiunt.

201 1827 359 1890 Praefatur
378 1838 475 1888 autem
494 1827 635 1909 Angelus,
654 1847 685 1888 se
705 1831 879 1890 annuntiare
897 1827 1209 1907 magnumgaudtumr
1229 1831 1343 1891 deinde

225 1903 302 1965 audii
322 1923 436 1963 causam
456 1903 501 1965 vel
521 1903 672 1973 materiam
690 1903 827 1981 subiicit(
839 1907 1015 1987 quodnatus
1034 1907 1227 1968 sitSalvator.
1257 1907 1344 1982 Qui-

201 1927 258 2044 bus
278 1979 374 2044 verbis
415 1981 518 2040 riarum
540 1981 697 2055 docemur,
718 1983 814 2042 donec
834 2003 937 2062 pacem
957 2005 1024 2044 cum
1042 1983 1111 2044 Deo
1132 1981 1258 2044 habeant
1280 1983 1344 2042 ho-

199 2060 311 2130 mines,
332 2069 363 2117 et
381 2001 424 2118 idi
444 2056 627 2131 reconciliati
646 2057 706 2117 sint
726 2079 779 2137 per
799 2059 910 2120 Christi
929 2049 1071 2154 gratiam,
1098 2059 1252 2122 evanidam
1273 2079 1344 2120 esse

202 2145 234 2196 et
258 2133 345 2194 sallax
371 2133 509 2213 quicquid
536 2133 708 2214 concipiunt
732 2134 869 2196 laetitiae.
918 2135 1074 2196 Exsultant
1104 2137 1221 2216 quidem
1247 2157 1343 2216 saepe

201 2211 285 2292 impii
311 2210 575 2289 ebria'vesanaque
602 2209 727 2286 laetitia,
751 2214 803 2272 secl
829 2211 884 2272 nisi
903 2213 1016 2273 medius
1041 2213 1078 2272 sit
1096 2213 1175 2272 inter
1200 2213 1280 2291 ipsos
1307 2225 1344 2272 et

201 2289 300 2350 Deum
319 2287 501 2367 pacificator,
522 2287 618 2346 coecis
640 2288 836 2348 conscientiae
857 2289 980 2350 stimulis
1000 2287 1105 2350 misere
1125 2289 1260 2368 torqueri
1281 2310 1344 2346 nez
1370 2317 1371 2324 ι

201 2385 282 2438 cesse
296 2363 357 2426 est'
386 2363 514 2437 Deinde,
535 2363 719 2444 quantumvis
732 2364 840 2426 blande
861 2376 892 2426 et
904 2365 1034 2430 molliter
1052 2364 1109 2426 sibi
1120 2365 1295 2444 indulgeant
1305 2366 1342 2426 in

202 2441 334 2514 deliciis,
354 2460 423 2502 suae
442 2440 575 2524 ipsorum
601 2439 738 2502 libidines
757 2443 882 2504 totidem
902 2453 971 2503 sunt
990 2441 1046 2502 illis
1065 2454 1222 2516 tormenta.
1267 2441 1342 2504 Hoc

201 2539 275 2600 ergo
296 2517 382 2578 solidi
402 2516 500 2598 gaudii
519 2515 635 2576 initium
656 2528 708 2589 est,
728 2517 837 2578 sentire
850 2531 1003 2600 paternum
1025 2539 1095 2600 erga
1107 2517 1231 2578 nosDei
1251 2539 1342 2578 amo-

200 2617 282 2668 rem,
308 2594 357 2730 qsui
383 2594 462 2653 solus
489 2591 601 2652 animos
628 2605 744 2654 nostros
769 2596 947 2676 tranquillat.
991 2597 1090 2674 Atque
1116 2595 1173 2655 hoc
1197 2595 1344 2676 gaudium

201 2671 296 2732 estin
360 2668 430 2729 iritu
448 2673 565 2742 sancto,
581 2669 612 2727 in
633 2689 692 2748 quo
712 2670 820 2733 Paulus
839 2693 871 2733 re
895 2693 963 2732 num
982 2672 1042 2732 Dei
1061 2671 1223 2745 constitnit,
1248 2671 1343 2732 Rom.

200 2755 255 2822 ld,
274 2755 321 2814 17.
340 2691 507 2836 lipitheton
527 2765 599 2804 vero
619 2749 721 2820 magui
738 2747 806 2808 ideo
827 2692 957 2808 additum
977 2759 1034 2823 est,
1058 2759 1091 2807 ut
1110 2747 1252 2821 sciamus,
1271 2769 1341 2808 non

101 2846 105 2857 ·
199 2825 291 2886 modo
313 2841 471 2902 praecipue
491 2821 677 2901 gaudendum
698 2829 760 2884 esse
781 2825 818 2885 de
828 2824 921 2884 salute
941 2824 1027 2885 nobis
1047 2824 1078 2884 in
1093 2823 1212 2886 Christo
1224 2823 1344 2898 oblata,

200 2901 253 2962 sed
272 2909 384 2960 tantam
404 2916 466 2957 esse
486 2909 574 2976 atque
594 2897 634 2956 ita
653 2897 824 2960 immensam
845 2901 928 2960 huius
948 2899 1021 2960 boni
1041 2901 1284 2981 magnitudinem,
1304 2913 1344 2962 ut

200 2975 309 3057 merito
330 2993 433 3034 omnes
453 2975 615 3052 praesentis
634 2975 712 3036 uitae
733 2975 867 3050 dolores,
886 2976 1049 3054 molestias,
1073 2977 1232 3037 anxietates
1252 2998 1343 3038 com·

200 3061 315 3133 penset.
356 3049 459 3124 Quare
481 3050 631 3126 discamus,
650 3051 691 3112 sic
711 3073 772 3112 uno
795 3053 915 3114 Christo
936 3073 999 3114 esse
1019 3053 1164 3126 contenti,
1183 3058 1215 3114 ul
1234 3073 1344 3115 sensus

200 3125 327 3268 gpaqiaq
353 3125 415 3191 eius
452 3139 605 3208 exsuperet
642 3149 746 3190 omnes
784 3129 879 3190 camis
917 3128 1083 3206 molestias,
1120 3129 1181 3192 imo
1214 3131 1343 3194 tandem
1370 3145 1371 3148 ’

198 3213 333 3268 acea*
379 3245 382 3252 »
1103 3237 1111 3247 ·
1324 3223 1329 3260 t

279 3277 368 3362 Quod
390 3281 533 3362 furtorum
568 3295 610 3343 est
646 3284 698 3342 toti
723 3281 846 3359 populo.
903 3265 1084 3363 Quanqu'am
1118 3281 1198 3344 solos
1232 3295 1342 3363 pasto·

199 3377 248 3420 res
281 3356 440 3437 alloquitur
468 3356 617 3440 Angelus,
648 3359 795 3440 significat
825 3372 940 3434 tamen,
969 3358 1087 3442 longius
1120 3372 1221 3440 patere
1254 3363 1343 3439 quod

180 3434 256 3494 =ittis
297 3433 387 3496 allert
426 3433 525 3494 salutis
566 3435 719 3510 nuntium,
764 3447 798 3495 ut
835 3457 897 3495 non
940 3437 996 3516 ipsi
1036 3437 1171 3516 privatim
1209 3447 1343 3516 tantum,

198 3512 252 3572 sed
284 3509 333 3570 alii
364 3531 424 3606 quo
447 3531 484 3569 ue
514 3511 643 3572 audiant.
700 3513 798 3572 Porro
830 3511 889 3572 toti
919 3511 1219 3594 populo'commune
1245 3511 1342 3576 fuisse

198 3586 339 3670 gaudium
368 3531 464 3648 antelli
488 3607 520 3662 e,
571 3587 618 3647 uia
647 3588 783 3650 omnibus
814 3589 981 3668 promiscue
1013 3589 1206 3650 oflerebatur.
1264 3589 1343 3651 Non

199 3665 278 3726 enim
299 3663 356 3724 uni.
376 3663 423 3724 vel
443 3607 528 3723 alieri
579 3684 646 3739 eus,
670 3665 722 3726 sed
742 3665 879 3725 universo
902 3665 1006 3730 semini
1026 3666 1163 3726 Abrahae
1184 3664 1342 3728 Christum

160 3767 161 3770 ¹
198 3741 403 3821 promiserat,
434 3739 527 3814 Quod
558 3753 656 3800 autem
681 3741 789 3822 gaudio
819 3742 856 3801 ad
881 3763 911 3803 se
937 3742 1106 3822 pertinente
1135 3741 1242 3830 privati
1267 3757 1343 3804 sunt

197 3839 306 3900 magna
326 3837 360 3884 ex
380 3827 464 3896 parte
484 3815 597 3900 Iudaei,
618 3838 721 3878 eorum
742 3817 948 3908 incredulitqte
969 3819 1152 3879 factumest:
1172 3817 1260 3880 sicuti
1278 3819 1342 3880 ho-

179 3891 247 3955 -dle
273 3913 376 3954 omnes
399 3891 595 3952 'communiter
618 3893 724 3956 invitat
742 3894 824 3955 Deus
850 3897 886 3956 ad
906 3895 1029 3956 salutem
1054 3915 1109 3974 per
1128 3894 1342 3977 Evangelium,

198 3971 250 4034 sed
271 3969 341 4031 lacit
359 3969 461 4028 mundi
471 3969 667 4050 ingratitudo,
686 3983 720 4031 ut
738 3973 832 4051 gratia
852 3972 906 4032 bac
926 3991 1074 4052 peraeque
1095 3971 1278 4032 omnibusex
1301 3995 1342 4034 n-

199 4045 253 4105 sita
273 4045 359 4135 pauci
379 4046 522 4105 fruantur.
563 4045 664 4120 Quum
686 4067 758 4139 ergo
779 4048 859 4108 inter
878 4069 987 4128 paucos
1007 4047 1152 4108 inclusum
1171 4047 1262 4108 suerit
1279 3993 1342 4110 isc

198 4121 348 4202 gaudium,
368 4123 726 4183 communevocaturDer
746 4136 893 4204 respectu.
934 4125 1092 4185 Caeterum
1106 4125 1160 4186 etsi
1180 4126 1222 4188 de.
1238 4124 1341 4184 electo

197 4208 312 4255 tantum
338 4197 452 4277 populo
473 4197 606 4279 Angelus
630 4199 778 4280 loquitur,
803 4221 880 4260 nunc
906 4211 1005 4261 tamen
1026 4199 1121 4262 diruta
1145 4201 1274 4264 maceria
1299 4205 1342 4263 ad

199 4283 295 4331 totum
316 4271 475 4334 humanum
494 4287 587 4356 genus
607 4287 720 4354 spectat
740 4278 841 4338 eadem
862 4275 983 4358 legatio.
1028 4277 1103 4338 Nam
1127 4277 1261 4340 Christus
1282 4297 1340 4356 pa-

185 4367 265 4436 ¹cern
284 4347 440 4412 annuntiat
458 4369 521 4412 non
540 4361 655 4416 tantum
666 4353 711 4430 iis,
730 4353 780 4436 qui
800 4373 895 4436 prope
905 4365 985 4432 sunt,
1002 4355 1055 4418 sed
1076 4354 1126 4436 qui
1138 4353 1258 4436 procad:
1278 4373 1341 4416 nec
