2814 4846
386 255 388 262 ’
433 267 514 345 (iae
553 267 645 330 noes
665 278 695 328 ei
715 270 890 350 misen.)

70 417 169 481 nostri
193 417 319 480 modulo
343 431 554 498 repraesentet
593 421 712 482 Summa
732 433 831 484 autem
850 433 903 500 est,
926 422 1027 484 fideles
1047 424 1166 500 animas,
1184 425 1238 488 uhi

70 520 89 557 a
109 518 145 557 co
184 495 287 556 orihus
304 496 479 576 migrarunt,
499 495 603 558 laetam
618 510 648 557 et
660 495 775 559 beatam
792 501 882 561 vitam
894 511 973 560 extra
986 502 1125 562 mundum
1137 521 1237 585 agere,

73 593 166 654 repro
189 573 213 632 is
233 591 307 632 vcro
328 582 446 652 paratos
468 593 529 634 esse
551 573 707 634 horribiles
728 577 881 650 cruciatus,
902 575 952 656 qni
970 577 1118 655 mentibus
1129 579 1238 640 nostris

74 671 137 710 non
156 649 253 731 magis
276 649 395 728 concipi
415 663 548 728 possunt,
568 671 655 730 qnam
668 651 808 712 immensa
822 652 974 713 coelorum
1008 653 1092 714 foria.
1117 654 1237 729 Quem-

74 726 237 787 admodum
266 725 345 785 enim
372 726 474 805 exigua
499 737 613 786 tantuin
638 739 738 807 parte,
770 739 913 808 quatenus
941 673 1054 791 scilicet
1074 731 1238 792 illuminati

74 823 172 864 sumus
198 801 258 861 Dei
285 801 416 883 Spiritu,
441 823 496 884 per
519 823 601 884 spem
622 815 769 886 gustamus
815 806 965 866 remissam
989 805 1078 868 nobis
1102 807 1238 889 gloriam,

114 899 149 939 ae
171 899 274 938 sensus
294 878 509 961 omncs-longe
529 891 690 959 exsuperat,
709 881 750 942 ita
761 826 888 942 sulficiat
906 883 1236 964 incomprehensibilem

72 902 129 1016 huri
149 955 324 1029 vindictam,
345 975 420 1033 qnae
435 955 542 1036 impios
554 968 663 1028 manet,
684 956 810 1018 obscure
830 979 1024 1040 cognoscere,
1045 953 1187 1041 quatenus
1199 961 1237 1022 ad
1294 1012 1298 1030 ,

74 1031 278 1092 incutiendum
299 1030 386 1090 nohis
407 1043 552 1093 terrorem
570 1032 696 1112 expedit.
734 1035 781 1096 Ita
796 1035 897 1094 harum
909 1057 1008 1108 rerum
1020 1048 1140 1096 tenuem
1154 1037 1237 1097 noti-

73 1111 154 1182 tiam,
176 1120 207 1168 et
244 1127 298 1167 uae
319 1107 479 1168 frenandae
500 1109 661 1168 curiositati
682 1109 849 1187 conveniat,
869 1110 1236 1190 delibantChristiverha,

113 1185 153 1244 od
181 1184 298 1244 scilcet
323 1184 405 1264 impii
425 1185 558 1245 miseriae
577 1205 646 1246 suae
666 1207 752 1247 sensu
772 1187 836 1250 dire
863 1199 1071 1279 torquqantur:
1098 1187 1236 1250 solatium

72 1260 195 1341 aiqnod
223 1260 358 1342 cupiant,
389 1262 519 1341 praecisa
551 1273 649 1322 tamen
676 1282 729 1343 spe
755 1261 862 1352 duplex
885 1276 1016 1324 sentiant
1038 1275 1234 1326 tormentum:

71 1339 153 1418 qnod
174 1337 265 1398 etiam
285 1338 377 1474 magis
398 1338 581 1414 crucientur,
608 1339 675 1396 dum
702 1338 850 1402 reminisci
870 1351 1018 1420 coguntur
1042 1361 1092 1399 sua
1113 1341 1235 1418 scelera,

70 1426 102 1474 et
120 1426 310 1495 praesentem
353 1413 460 1474 delium
481 1411 693 1475 beatitudinem
713 1414 901 1475 commisero
915 1435 969 1476 suo
985 1427 1016 1475 ct
1026 1415 1144 1495 perdito
1157 1427 1235 1478 statii

73 1491 224 1552 conferre.
263 1491 330 1550 Huc
368 1489 478 1550 crtinet
493 1489 639 1571 colloquii
652 1490 822 1572 descriptio,
862 1492 925 1552 nasi
939 1493 1017 1552 inter
1036 1510 1088 1552 eos
1102 1491 1234 1556 habitunt

69 1569 162 1640 foret,
182 1567 289 1647 quibus
309 1512 383 1626 silit
404 1577 450 1626 est
467 1567 547 1627 inter
566 1587 598 1628 se
619 1565 797 1627 commercii.
838 1513 938 1643 guum
952 1567 1039 1628 etiam
1054 1580 1168 1648 patrem
1177 1590 1233 1631 vo-

69 1655 118 1704 cat
137 1642 288 1704 Abraham
300 1643 397 1716 dives,
422 1643 500 1703 aliud
521 1643 583 1704 eius
601 1655 780 1704 tormentum
801 1645 987 1724 exprimitur,
1016 1645 1099 1726 quod
1122 1666 1190 1707 sero
1217 1667 1234 1708 e

70 1741 199 1781 numero
220 1721 347 1780 filiorum
366 1719 504 1780 Abrahae
522 1741 554 1781 se
574 1720 739 1781 abdicatum
759 1739 821 1780 esse
841 1721 940 1788 sentit.

146 1804 196 1863 25.
234 1795 313 1873 Rite,
337 1795 500 1860 recordare.
538 1797 657 1859 Nomen
672 1797 741 1877 fille·
757 1797 874 1858 videtur
893 1797 1008 1858 ironice
1050 1799 1172 1876 osftum,
1198 1811 1232 1860 ut

68 1876 109 1936 sit
127 1874 203 1934 acris
223 1872 412 1954 exprobratio
432 1874 467 1933 ad
488 1875 680 1955 pungendum
699 1872 830 1950 divitem,
850 1874 900 1953 qui
921 1874 995 1934 falso
1015 1817 1158 1968 gloriatus
1179 1889 1234 1953 cst,

69 1953 100 2012 in
120 1951 181 2010 rita
201 1969 234 2010 se
253 1970 344 2008 unum
364 1969 426 2010 esse
446 1970 481 2010 ex
499 1949 564 2011 filiis
581 1950 728 2010 Abrahae.
766 1952 842 2012 Nam
863 1951 946 2031 quasi
964 1951 1078 2012 inflicto
1100 1953 1231 2014 cauterio

71 2029 245 2089 vulneratur
266 2027 327 2093 eius
347 2026 474 2101 animus,
499 2025 567 2085 dum
591 2047 642 2087 sua
662 2027 828 2108 hypocrisis
848 2027 1037 2107 mendaxque
1058 2029 1164 2089 fiducia
1189 2030 1233 2094 illi

69 2105 212 2165 obiicitur
236 2115 306 2163 ante
331 2103 441 2162 oculos.
481 2102 573 2178 Quod
598 2115 695 2164 autem
722 2103 829 2164 dicitur
854 2104 977 2164 cruciari
1004 2105 1082 2184 apud
1106 2105 1231 2180 inferos,

70 2182 138 2262 qnia
157 2181 240 2240 hona
259 2196 311 2239 sna
330 2179 361 2238 in
379 2178 489 2250 mundo
509 2180 666 2259 receperit,
685 2197 748 2240 non
767 2180 808 2240 ita
828 2180 964 2259 accipere
983 2191 1121 2260 oportet,
1148 2181 1232 2262 quasi

71 2277 174 2320 omncs
194 2266 332 2317 aeternus
351 2265 469 2316 maneat
485 2255 636 2330 interitus,
661 2256 711 2334 qui
736 2255 814 2316 bene
839 2269 869 2316 et
894 2257 1037 2337 prospere
1061 2256 1094 2315 in
1119 2257 1231 2333 mundo

69 2334 241 2408 habuerint,
261 2333 320 2392 imo
339 2343 374 2391 ut
391 2333 554 2411 prudenter
573 2332 618 2391 Au
642 2332 753 2392 ustinus
772 2332 898 2406 nonsit,
916 2331 985 2392 ideo
1006 2351 1119 2422 pauper
1137 2332 1232 2394 Laxa-

70 2435 119 2474 rns
136 2412 172 2485 ¹ira
193 2409 289 2470 sinum
311 2408 406 2469 divitis
424 2404 562 2469 Abrahae
582 2353 694 2468 delatus
715 2418 767 2482 est,
787 2420 821 2468 ut
838 2410 971 2483 sciamus,
991 2405 1106 2468 divitias
1118 2407 1232 2470 nemini

70 2485 266 2572 praecludere
285 2485 400 2546 ianuam
420 2485 506 2567 regni
523 2483 686 2559 coelorum,
704 2485 756 2544 sed
767 2484 962 2544 communiter
971 2481 1107 2544 omnibns
1140 2496 1230 2560 atere,

72 2566 122 2647 qni
147 2563 197 2626 vel
222 2561 322 2624 sobrie
343 2561 450 2622 divitiis
469 2561 513 2620 nsi
532 2561 653 2634 fuerint,
671 2559 719 2620 vel
739 2560 887 2641 patienter
905 2558 1062 2620 caruerint.
1130 2571 1230 2619 antuin

69 2663 173 2703 sensus
193 2652 253 2700 cst:
275 2637 347 2718 quii·
357 2638 518 2718 praesentis
530 2637 609 2697 vitae
623 2636 772 2698 illecebris
790 2655 823 2696 se
843 2645 938 2696 totum
958 2635 1101 2695 demersit
1115 2635 1146 2694 in
1166 2647 1230 2696 ter‹

66 2739 155 2781 renas
175 2717 305 2790 delicias,
322 2715 419 2775 Deum
441 2735 479 2775 ue
498 2725 529 2775 et
548 2714 609 2774 eins
627 2733 751 2797 regnum
767 2711 953 2802 contempsit,
972 2731 1051 2771 nunc
1071 2711 1228 2774 socordiae

69 2817 139 2857 snae
182 2813 274 2854 oenas
294 2791 373 2852 darc.
409 2737 484 2852 Ideo
504 2810 671 2871 pronomen
690 2805 740 2850 uin
759 2789 954 2870 emphaticam
974 2799 1033 2861 est,
1058 2786 1117 2848 acsi
1143 2787 1230 2849 dixis-

70 2883 118 2934 set
135 2815 305 2932 Abraham:
327 2889 415 2947 quom
435 2867 472 2928 ad
491 2867 685 2928 immortalem
704 2867 794 2928 vitam
815 2875 929 2926 creatus
947 2864 1039 2939 fores,
1058 2875 1089 2924 et
1098 2861 1160 2924 Lex
1169 2863 1231 2926 Dei

68 2949 183 3010 sursum
203 2958 234 3006 te
253 2945 289 3006 ad
309 2945 506 3006 meditandam
527 2943 685 3006 coelestem
704 2945 794 3005 vitani
813 2941 971 3018 attolleret,
994 2952 1038 3015 tu,
1063 2941 1150 3002 sortis
1169 2952 1230 3002 tam

70 3025 243 3108 praeclarae
264 3021 390 3096 oblitus,
415 3040 508 3102 porco
527 3019 574 3082 vel
595 3020 661 3081 cani
684 3021 783 3082 similis
808 3039 870 3079 esse
893 3017 1033 3078 malnistI:
1061 3019 1230 3080 mercedem

69 3123 144 3184 ergo
175 3097 270 3160 brutis
292 3098 492 3178 voluptatibus
517 3097 636 3190 dignam
660 3098 775 3179 recipis.
813 3096 923 3156 Rursus
944 3115 1039 3174 quami
1054 3094 1090 3154 de
1109 3095 1224 3156 Lazaro

71 3179 192 3252 dicitur,
210 3172 318 3237 solatio
338 3195 404 3234 eum
424 3174 493 3248 frui,
513 3194 580 3254 quia
600 3173 704 3234 multas
724 3192 873 3234 aerumnas
893 3172 925 3230 in
940 3173 1051 3232 mundo
1064 3171 1230 3306 pertulerit,

70 3255 130 3315 hoc
151 3255 190 3314 ad
209 3272 311 3312 omnes
330 3251 452 3312 miseros
471 3250 572 3330 inepte
592 3249 656 3330 quis
672 3251 813 3326 traheret,
833 3247 937 3329 quibus
949 3248 1023 3308 adeo
1036 3249 1066 3308 ui
1089 3248 1230 3328 ilprode·

71 3343 142 3392 rnnt
161 3328 355 3403 afflictiones,
379 3339 414 3387 ut
432 3327 524 3412 magis
549 3327 580 3386 in
606 3337 763 3386 extremam
781 3346 908 3406 poenam
928 3345 1060 3385 cessurae
1079 3324 1152 3384 sint:
1177 3325 1230 3388 sed

71 3407 168 3468 crucis
188 3405 346 3468 tolerantia
372 3405 402 3464 in
421 3403 535 3462 Lazaro
561 3402 710 3478 landatur,
734 3423 811 3482 qnae
833 3421 950 3482 semper
967 3401 1098 3462 nascitur
1116 3419 1150 3460 ex
1169 3402 1229 3464 fide

70 3484 250 3561 sinceroque
268 3480 375 3542 timore
388 3481 455 3540 Dei.
493 3479 598 3560 Neque
619 3479 707 3552 enim,
727 3479 778 3558 qui
795 3478 1006 3542 contumaciter
1015 3477 1098 3539 malis
1111 3478 1229 3554 resistit,

71 3573 102 3620 et
120 3558 282 3618 indomitus
302 3559 333 3616 in
353 3579 403 3619 sna
423 3555 535 3618 ferocia
555 3567 677 3637 perstat,
695 3555 782 3615 ullam
803 3555 978 3615 tolerantiae
998 3554 1112 3614 laudem
1131 3573 1227 3613 mere-

72 3649 132 3711 tnr,
154 3647 186 3695 ut
205 3633 341 3695 solatium
360 3634 404 3694 ilfi
415 3633 497 3693 Deus
509 3653 565 3713 pro
578 3653 666 3693 cruce
677 3630 831 3712 rependat
870 3631 988 3691 Summa
1009 3650 1082 3711 ergo
1104 3631 1160 3688 huc
1179 3649 1229 3688 re-

72 3713 125 3788 dit,
144 3711 197 3803 qni
217 3711 364 3791 patienter
383 3709 506 3770 tulerint
524 3730 598 3770 onus
618 3708 711 3769 crucis
729 3709 786 3770 sihi
806 3708 991 3786 impositum,
1016 3725 1071 3765 nec
1091 3703 1228 3765 adversus

71 3789 129 3849 Dei
150 3809 251 3869 iugum
271 3799 302 3848 ct
321 3787 429 3848 ferulas
447 3787 604 3866 praefracti
625 3785 745 3858 fuerint,
763 3784 815 3846 sed
835 3805 889 3864 per
905 3783 1058 3843 continuas
1075 3799 1228 3849 aerumnas

71 3865 251 3946 aspirat-erin
285 3864 322 3924 ad
340 3884 423 3943 spem
441 3860 571 3922 melioris
590 3861 678 3935 vitae,
697 3861 752 3921 illis
768 3873 837 3941 post
852 3859 1003 3920 emeritum
1020 3856 1142 3916 militiae
1152 3866 1229 3916 tetii-

70 3963 125 4022 pus
144 3876 308 4023 reposilim
327 3961 390 4000 esse
407 3941 438 3999 in
459 3938 545 4000 coelo
566 3939 708 4018 quietem:
729 3950 924 4008 contravero,
943 3932 1075 4014 profanis
1087 3931 1144 3992 Dei
1155 3953 1229 3994 cou-

71 4016 281 4099 temptoii'hns,
320 4018 350 4076 ni
370 4037 401 4096 sc
421 4016 451 4074 ln
472 4013 743 4094 carnisvoluptates
755 4013 949 4095 ingurgitant,
969 4008 1228 4088 etqnadamnien-
1279 4060 1281 4066 .

70 4095 106 4155 tis
128 4093 249 4173 crapula
269 4117 301 4154 su
329 4105 418 4155 ocant
437 4111 525 4152 omne
545 4089 662 4171 pietatis
681 4091 824 4165 studium,
847 4087 944 4152 statim
970 4107 986 4146 a
1010 4096 1106 4145 morte
1127 4097 1228 4165 parata

71 4171 137 4232 fore
149 4183 313 4246 tormenta,
333 4190 408 4250 quae
419 4189 506 4230 vanas
521 4167 637 4228 delicias
651 4167 804 4227 excutiant
843 4164 940 4224 Porro
959 4161 1103 4222 memoria
1121 4174 1230 4224 tenen-

73 4249 143 4307 dum
161 4259 217 4320 est,
237 4247 472 4308 consolationem
492 4244 579 4324 hane,
597 4263 654 4323 qua
664 4243 801 4305 fruuntur
810 4240 864 4302 filii
872 4239 942 4315 Dei,
960 4238 1045 4299 in¹eo
1061 4238 1144 4301 sitam
1155 4259 1229 4314 esse,

71 4323 154 4405 quod
175 4343 316 4385 coronam
336 4324 449 4406 gloriae
469 4317 525 4382 sihi
544 4329 674 4400 paratam
695 4341 758 4382 csse
778 4327 934 4380 cernentes
954 4313 1082 4460 in4lpeta
1101 4315 1163 4378 eins
1179 4335 1229 4378 ex-

635 4487 641 4520 l
