2766 4840
156 203 217 274 288
614 140 732 264 SEC'l'.
751 197 867 262 xvm.

158 354 265 436 tinem.
303 351 404 414 Nunc·
417 371 491 436 ergo
516 371 606 434 quum
630 351 668 419 de
693 351 803 414 furtivo
823 351 936 414 Christi
960 351 1088 414 adventu
1112 352 1202 414 simus
1222 353 1324 416 admo·

159 431 230 506 niti,
255 441 286 491 et
306 428 480 491 nominatim
500 428 558 492 boc
578 429 759 512 praedictum
778 429 832 506 sit,
851 429 1032 512 vigilandum
1050 451 1169 510 semper
1187 451 1272 506 esse,
1291 453 1327 493 ne

159 506 375 570 dormientibus
396 505 545 587 obrepens
566 528 631 567 cum
651 507 748 587 impiis
767 527 824 567 nos
843 505 1011 582 absorbeat,
1031 505 1112 566 nulla
1128 519 1174 567 est
1190 507 1328 590 ignaviae

158 597 280 648 nostrae
299 584 460 644 excusatio:
487 583 657 663 praesertim
684 605 773 674 quum
798 583 845 644 bic
870 593 968 719 ”elue
986 583 1109 675 parietis
1130 595 1251 644 tantum
1271 585 1327 646 fra-

159 673 252 735 ctura,
272 681 369 740 neque
389 680 487 720 rerum
508 673 672 720 nostrarum
692 671 802 721 :actura
822 658 913 720 tirnen
936 681 950 718 a
972 671 1020 734 stt,
1038 659 1090 720 sed
1111 659 1204 721 letale
1224 661 1328 724 vulnm

159 739 191 798 in
212 738 325 799 animae
345 749 463 797 nostrae
484 736 619 811 exitium,
639 735 694 797 nisi
714 757 856 797 cavemus.
895 737 962 798 Huc
982 755 1055 818 ergo
1077 738 1210 796 tendunt
1229 739 1327 814 verba,

160 827 193 876 ut
212 836 267 874 nos
283 811 393 875 Christi
412 812 575 874 admonitio
594 813 822 894 expergefaciat:
844 812 921 893 quia,
941 813 1056 873 tametsi
1067 812 1097 872 in
1110 813 1239 906 longum
1251 826 1328 874 tem·

159 912 213 983 pus
233 889 389 951 differatur
408 889 540 950 ultimum
560 889 710 964 iudicium,
728 888 850 971 singulis
870 901 968 950 tamen
987 890 1147 950 momentis
1166 891 1329 968 impendet,

158 969 289 1049 rdeoque
308 978 445 1047 suspecto
465 978 611 1046 tempore,
632 980 663 1026 et
680 967 778 1028 vicino
799 965 943 1047 periculo,
961 978 1011 1027 tor
1034 985 1084 1026 ere
1102 966 1265 1027 absurdum
1277 981 1327 1028 est

240 1051 288 1108 ts.
381 1047 388 1063 '
422 1065 470 1103 um
492 1058 533 1104 est
548 1041 652 1124 fidelis
674 1065 781 1103 ιινυιιι.
817 1041 993 1104 Distinctius
1013 987 1067 1102 bie
1092 1041 1180 1104 locus
1203 1045 1329 1105 traditur

161 1120 300 1196 aLuca,
324 1142 345 1180 u
368 1120 377 1179 i
403 1119 487 1180 Petri
509 1119 706 1204 interrogatio
730 1118 884 1194 inseritur,
914 1139 990 1198 quae
1015 1120 1203 1180 occasionem
1229 1142 1328 1181 norae

159 1196 321 1279 parabolae
346 1197 437 1258 dedit.
475 1197 552 1257 Nam
577 1218 666 1276 quum
688 1195 821 1257 Christus
845 1195 877 1256 in
902 1195 1002 1255 furtivi
1029 1195 1076 1255 sui
1102 1197 1244 1263 adventus
1270 1219 1327 1278 pe·

159 1273 256 1336 riculo
283 1274 292 1332 i
315 1273 418 1335 uariae
441 1272 542 1334 locum
566 1294 629 1334 csse
648 1283 798 1354 negasset,
823 1272 967 1352 quaesivit
984 1271 1107 1348 Petrus,
1131 1285 1247 1334 essetne
1271 1294 1326 1355 ge-

159 1349 268 1411 neralis
294 1293 366 1410 baec
392 1350 544 1426 doctrina,
569 1371 606 1410 an
633 1350 669 1411 ad
695 1348 851 1410 duodecim
871 1359 1161 1428 tantumspectaret.
1201 1350 1329 1442 Semper

160 1427 239 1489 enim
265 1429 322 1508 (·ut
344 1426 415 1488 alibi
438 1427 583 1503 vidimus)
608 1425 639 1486 in
662 1437 791 1487 mentem
815 1425 916 1487 venire
936 1424 1053 1486 solebat
1071 1425 1244 1506 discipulis,
1273 1431 1328 1487 rni-

161 1525 219 1585 que
242 1525 340 1566 secum
366 1503 430 1585 agi,
454 1504 510 1564 nisi
536 1503 662 1583 exempti
686 1522 703 1563 a
728 1501 877 1563 communi
901 1513 981 1562 sorte
1006 1501 1080 1562 alios
1106 1523 1213 1563 omnes
1239 1504 1328 1586 longe

158 1579 318 1643 anteirent.
354 1581 442 1642 Nunc
462 1581 530 1642 dum
550 1580 607 1640 illis
626 1579 806 1670 proponitur
824 1599 928 1658 parurn
948 1578 1088 1658 optabilis
1110 1591 1141 1640 et
1163 1579 1241 1640 laeta
1257 1601 1327 1640 con-

160 1658 245 1730 ditio,
265 1671 404 1750 tanquam
424 1657 544 1718 attoniti
562 1658 619 1716 buc
640 1668 669 1716 et
688 1656 759 1716 rlluc
780 1654 1034 1746 circumspectant.
1073 1655 1142 1715 Huc
1164 1677 1241 1717 vero
1261 1670 1325 1716 ten-

160 1733 206 1794 dit
225 1733 336 1796 chriso
358 1754 548 1813 responsum,
574 1733 598 1792 si
618 1732 768 1811 quoslibet
786 1752 822 1793 ex
840 1733 938 1792 medio
958 1730 1048 1812 vulgo
1068 1731 1196 1824 vigilare
1217 1753 1325 1793 coure-

159 1811 223 1886 nit,
257 1810 350 1871 multo
386 1809 481 1870 miuus
516 1808 670 1870 ferendum
702 1828 779 1884 esse,
814 1820 849 1869 ut
876 1808 1057 1870 somnolenti
1087 1819 1149 1870 srnt
1180 1811 1209 1869 Α
1232 1809 1326 1870 ostoli.

162 1885 265 1966 Qupre
284 1885 361 1946 sicut
378 1885 409 1944 in
429 1905 540 1967 genere
560 1884 641 1966 prius
659 1896 753 1946 totam
774 1883 911 1945 familiam
931 1883 1065 1946 Christus
1085 1885 1122 1946 ad
1142 1831 1267 1968 vigilem
1285 1887 1325 1946 sui

161 1983 315 2022 occursum
334 1961 467 2022 hortatus
488 1959 599 2037 fuerat,
628 1963 673 2044 εἰς
694 1983 774 2022 nunc
794 1957 977 2046 'singularem
1001 1983 1101 2022 curam
1122 1983 1139 2022 a
1160 1961 1324 2043 praecipn‘u

124 2113 128 2122 ι
159 2037 250 2100 servis
275 2035 413 2117 requirit,
447 2039 497 2117 qui
521 2039 590 2100 ideo
616 2038 759 2119 praefecti
784 2050 852 2100 sunt
877 2036 1012 2118 reliquis,
1040 2049 1074 2098 ut
1104 2059 1161 2114 suo
1194 2061 1271 2100 exem
1293 2040 1322 2098 lo

158 2113 236 2176 riam
260 2113 379 2176 sobriae
403 2113 575 2177 attentionis
599 2114 779 2198 frugalisque
804 2115 1017 2195 temperantiae
1042 2127 1224 2185 monstrent.
1269 2061 1321 2176 bis

158 2191 257 2254 verbis
282 2192 437 2266 admonet,
462 2212 524 2252 non
550 2212 613 2253 esse
633 2191 730 2253 otiosa
750 2191 894 2274 dignitate
915 2205 1050 2266 ornatos,
1080 2202 1114 2251 ut
1141 2191 1256 2254 deliciis
1279 2213 1323 2253 se-

159 2290 230 2330 cure
254 2279 375 2329 vacent:
401 2270 454 2330 sed
481 2289 540 2360 quo
566 2267 805 2333 excellentiorem
830 2269 929 2350 adepti
954 2279 1022 2328 suut
1047 2269 1176 2329 honoris
1196 2271 1322 2353 gmdum,

161 2366 198 2406 eo
220 2346 284 2427 plus
305 2344 406 2407 oneris
426 2345 467 2406 eis
487 2345 674 2407 mcumbere:
699 2345 827 2425 ideoque
847 2344 1017 2437 specialiter
1034 2344 1179 2437 fidemet
1198 2349 1322 2428 pruden-

158 2423 230 2483 tiam
250 2421 287 2483 ab
308 2421 363 2482 illis
382 2423 586 2506 praestandam
606 2443 669 2484 esse
689 2423 786 2484 docet
835 2421 914 2484 Hinc
940 2423 1067 2498 discant,
1092 2443 1207 2501 quacun
1231 2445 1267 2484 ue
1290 2425 1322 2483 ad

158 2497 357 2560 honorificum
377 2521 480 2559 munus
500 2500 599 2560 vocati
617 2509 702 2574 sunt,
720 2520 752 2560 se
771 2499 865 2584 magis
884 2499 1018 2560 astrictos
1040 2518 1121 2573 esse,
1142 2521 1183 2560 ne
1205 2446 1323 2560 defunc-

159 2575 239 2638 torie
267 2575 362 2654 solum
381 2597 505 2656 operam
523 2597 604 2638 suam
624 2575 812 2656 impendant,
835 2576 886 2637 sed
910 2588 976 2637 toto
1001 2575 1098 2636 studio
1125 2588 1159 2636 et
1185 2577 1323 2637 industria

160 2655 310 2714 enitantur
338 2653 375 2714 ad
405 2653 536 2714 officium
566 2652 782 2732 praestandum.
826 2652 902 2714 Nam
926 2673 1015 2732 quum
1039 2652 1216 2733 vulgaribus
1242 2655 1324 2716 serris

68 2799 73 2808 ¹
94 2729 97 2736 ’
158 2731 227 2791 satis
245 2729 285 2790 sit
303 2730 433 2810 privatae
454 2749 563 2809 operae
584 2750 706 2812 pensum
725 2727 896 2806 absolvere,
924 2729 1041 2812 longius
1067 2731 1218 2812 progredi
1239 2750 1325 2826 opor-

160 2816 205 2866 tet
224 2821 424 2879 oeconomos,
471 2827 577 2866 norum
601 2825 705 2866 munus
730 2806 820 2868 totius
841 2805 968 2866 familiae
987 2827 1087 2866 curam
1106 2807 1324 2887 complectatur.

146 2881 283 2962 'Alioqui
307 2827 548 2962 ingratitudinem
573 2881 630 2943 illis
655 2881 814 2964 exprobrat
839 2881 989 2957 Christus,
1025 2881 1123 2962 quod,
1146 2905 1252 2964 quum
1277 2887 1324 2944 de-

160 2957 232 3018 lecti
252 2959 363 3021 fuerint
382 2969 450 3018 ante
470 2957 554 3033 alios,
574 2959 683 3019 bonori
702 2981 755 3019 suo
776 2979 838 3020 non
857 2959 1071 3040 respondeant:
1093 2964 1324 3052 quorsumenim

162 3055 214 3096 eos
233 3035 379 3095 Dominus
400 3033 521 3116 reliquis
541 3035 686 3114 praefert,
713 3033 768 3094 nisi
788 3046 821 3096 ut
840 3056 943 3096 omnes
962 3036 1103 3128 singulam
1122 3036 1184 3097 fide
1208 3051 1241 3098 et
1259 3060 1324 3118 pm·

161 3111 262 3172 dentia
280 3109 440 3191 superent?
477 3110 647 3173 Promiscue
674 3112 792 3203 quidem
819 3113 954 3174 omnibus
977 3113 1146 3205 iniungitur
1170 3114 1275 3174 sobria
1297 3125 1323 3175 et

159 3187 260 3248 sedula
286 3187 430 3261 attentio,
453 3188 505 3248 sed
530 3187 560 3248 in
586 3189 753 3269 pastoribus
777 3200 824 3248 tur
847 3189 894 3249 ior
917 3200 962 3250 est
985 3201 1015 3248 et
1034 3211 1129 3248 miuus
1152 3191 1322 3254 excusabilis

97 3291 107 3304 ·
160 3262 366 3344 somnolentia.
405 3262 516 3325 Postea
534 3265 621 3325 etiam
640 3287 693 3345 spe
713 3286 811 3326 merce
833 3287 855 3325 rs
875 3265 1054 3326 alacritatem
1074 3265 1104 3324 in
1123 3267 1197 3346 ipsis
1214 3269 1323 3328 excitat

237 3346 283 3408 48.
301 3335 305 3346 ’
326 3339 438 3434 Quodsi
455 3339 564 3406 dixerit
581 3357 633 3402 etc.
670 3342 723 3402 His
736 3340 833 3402 verbis
843 3342 973 3402 breviter
983 3341 1072 3404 docet
1084 3341 1236 3420 Christus,
1247 3345 1322 3404 unde

114 3439 121 3452 ·
159 3414 242 3478 malis
266 3438 357 3478 serves
383 3418 511 3498 obrepat
528 3419 686 3492 securitas,
711 3421 779 3479 dnm
806 3417 919 3480 scilicet
943 3419 1082 3556 longiore
1108 3439 1195 3480 mora
1222 3421 1323 3480 confisi
1369 3423 1370 3441 ³

159 3494 297 3555 tenebras
316 3494 373 3555 sibi
392 3495 471 3555 ultro
492 3495 649 3556 inducunt:
670 3495 747 3555 diem
757 3494 851 3569 illurn,
871 3516 929 3576 qno
945 3495 997 3556 red
1020 3497 1094 3557 enda
1107 3497 1146 3556 sit
1158 3497 1246 3572 ratio,
1266 3497 1322 3557 fin-

149 3583 234 3658 gunt
253 3592 312 3633 nun
336 3593 402 3632 uam
421 3582 592 3646 venturum,
623 3569 728 3632 deinde
749 3571 900 3634 absentiae
920 3571 1031 3634 Christi
1051 3584 1206 3654 praetextu
1224 3574 1321 3652 impu-

159 3645 282 3709 nitatem
306 3670 329 3708 ιι
353 3649 362 3708 i
388 3647 579 3728 promittunt:
614 3645 678 3708 fieri
703 3648 782 3708 enim
806 3669 867 3708 non
894 3660 1008 3728 potest,
1039 3649 1111 3729 quin
1143 3650 1320 3730 exspectatio

161 3723 245 3799 eius,
265 3725 381 3805 quoties
402 3723 490 3786 nobis
510 3725 637 3799 occurit,
656 3746 797 3805 soporem
817 3724 1015 3797 excutiat,'ac
1040 3727 1135 3786 multo
1161 3748 1206 3786 ma
1228 3725 1251 3786 is
1276 3726 1322 3786 la-

137 3800 277 3862 ·sciviam
302 3801 490 3882 comprimat,
514 3820 554 3861 ne
573 3800 711 3937 imffiobe
732 3801 899 3862 efferamur.
943 3802 1048 3938 Itatpuc
1068 3802 1166 3863 nullus
1242 3815 1323 3862 orta-

159 3877 248 3940 tionis
268 3877 399 3940 stimulus
419 3877 516 3938 acrior
535 3877 617 3939 vele
652 3879 765 3953 carior,
785 3899 870 3958 quarn
892 3878 960 3938 dum
981 3879 1000 3938 il

1015 3879 1053 3938 ud
1071 3899 1208 3940 severum
1227 3881 1323 3940 tribu·
1368 3939 1369 3957 ,

102 3969 110 3986 ‘
160 3953 210 4014 nal
233 3955 370 4015 statuitur
393 3954 425 4013 in
449 3953 594 4030 medinm,
611 3955 699 4090 pund
722 3975 811 4015 nemo
837 3953 971 4037 effugere
995 3955 1115 4034 poterit.
1162 3955 1270 4030 Quare
1293 3968 1325 4016 nt
1368 3959 1369 3965 ’

159 4042 278 4092 strenue
299 4029 421 4112 quisque
441 4041 573 4090 nostrum
593 4052 608 4091 a
649 4042 746 4110 partes
764 4051 829 4091 suas
849 4032 1045 4112 exsequendas
1063 4031 1214 4122 invigilet,
1232 4046 1322 4114 utque

159 4104 262 4166 sedulo
284 4118 314 4166 et
332 4107 464 4168 modeste
483 4126 514 4166 se
535 4107 687 4168 contineat
706 4107 738 4165 in
755 4108 813 4168 suis
833 4107 951 4183 linibus,
970 4105 1057 4168 nobis
1075 4107 1206 4170 subinde
1221 4131 1323 4170 recur-

160 4189 207 4238 rat
226 4182 368 4262 cogitatio
387 4181 516 4263 supremi
535 4181 612 4244 illius
633 4196 664 4244 et
682 4182 829 4264 inopinati
844 4177 1130 4260 adventusllomini,
1151 4187 1236 4246 cuius
1250 4209 1322 4247 con-

159 4265 274 4335 temptu
292 4257 415 4338 reprobi
434 4259 587 4327 exsultant.
627 4259 736 4322 Obiter
754 4261 843 4323 etiam
860 4257 1157 4340 admonethristus,
1177 4263 1321 4346 quamfe-

738 4477 757 4512 Ι
