2790 4838
392 227 455 306 (Ὦ.
475 228 556 290 Grex
577 203 845 311 Geigesenorum.)
1129 245 1182 311 ω

59 383 153 457 Qum:
179 395 254 442 vero
268 380 394 442 meinent
417 379 544 457 diaboli,
573 381 723 444 Christum
748 381 812 444 e'sse
831 381 933 442 mnndi
952 379 1094 458 i'udieem,
1122 408 1183 450 non

57 459 155 518 mirum
176 469 239 532 est,
258 457 284 516 si
306 456 368 518 eius
387 457 508 520 intuitus
527 459 667 521 tormenti
685 459 849 540 praesentis
869 471 979 536 metum
998 459 1056 518 illis
1075 461 1188 524 incutit.

58 535 142 610 Quod
164 533 286 613 quidam
308 545 462 613 quaerunt,
483 555 518 594 an
539 535 595 598 illis
616 537 753 629 cognitus
773 536 864 597 fuerit
883 535 978 596 ultimi
998 535 1099 595 iudicii
1118 539 1188 616 dies,

56 631 267 694 supervacuum
295 622 348 671 est.
408 611 490 685 Quid
515 632 588 694 ergo
614 613 671 674 siba
695 613 758 673 vult
781 613 940 693 particula,
971 626 1039 673 onte
1058 623 1190 688 tempus?

55 685 1029 828 tttttttttt.‘ttttlt..t?‘.t²tl¹¹t¹¹.ltt.tt¹¹¹⁹tttttttt
1045 701 1189 826 ...pap

55 855 114 902 tant
132 841 165 901 in
184 839 289 914 lucro,
320 840 490 922 quantisper
511 862 561 904 eos
581 845 703 905 sustinet
722 843 884 920 Dominus,
908 843 948 904 ita
968 787 1191 926 tergiiirsarido

56 918 191 986 indicium
214 917 276 977 eius
296 917 327 976 fu
352 916 434 993 'unt
454 917 523 978 licet
541 917 605 980 sine
624 921 771 1001 profectu.

125 996 221 1085 blare.
245 1001 297 1058 it·v
338 1071 345 1084 .
384 997 408 1054 ‘o
431 992 503 1085 mila·
524 1017 635 1056 nomen
674 999 887 1090 Hancyocem
914 995 1035 1056 diabolo
1056 994 1192 1056 Christus

56 1071 1196 1232 tt‘tfttttt‘lttst²tttttttttttttdttttftt‘t‘t'lt‘ttaltt

58 1225 170 1304 quidam
191 1222 286 1284 veluti
307 1227 448 1284 exercitus
468 1227 655 1287 daemonum.
688 1226 779 1288 Cuius
800 1247 873 1318 ergo
894 1226 1113 1287 misericordiae
1127 1226 1194 1299 fuit,

57 1301 204 1361 bominem
229 1297 297 1390 plns
315 1299 421 1362 millies
441 1302 587 1392 perditum
607 1323 623 1363 a
642 1303 767 1364 totidem
788 1303 882 1363 exitiis
902 1301 1038 1381 eripere?
1074 1302 1193 1382 Magni-

56 1377 105 1438 fice
126 1377 219 1438 etiam
239 1397 271 1434 sn
292 1397 329 1436 eo
349 1377 463 1438 refulsit
483 1377 595 1443 Christi
613 1379 722 1454 virtus,
755 1381 835 1459 qnod
855 1397 929 1438 voce
948 1399 998 1438 sua
1019 1393 1081 1436 non
1102 1399 1194 1437 unum

57 1453 249 1526 daemonem,
273 1455 326 1514 sed
346 1455 465 1514 multam
485 1455 601 1516 turbam
621 1468 745 1537 repente
765 1454 945 1538 profligavit
983 1453 1077 1529 Legio
1096 1465 1195 1514 antem

56 1551 115 1590 non
138 1551 200 1621 pro
227 1529 313 1589 linito
338 1530 490 1591 hominum
515 1555 660 1614 numero,
688 1534 740 1594 sed
766 1543 879 1592 tantum
901 1551 961 1622 pro
981 1551 1088 1610 magna
1108 1529 1196 1589 turba

55 1609 113 1668 aeci
137 1619 207 1666 rtur.
246 1606 326 1666 Hinc
345 1620 476 1688 apparet,
490 1631 582 1690 ,quam
601 1610 739 1671 miserum
759 1608 923 1670 animabant
942 1606 1044 1679 homo,
1064 1604 1115 1666 ubi
1135 1605 1195 1665 Dei

55 1695 144 1744 tntea
164 1683 348 1744 destituitur:
369 1705 436 1744 nem
460 1688 693 1766 ennusqnisque
714 1707 776 1746 nnn
795 1696 908 1746 tantum
927 1683 1050 1766 singulis
1070 1681 1196 1743 diabolis

58 1773 153 1840 patet,
173 1759 227 1819 sed
247 1758 375 1842 ingentis
395 1707 499 1823 turbae
520 1776 565 1823 est
583 1767 650 1825 re'ce
673 1763 809 1824 taculum.
849 1761 943 1822 Simul
964 1759 1111 1820 refellitur
1129 1757 1194 1818 vul*

57 1838 132 1918 garis
158 1837 210 1896 ille
238 1857 339 1912 error,
371 1859 457 1916 quern
482 1839 584 1900 Iudaei
605 1854 636 1902 et
683 1837 816 1900 hristiani
837 1860 853 1899 a
873 1837 1005 1920 profanis
1026 1835 1195 1896 bominibus

57 1913 181 1974 mutuati
204 1924 290 1987 sunt,
321 1915 402 1994 quod
428 1915 541 1978 seilicet
559 1916 681 2000 singulis
701 1915 869 1977 hominibus
890 1914 989 1976 infesti
1008 1914 1068 1974 sint
1086 1911 1196 1996 singuli

58 1991 226 2050 &errones
265 1991 306 2048 tt
328 1990 356 2050 ui
376 1992 519 2073 scriptura
542 1993 641 2086 palam
666 1992 809 2067 affirmat,
841 2004 931 2072 prout
949 1990 1081 2051 Domino
1101 1991 1194 2050 visum

58 2079 109 2140 est,
129 2087 210 2126 nunc
231 2009 381 2156 diabdium
400 2088 492 2128 unum
510 2071 598 2146 matti,
617 2071 668 2162 qui
686 2083 780 2131 totam
799 2069 926 2152 aliquam
942 2079 1062 2152 gentem
1072 2067 1197 2148 affligat,

57 2163 135 2204 nnnc
165 2142 303 2223 pluribus
333 2143 408 2203 tradi
438 2167 529 2206 unum
560 2148 711 2208 hommem
736 2145 933 2226 puniendum:
971 2145 1047 2203 sicut
1069 2144 1197 2204 vicissim

57 2241 131 2280 unns
155 2219 305 2279 interdum
330 2222 451 2304 angelus
469 2222 526 2284 toti
545 2244 586 2303 po
610 2223 660 2284 ulo
679 2222 842 2303 praesidet,
874 2233 904 2281 et
922 2219 1045 2302 singulis
1065 2219 1196 2280 homini-

57 2295 111 2356 bus
136 2295 224 2356 multi
248 2296 355 2356 dantur
377 2297 478 2358 salutis
502 2245 647 2360 custodes.
692 2299 763 2374 Quo
789 2298 881 2380 magis
906 2296 1031 2358 sollicite
1051 2297 1197 2358 excubare

58 2395 112 2433 nos
132 2375 229 2448 decet,
249 2392 288 2431 ne
307 2384 389 2434 tanta
410 2375 537 2435 bostium
557 2375 643 2436 turba
664 2396 719 2435 nos
740 2374 958 2436 circumveniat.
989 2403 996 2421 .
1069 2381 1072 2388 '

134 2457 182 2516 tt.
222 2449 464 2525 Deprecatantur
481 2474 554 2512 erum
593 2453 687 2512 Lucas
706 2451 786 2524 dicit,
807 2471 936 2532 rogasse,
957 2469 994 2510 nc
1012 2451 1045 2508 in
1063 2447 1197 2526 odyssum

60 2527 263 2588 mitterentur:
297 2529 378 2606 quod
404 2528 444 2588 ita
468 2549 484 2589 a
511 2527 685 2620 quibusdam
705 2527 877 2607 exponitur,
906 2526 988 2604 quasi
1006 2524 1196 2585 solitudinem

59 2603 200 2684 fugerint.
239 2605 307 2695 Ego
327 2625 399 2690 apro
420 2607 456 2666 ad
477 2608 605 2666 nocenda
625 2604 778 2664 libidinem
797 2602 914 2676 refero,
939 2603 1007 2681 quia
1026 2601 1085 2660 hoc
1104 2622 1196 2660 unum

61 2679 186 2742 diabolis
205 2682 334 2740 studium
355 2692 408 2756 est,
428 2682 569 2744 oberrare
590 2683 668 2741 inter
687 2679 821 2740 homines
841 2678 960 2738 leonum
980 2677 1071 2737 instar
1091 2676 1128 2736 ad
1142 2697 1195 2735 ve-

62 2757 187 2818 nandam
207 2758 356 2836 praedam.
399 2758 494 2819 Dolet
512 2759 569 2819 illis
589 2759 620 2818 in
640 2756 774 2838 abyssum
795 2755 942 2838 demergi,
971 2754 1002 2814 in
1023 2775 1079 2833 qua
1098 2752 1197 2812 ablata

62 2833 98 2890 sit
116 2833 255 2894 laedendi
275 2845 305 2893 et
325 2835 468 2914 perdendi
488 2836 618 2896 facultas.
648 2835 747 2913 Atque
769 2833 846 2892 hunc
866 2831 1025 2914 genuinum
1046 2849 1109 2891 esse
1128 2850 1196 2889 sen-

63 2931 124 2969 sum
143 2931 179 2970 ex
197 2910 292 2970 Marci
311 2910 409 2971 verbis
429 2913 571 2995 colligere
591 2912 674 2972 licet:
705 2909 777 2970 dicit
795 2909 873 2969 enim
894 2921 1029 2988 precatus
1050 2929 1127 2982 esse,
1158 2927 1197 2966 ne

63 3001 148 3046 nasu
165 2989 314 3063 ηςίοκηι
332 2987 414 3048 abire
434 3002 624 3072 cogerentur.
662 2988 699 3046 In
717 3005 839 3060 summa,
858 2985 916 3046 hoc
936 3005 967 3044 se
987 2985 1111 3068 ingenio
1132 3003 1195 3046 esse

65 3065 204 3142 produnt,
223 3077 257 3123 ut
276 3064 351 3124 nihil
370 3065 463 3146 magis
483 3076 625 3146 appetant
644 3083 731 3144 quam
751 3062 870 3123 humani
889 3061 1006 3144 generis
1026 3060 1153 3122 exitium.

136 3141 243 3200 Matth.
270 3145 318 3206 31.
369 3139 409 3200 Ut
426 3141 615 3233 defige-m
643 3145 676 3200 ist
701 3161 820 3216 gregem
842 3159 1011 3215 porcorum.
1055 3137 1198 3198 Divinant

67 3211 198 3295 qnidam,
217 3237 248 3277 ὀ
272 3228 346 3277 tasse
366 3217 479 3280 irruere
498 3239 529 3278 rn
549 3238 674 3300 porcos,
721 3205 767 3277 uia
786 3215 887 3278 infesti
905 3217 964 3275 sint
983 3213 1118 3275 omnibus
1137 3213 1197 3274 Dei

67 3293 212 3354 creaturis.
289 3313 327 3353 oc
352 3295 469 3372 quidem
493 3316 595 3356 cerum
619 3315 682 3355 esse
699 3238 819 3368 lateor,
849 3304 930 3352 totos
949 3291 980 3352 in
1001 3313 1037 3352 eo
1059 3313 1139 3368 csse,
1165 3303 1199 3351 ut

65 3377 157 3429 totum
182 3381 306 3430 naturae
331 3371 465 3433 ordinem
490 3371 628 3433 divinitus
653 3370 844 3430 constitutum
864 3368 1005 3448 dissipent
1024 3390 1057 3428 ac
1078 3389 1198 3449 perver-

67 3457 138 3507 tant:
166 3447 286 3530 longius
305 3458 404 3507 tamen
423 3449 582 3528 respexisse
602 3460 713 3509 certum
734 3458 791 3521 est,
815 3459 848 3506 ut
866 3445 978 3506 scilicet
996 3445 1128 3528 regionis
1150 3445 1197 3504 in-

66 3524 142 3584 colas
165 3544 331 3662 pprcorum
355 3523 465 3616 iactura
484 3525 524 3618 ,ad
549 3523 784 3585 maledicendum
802 3523 870 3584 Deo
890 3522 1084 3614 impellerent.
1122 3523 1199 3581 Nam

63 3598 1198 3758 iiiiapilisiaiiaddidffllendlniusadiffiiliirlibabaliildtelicdltniritimhinomm

63 3756 202 3815 adversus
227 3753 327 3813 Deum
353 3753 467 3814 fremat.
512 3756 644 3816 christus
668 3774 742 3814 vero
768 3773 900 3813 annuens
924 3773 986 3812 non
1007 3771 1110 3810 eorum
1129 3759 1199 3808 vota

64 3831 197 3904 exaudit,
226 3831 279 3890 sed
307 3830 361 3890 bac
387 3831 543 3894 occasione
568 3831 697 3913 probare
722 3829 801 3903 vult,
833 3829 933 3909 quales
959 3829 1018 3888 sint
1038 3823 1200 3886 Gadareni.
1293 3841 1296 3846 ·

62 3907 203 3968 Fortasse
223 3907 311 3966 etiam
334 3917 366 3965 ut
385 3927 487 3968 eorum
506 3907 762 3990 sceleracaetiget,
781 3918 893 3966 tantum
906 3903 1043 3964 licentiae
1057 3901 1200 3982 pennittit

64 3985 191 4046 diabolis
211 3985 242 4043 in
265 4003 369 4043 eorum
388 4005 505 4064 porcos.
545 3983 704 4045 Caeterum
724 3982 856 4042 utnulla
876 3981 962 4041 nobis
983 3989 1099 4041 constet
1119 3989 1199 4038 certa

62 4063 156 4136 ratio,
188 4059 339 4121 occultum
363 4071 459 4122 tamen
479 4060 539 4120 Dei
559 4060 697 4122 iudicium
717 4065 889 4120 reverenter
907 4055 1071 4137 suspicere,
1101 4065 1131 4114 et
1151 4055 1199 4191 pia

62 4139 229 4200 bumilitate
249 4137 375 4197 adorare
394 4137 544 4197 convenit.
574 4137 676 4198 Docet
694 4148 791 4196 autem
811 4136 858 4195 hic
876 4133 969 4208 locus,
989 4153 1076 4212 quam
1090 4130 1155 4191 insu
1167 4151 1200 4192 se
1227 4181 1232 4198 ,

63 4229 217 4298 ungentur
240 4213 362 4295 profani
385 4213 502 4293 quidam
528 4214 677 4288 homines,
708 4211 758 4292 qui
784 4210 919 4273 diabolos
944 4230 1006 4268 non
1031 4207 1201 4270 essentiales
1292 4278 1294 4288 Ι

63 4295 199 4371 spiritns,
217 4292 272 4352 sed
292 4301 407 4382 tantum
426 4311 530 4372 pravos
550 4291 702 4382 bominum
722 4289 845 4350 affectam
866 4287 1071 4378 essefingnut.
1112 4286 1202 4375 Quos

62 4371 154 4434 nodo
176 4369 258 4432 enim
278 4377 415 4444 avanba,
433 4367 572 4447 ambitio,
591 4367 757 4444 crudebtas,
775 4363 910 4446 perfidae,
928 4383 960 4426 m
979 4383 1089 4444 porcos
1107 4363 1200 4423 derm-

1091 4625 1105 4656 b

1092 4759 1103 4794 l

1232 56 1263 199 ll

1085 3673 1198 3732 erendo
1262 3685 1268 3720 ·.
