2768 4856
163 291 234 338 xxm
545 271 600 333 10.
622 268 791 338 cstvutl
811 269 912 330 VITA

167 441 199 492 et
217 430 249 489 io
268 426 393 502 alienam
412 443 535 488 messem
554 423 690 486 iniecisse
709 423 814 484 falcem
833 423 990 485 rideretur.
1035 419 1200 513 Respondit
1219 417 1293 480 Can-

167 527 230 582 sar,
259 507 339 585 qnod
363 525 487 584 aequum
514 502 635 574 certsuit.
681 499 820 562 Calvinus
845 511 957 573 autem,
987 500 1066 580 quod
1091 521 1123 563 ιιι
1147 498 1182 559 iis
1207 497 1293 558 literis

63 629 67 636 .
190 582 297 645 rariter
316 581 393 656 laesa
414 590 477 640 erat
494 578 649 662 Evangelii
668 577 773 638 veritas
793 578 968 658 piorumque
987 576 1174 649 innocentia,
1192 572 1294 634 Ponti-

167 603 230 721 dcis
256 657 405 720 audaciam
427 655 577 737 repressit.
620 655 753 714 Fuerunt
771 667 833 714 tum
853 653 958 732 Spirae
978 655 1079 714 coacta¹
1098 651 1215 732 imperii
1236 650 1295 711 Co-

167 735 264 797 mitia:
291 755 347 816 qno
367 746 485 813 accepta
508 733 664 794 occasione
685 730 824 793 Calvinus
844 729 982 806 libellum,
997 728 1089 789 edidit
1106 729 1145 820 ple
1164 727 1296 788 Necessi-

167 825 229 894 tate
248 811 453 873 reformandae
464 808 625 880 Ecclesiae,
645 829 706 888 quo
726 808 803 868 haud
821 807 889 866 satis
908 807 970 867 scio
990 827 1028 866 an
1046 805 1137 865 ullum
1150 804 1297 864 nervosius
1355 824 1356 828 ¹

169 901 201 951 et
277 887 341 949 vitis
368 887 430 948 eius
456 885 621 968 argtnoeoti
645 885 700 944 scri
723 896 785 944 tum
809 893 913 944 nostro
934 882 1053 942 saeculo
1074 883 1183 943 editum
1204 879 1298 940 fuerit.

168 908 285 1028 Eoiiin
305 962 534 1025 aunoCalvinus
553 975 616 1022 tom
635 907 841 1040 hnaiaptistas
860 971 922 1020 tum
942 958 1111 1019 Libertinos
1128 959 1175 1036 (io
1197 955 1311 1036 quibos'

168 1055 285 1105 veteres
316 1061 417 1101 omnes
451 1039 635 1119 quantumvis
660 1049 851 1118 portentosae
877 1049 1036 1097 renovatae
1061 1046 1129 1094 sunt
1152 1034 1300 1112 haereses)

170 1120 285 1182 duobus
304 1117 411 1178 libellis
430 1115 470 1176 ita
488 1115 643 1190 refutavit,
665 1126 705 1176 ‘ut
723 1114 870 1174 nemiuem
887 1115 925 1174 iis
944 1123 1055 1173 attente
1076 1111 1158 1172 lectis
1178 1107 1301 1170 arbitrer

143 1267 147 1273 Ι
171 1195 328 1269 exstitisse,
356 1194 407 1276 qui
429 1192 478 1253 vel
504 1191 541 1253 ab
566 1191 626 1252 istis
650 1191 706 1252 nisi
729 1191 825 1250 sciens
850 1204 881 1251 et
900 1191 1027 1270 prudens
1048 1188 1144 1268 decipi
1163 1185 1302 1268 potuerit,

169 1273 217 1334 vel
247 1273 272 1332 si
298 1283 384 1332 antea
410 1271 550 1350 deceptus
576 1279 655 1342 erat,
693 1288 755 1326 nou
781 1267 859 1326 ultro
884 1269 914 1326 in
939 1277 1048 1328 rectam
1073 1265 1149 1324 riam
1174 1262 1301 1323 redierit.

171 1349 297 1411 Offensa
318 1357 475 1408 esttamen
496 1347 553 1406 isto
573 1344 651 1405 libro
671 1343 702 1404 in
722 1343 892 1404 Libertinos
911 1343 991 1402 edito
1010 1343 1194 1414 Nasamona,
1245 1339 1303 1398 uod

171 1425 209 1486 ab
235 1420 313 1484 illius
339 1423 504 1484 horrendae
529 1433 626 1484 sectae
649 1419 848 1502 antesignanis
873 1419 986 1480 duobus
1008 1418 1156 1492 Quintino
1178 1423 1208 1476 et
1224 1359 1304 1475 ioc—
1357 1462 1358 1494 ,

158 1523 276 1582 ⁴queso,
296 1521 335 1580 qu
357 1521 370 1558 s
389 1497 563 1561 nominatim
582 1496 723 1557 Calvisius
738 1501 960 1578 arguerat(rem
993 1492 1305 1570 aeneincredibilem),
1357 1533 1358 1538 κ

171 1521 427 1658 cousquefdisset
445 1575 602 1646 fascinata,
622 1585 669 1648 ut,
689 1592 778 1653 qtrttut
798 1573 930 1652 alioquin
949 1517 1068 1631 illorum
1087 1571 1224 1651 mysteria
1244 1589 1305 1627 non

169 1649 302 1734 tenereti
318 1669 374 1732 pro
395 1653 482 1712 bonis
501 1651 571 1712 viris
591 1649 657 1709 illos
678 1649 810 1721 haberet,
830 1671 864 1710 ac
875 1649 1000 1729 proinde
1010 1669 1074 1708 sese
1087 1647 1303 1729 quodammodo

93 1785 102 1810 ,
195 1723 227 1791 el
243 1734 354 1806 (eorum
373 1727 448 1788 latus
468 1722 632 1788 confossam
654 1725 854 1786 arbitraretur.
895 1725 986 1799 Quod
1007 1745 1095 1804 quom
1116 1722 1305 1782 intellexisset

170 1753 324 1882 helvinus,
343 1805 385 1864 sic
403 1805 446 1864 illi
463 1805 538 1864 mira
580 1805 682 1863 uadam
699 1801 906 1861 moderatione
926 1801 1089 1881 respoudit,
1109 1811 1141 1859 ut
1160 1811 1190 1859 et
1208 1798 1307 1880 ‹tigni-

171 1884 241 1944 tatis
269 1894 299 1942 et
318 1880 493 1943 collatorum
513 1881 550 1940 ab
592 1897 625 1940 ac
645 1879 761 1962 Regina
781 1879 809 1936 in
831 1879 992 1938 Ecclesiam
1013 1877 1124 1938 Christi
1145 1875 1307 1934 beneficio-

172 1977 239 2022 rum
264 1977 393 2032 memor,
408 1957 552 2040 'ingenue
577 1965 675 2016 tamen
703 1966 733 2014 et
757 1955 895 2032 cordate,
926 1965 959 2012 ut
983 1953 1091 2012 fortefn
1116 1952 1175 2012 Dei
1194 1973 1308 2012 servum

89 2111 93 2118 ἱ
173 2035 320 2118 oportuit,
339 2033 458 2094 nimiam
478 2034 555 2093 tilius
575 2032 604 2092 in
625 2031 812 2112 admittendis
831 2029 993 2092 istiusmodi
1013 2031 1180 2090 homiuibus
1197 2029 1309 2108 impru-

174 2111 305 2180 dentiam
328 2111 570 2190 reprehenderit,
609 2121 639 2170 et
663 2107 818 2168 ministerii
845 2105 889 2166 sui
915 2105 1121 2167 auctoritatem
1146 2105 1312 2175 asseruerit,

174 2187 313 2249 effecerit
331 2186 474 2266 denique,
498 2197 532 2251 nt
548 2186 716 2246 horrendae
734 2183 957 2246 Libertiuorum
976 2196 1072 2243 sectae
1093 2183 1242 2255 homines,
1263 2181 1312 2261 qui

171 2265 204 2326 in
225 2262 352 2324 Galliam
372 2283 464 2355 usque
483 2282 546 2324 sese
567 2262 722 2325 effundere
743 2271 920 2350 coeperant,
932 2272 1036 2340 postea
1055 2279 1118 2322 sese
1137 2260 1215 2320 intra
1235 2259 1326 2318 Hol-·

171 2341 289 2403 landiae
309 2349 339 2400 et
357 2360 553 2420 proximarum
572 2339 729 2420 regionum
748 2338 822 2397 fines
840 2337 1050 2398 controuerint.

252 2489 376 2575 (toto.)
404 2491 467 2574 'fot
486 2503 583 2552 autem
601 2489 685 2550 illius·
699 2459 776 2550 anni
788 2489 949 2552 laboribus
960 2491 1130 2553 defunctum
1150 2509 1227 2550 nova
1245 2511 1315 2551 rur-

176 2589 240 2634 sum
270 2569 434 2630 certamina
463 2567 724 2660 §censuissetis
762 2587 855 2660 eaque
882 2567 973 2703 ioppe
998 2567 1164 2659 gpovissima
1186 2585 1316 2658 ‘excepe-

177 2659 257 2710 runt
295 2647 369 2707 Nam
392 2665 473 2725 quast
493 2656 582 2726 pestes
602 2644 741 2704 dtvruttus
761 2664 887 2705 tmmtssa
906 2665 938 2704 es
962 2645 1118 2705 aurtendae
1138 2655 1247 2704 otvtutr
1266 2657 1317 2706 to-

177 2726 260 2860 titpae
281 2722 408 2786 'viciniae
433 2743 495 2783 non
520 2719 686 2794 sufficeret,
717 2742 809 2800 usque
830 2722 904 2780 adeo
925 2721 1003 2814 apu'd
1023 2721 1217 2802 pauperculos
1237 2743 1318 2781 non-

178 2823 220 2860 nu
232 2801 277 2860 los
303 2797 426 2859 avaritia·
441 2809 503 2858 tom
523 2795 629 2874 valuit,
661 2815 787 2876 quorum
808 2812 899 2876 opera
918 2796 1040 2858 ditiores
1060 2799 1090 2858 io
1111 2796 1245 2859 curandis
1265 2817 1318 2858 ac-

219 2877 276 2937 etis
303 2893 337 2934 ac
361 2874 555 2956 repuigandis
581 2872 702 2933 aedibus
726 2873 901 2950 utebantur,
930 2885 963 2952 ut
982 2875 1129 2938 horrenda
1150 2873 1222 2934 inita
1242 2893 1334 2934 con-·

180 2952 329 3015 roratione
354 2949 497 3085 pestifero
524 2949 655 3032 unguinp
680 2950 835 3011 domorum
861 2962 961 3086 postes
981 2973 1014 3010 ae
1035 2951 1134 3012 limina
1154 2962 1242 3030 atque
1263 2950 1322 3012 alia

183 3026 302 3110 quaevis
334 3025 420 3086 oria
449 3027 619 3100 inficerent,
656 3027 735 3086 uude
765 3047 834 3088 mox
859 3026 922 3087 sira
946 3029 1035 3108 pestis
1061 3028 1255 3107 sequebatur,
1291 3041 1324 3088 ct

127 3107 132 3122 ‘
181 3104 310 3166 terribili
329 3102 518 3164 iureiurando
538 3101 714 3162 sollenniter
733 3110 880 3184 concepto
893 3105 1019 3164 Satanae
1029 3125 1092 3167 sese
1105 3106 1323 3185 manciparent,

182 3182 207 3245 si
226 3180 345 3242 sceleris
365 3179 500 3244 conscios
518 3178 586 3238 ullis
606 3181 760 3239 tormentis
779 3180 874 3242 adacti
891 3181 1100 3272 prodidissent.
1142 3181 1213 3242 Non
1233 3183 1325 3262 pauci

182 3272 282 3320 tamen
307 3256 412 3337 partim
433 3255 480 3346 'in'
495 3255 585 3329 urbe,
622 3256 727 3390 partim
753 3257 785 3316 in
809 3257 912 3328 vicinas
936 3279 969 3317 re
992 3257 1109 3320 ionibus
1134 3257 1325 3336 deprehensi,

183 3336 324 3413 iustisque
344 3332 494 3424 supplicio
514 3342 582 3392 sunt
601 3334 711 3406 alecti.
744 3331 804 3398 Sed
823 3279 996 3394 incredibiie
1016 3335 1160 3408 dictuest,
1180 3345 1325 3413 quantum

185 3413 329 3473 Genevae
353 3421 385 3471 et
408 3410 463 3489 rpsi
487 3408 628 3500 imprimis
649 3407 782 3470 'Calvino
808 3409 945 3470 invidiam
970 3411 1092 3472 Satanas
1119 3411 1176 3471 hoc
1194 3411 1324 3492 artifipio

185 3486 339 3558 conflarit,
358 3488 449 3565 -quasi
468 3485 581 3546 scilieet
599 3485 640 3544 ibi
662 3487 749 3572 plane
768 3479 818 3546 ille
837 3498 992 3568 regnaret,
1020 3487 1072 3548 nbi
1092 3507 1179 3567 quam
1198 3488 1327 3548 maxime

185 3563 424 3647 oppugnabatur.
467 3562 537 3623 Fuit
561 3562 609 3623 bic
633 3562 710 3622 idem
736 3583 829 3623 annus
852 3563 969 3624 infamis
994 3565 1044 3624 illa
1069 3563 1134 3645 plus
1179 3583 1246 3624 nam
1266 3564 1328 3622 im-

185 3642 264 3728 rpsui
285 3639 578 3720 carnificium-quam
599 3640 738 3718 Aquense
758 3639 976 3736 Parlpmentnm
995 3642 1026 3700 in
1045 3641 1150 3702 fratres
1218 3637 1329 3700 alden-

186 3739 232 3778 ses
251 3715 453 3798 Meriodolae,
473 3728 503 3776 et
524 3713 689 3790 Cabricris,
708 3727 834 3796 totoque
854 3716 907 3777 illo
926 3729 1021 3780 tractu
1041 3715 1138 3798 [Aion
1157 3715 1329 3793 Metuant,

190 3793 340 3856 Ordessos
369 3807 406 3853 est
434 3792 614 3874 bossard,
654 3813 715 3852 non
747 3793 777 3852 io
808 3813 898 3852 tinum
922 3807 983 3863 aut,
996 3794 1119 3854 alterum
1146 3793 1330 3874 quempiam,

189 3872 240 3932 scd
261 3870 291 3962 {¹¹
312 3869 556 3966 pppulosuipsos,
584 3868 744 3930 uullo'n'ec
764 3870 866 3930 aetatis
886 3889 942 3932 nec
961 3891 1042 3931 sexus
1062 3871 1245 3948 discrimine,
1278 3871 1331 3929 in-

189 3967 283 4030 senos
311 3958 396 4006 ettam
423 3964 494 4006 vsots
519 3946 657 4006 exercuit
695 3947 778 4008 llaec
797 3959 895 4006 autem
912 3947 987 4008 mala
1009 3947 1163 4010 Calvinum
1182 3946 1332 4026 pauculos

189 4023 306 4084 illorum
321 4023 474 4084 Generum
495 4023 559 4082 refu
584 4021 675 4082 'entes
688 4023 838 4092 solantem
859 4045 892 4084 ac
911 4025 1091 4085 reficientem
1112 4041 1149 4085 eo
1164 4024 1334 4086 vehemen-

187 4100 245 4160 tius
275 4100 465 4180 premebant,
504 4042 591 4179 quod¹
614 4119 666 4160 cos
695 4111 781 4160 antea
804 4099 895 4161 literis
919 4101 1143 4180 stamusissisquex
1180 4099 1334 4161 astoribus

189 4195 266 4312 pure
288 4176 319 4236 in
345 4179 429 4236 Esau
451 4175 509 4236 clio
534 4175 731 4237 instituendos
755 4190 884 4251 curarat,
913 4198 1022 4258 atraque
1047 4178 1125 4268 apud
1195 4174 1335 4238 rmauiao

217 4253 344 4333 rincipes
373 4263 406 4311 et
465 4252 601 4313 elvetioas
626 4253 757 4316 civitates
779 4254 992 4315 intercessione
1015 4255 1217 4345 periclitantes
1240 4263 1337 4314 antea

190 4341 330 4390 servarat.
370 4328 602 4404 Gliscebat-,tum
624 4351 742 4410 quoque
760 4351 875 4406 rossum
892 4331 1064 4392 infelirhlla
1083 4333 1120 4392 de
1138 4329 1244 4392 Coena
1264 4331 1338 4390 Do-

191 4405 264 4466 mioi
292 4404 470 4485 decertatio,
500 4405 649 4468 Osiaudro
675 4407 807 4472 homine.
820 4408 949 4490 superbo
975 4407 1194 4490 monstrosique
1206 4408 1337 4492 ‘ingenii
