2756 4838
138 254 205 316 ‘tto
297 245 412 310 SECT.
433 225 540 306 ron(
568 241 835 306 ιιιιιιιιιιοιιιιιι
855 251 1152 302 uaenrusrrorrss

88 419 214 493 pem
237 401 450 470 circumdedit
473 404 512 498 ιι,
522 411 566 467 et
587 398 702 466 iodit'
692 419 726 464 ιιι
749 417 787 462 ea
807 393 960 476 torcular,
979 405 1012 460 et
1034 391 1224 461 aedificarit
1246 403 1308 466 iur-

142 513 217 592 rim,
240 518 286 596 et
305 508 430 583 Ιοιιιιι
452 527 522 572 eam
546 501 711 590 agricolis,
744 523 781 566 ac
807 520 943 587 peregre
965 497 1132 614 proiectus
1154 509 1214 566 est
1255 499 1307 564 34

145 583 257 698 Quom
277 622 383 677 autem
408 610 534 696 tempus
555 608 721 673 lructuum
753 604 1062 721 appropinquasset,
1087 603 1176 666 misit
1200 619 1309 667 serres

142 737 220 782 suos
243 714 285 781 ad
291 711 478 810 agricolas,
511 721 547 810 ut
546 711 772 806 acciperent
776 709 933 772 leucius
924 707 1033 806 rpsius
1080 705 1133 771 35.
1167 705 1210 770 Et
1232 707 1308 790 agri·

146 816 239 887 colae
257 799 482 904 apprehensis
502 817 604 880 sarria
631 816 701 878 eius
729 793 825 876 alium
855 771 1059 884 cecidcdunt,
1102 806 1201 874 alium
1228 812 1309 874 occi-

146 919 280 997 derunt,
313 917 410 985 alium
431 939 527 984 vero
533 916 768 1002 lapidaverunt.
814 913 865 996 36.
889 909 1015 976 lterum
1036 914 1121 977 misit
1143 911 1227 980 alios
1246 933 1310 976 ser-

145 1042 204 1087 ros
231 1019 342 1110 plures
360 1021 541 1110 prioribus,
550 1063 553 1072 ·
576 1029 608 1084 et
634 1017 782 1082 lecerunt
809 1014 873 1082 illis
891 1015 1055 1084 similiter.
1108 1012 1158 1079 37.
1191 1013 1311 1080 Novis-

58 1129 61 1136 '
145 1127 224 1192 sime
246 1134 352 1202 autem
374 1126 456 1190 misit
475 1123 519 1190 ad
543 1144 601 1190 eos
625 1119 727 1188 filium
756 1139 862 1196 ιιιιιιιι,
899 1117 1030 1194 dicens,
1058 1116 1310 1184 Reverelruntur

50 1231 57 1248 ‘
145 1226 248 1294 filium
270 1247 398 1294 mcum.
425 1227 484 1292 33
517 1223 689 1312 Agricolae
718 1233 822 1287 autem
850 1224 920 1288 riso
947 1217 1018 1286 filio
1047 1218 1194 1286 dixerunt
1218 1223 1309 1286 intra

146 1351 193 1408 se,
212 1329 275 1394 llic
297 1341 345 1395 est
365 1329 493 1394 haeres:
513 1329 632 1407 venite,
652 1305 837 1392 occidamus
855 1347 936 1404 eum,
963 1335 994 1390 et
1016 1343 1210 1410 occupemus
1231 1323 1312 1388 hae·

147 1431 316 1498 radicalem
340 1435 418 1498 eius.
472 1417 523 1502 39
553 1432 595 1498 Et
622 1428 857 1517 apprehensum
886 1429 1054 1494 eiecerunt
1074 1448 1113 1492 ex
1133 1430 1247 1504 vinea,
1280 1437 1315 1490 et

148 1535 347 1603 occiderunt.
400 1539 450 1602 40.
485 1536 594 1622 Quum
630 1555 707 1618 ergo
735 1537 861 1597 'venerit
888 1532 1038 1598 dominus
1064 1533 1200 1606 vineae,
1231 1529 1312 1616 quid

123 1641 243 1706 'laciet
266 1637 415 1724 agricolis
437 1638 521 1716 illis?
581 1630 637 1704 41.
664 1640 765 1702 Aiunt
784 1632 849 1712 illi,
880 1633 990 1720 Quum
1013 1631 1089 1699 mali
1110 1637 1191 1712 sint,
1226 1631 1311 1702 male

147 1743 265 1832 perdet
287 1763 359 1817 eos,
396 1748 427 1804 et
449 1743 573 1806 vineam
598 1759 686 1804 susm
715 1735 838 1802 locabit
865 1735 938 1802 aliis
964 1736 1129 1822 agricolis,
1159 1739 1218 1824 qui
1238 1737 1313 1802 red-

148 1845 226 1912 dent
248 1848 279 1908 ei
301 1844 435 1908 lrnctum
456 1841 657 1930 temporibus
678 1845 752 1906 suia.
808 1841 860 1904 42.
889 1841 978 1904 Dicit
1003 1838 1068 1904 illis
1089 1841 1193 1918 lesus,
1222 1840 1313 1905 Nim-

149 1971 244 2038 quam
275 1945 396 2032 legistis
433 1947 477 2010 in·
497 1945 681 2033 Scripturis,
714 1944 889 2033 Lapidem,
920 1965 1014 2032 quem
1051 1941 1312 2030 reprobaverunt

78 2068 82 2076 ’
150 2050 373 2126 aedificantes,
395 2047 446 2114 iric
467 2047 569 2150 lactqe
591 2058 640 2114 est
660 2050 694 2113 in
716 2059 812 2134 caput
833 2048 956 2134 anguli:
983 2047 1171 2114 {Domino
1193 2047 1309 2111 iactum

149 2167 198 2222 est
220 2154 300 2233 hoc,
321 2162 353 2218 et
375 2162 423 2219 est
444 2151 591 2218 mirabile
612 2153 645 2217 in
667 2150 772 2216 oculis
793 2154 930 2217 nostris?
971 2153 1024 2218 43.
1052 2150 1133 2216 ldeo
1157 2150 1229 2216 dieo
1252 2171 1313 2214 ro-

147 2255 214 2337 lris,
249 2255 463 2348 Auferetur'a
484 2254 579 2321 vohis
599 2276 732 2341 regnum
754 2254 851 2336 net„
868 2253 1050 2322 etdabitur
1071 2257 1159 2341 genti
1182 2253 1313 2322 facienti

147 2362 270 2428 fructus
292 2361 392 2443 eius„
419 2357 471 2422 44.
502 2358 544 2423 Et
557 2361 621 2444 qui
645 2356 799 2423 ceciderit
820 2379 918 2442 super
937 2356 1079 2445 lapidem
1102 2357 1205 2434 hunc,
1234 2379 1314 2424 con·

6 2475 10 2482 '
147 2463 319 2550 lringetur:
352 2481 566 2548 superquam
587 2481 667 2527 vero
690 2459 860 2538 ceciderit,
892 2447 1040 2529 ¹conteret
1061 2483 1144 2527 enm.
1187 2462 1241 2526 45.
1273 2461 1315 2526 Ει

148 2564 247 2656 quum
275 2564 440 2630 audissent
470 2567 631 2651 principes
657 2563 868 2630 sacerdotum
891 2586 929 2629 ac
950 2567 1115 2634 Pharisaei
1136 2562 1316 2652 parabolas

149 2675 234 2737 ιιιιιι
256 2677 492 2759 cognorerunt,
513 2668 602 2756 quod
625 2667 767 2754 deipsis
788 2665 919 2732 diceret.
969 2669 1019 2734 46.
1051 2670 1095 2734 Et
1115 2679 1317 2756 quaerentes

83 2850 88 2864 ‚
148 2794 220 2840 enm
242 2767 532 2880 comprehendere,
552 2773 725 2837 timuerunt
748 2769 871 2850 turbas,
898 2771 973 2856 quia
994 2778 1145 2884 tanquam
1168 2771 1318 2860 l‘roplre-

146 2888 211 2944 tam
234 2896 307 2941 eum
301 2869 501 2942 habebant.
596 2883 607 2910 ‘

229 3125 368 3230 Mane.
395 3127 463 3192 Xll.
527 3124 556 3191 1.
598 3124 640 3191 Et
671 3129 779 3214 coepit
812 3120 876 3194 illis
908 3150 969 3216 per
998 3127 1173 3215 parabolas
1206 3129 1316 3218 loqui:

147 3233 281 3299 Vineam
303 3231 459 3318 plantavit
480 3227 594 3304 homo,
637 3240 670 3296 et
695 3231 906 3298 circumdedit
932 3249 1056 3320 sepem,
1097 3243 1131 3298 et
1160 3233 1250 3300 lodit
1270 3233 1318 3300 ls-

8 3321 13 3334 ’
123 3357 226 3414 cum,
248 3347 280 3402 et
302 3331 484 3400 aedificavit
504 3332 624 3410 turrim,
646 3341 679 3398 et
700 3333 839 3404 elocarit
860 3355 929 3401 cem
941 3331 1099 3418 agricolis,
1121 3346 1154 3402 et
1172 3359 1315 3424 peregre

144 3437 309 3526 proiectus
345 3449 402 3502 est.
442 3435 472 3499 2.
499 3434 541 3500 Et
566 3437 650 3502 misit
675 3452 862 3526 opportuno
894 3449 1040 3523 tempore
1073 3436 1115 3504 sd
1148 3439 1311 3528 agricolas

144 3563 284 3618 servum,
316 3550 353 3604 ut
372 3536 414 3603 ab
437 3535 587 3624 agricolis
614 3543 775 3629 acciperet
796 3566 815 3609 c
837 3543 941 3610 iructu
968 3541 1094 3608 vineae.
1135 3545 1166 3608 3.
1194 3541 1307 3609 Atilii

143 3633 304 3733 arreptu‘m
327 3663 401 3709 eum
423 3629 621 3720 ceciderunt,
656 3665 693 3706 ac
719 3647 910 3712 remiserunt
934 3665 1078 3712 vacuum.
1120 3643 1213 3713 4Ει
1232 3663 1309 3706 rnr-

142 3767 212 3812 sum
234 3745 319 3812 misit
339 3742 381 3810 ad
403 3743 478 3810 illos
500 3743 597 3810 alium
615 3765 756 3811 serrumr
796 3757 828 3814 et
854 3746 901 3812 illi
929 3747 1084 3812 coniectis
1105 3749 1140 3814 in
1163 3767 1235 3812 eum
1254 3767 1312 3812 sa-

141 3851 191 3916 xia
218 3857 320 3935 caput,
346 3846 395 3913 illi
427 3845 658 3928 contuderunt,
699 3851 955 3936 remiseruntque
987 3847 1195 3916 contumeliis
1224 3849 1314 3914 alie-

141 3962 235 4018 ctum.
278 3953 308 4020 6.
328 3951 370 4017 Et
391 3973 517 4020 rursum
536 3949 632 4017 alium
653 3952 752 4028 misit,
782 3960 814 4016 et
833 3950 925 4018 illum
947 3953 1153 4030 occiderunt,
1174 3951 1316 4020 multos

140 4075 206 4138 quc
235 4053 335 4134 alios,
368 4055 429 4121 lma
455 4053 586 4140 quidem
614 4054 801 4132 credentes,
829 4053 906 4122 illos
931 4075 1011 4122 vero
1037 4055 1234 4122 occidentes
1275 4057 1315 4121 6.

136 4156 251 4244 ltaque
273 4179 370 4244 quum
390 4180 488 4223 unum
511 4157 617 4224 adhuc
637 4157 774 4224 haberet
800 4156 902 4226 filium
926 4179 1019 4224 suurn
1049 4156 1223 4236 dilectum,
1247 4161 1316 4224 rni-

137 4261 180 4322 rit
199 4259 293 4324 etiam
317 4281 389 4326 eum
411 4260 452 4328 ad
469 4258 546 4326 illos
558 4271 763 4347 postremum,
784 4258 904 4342 dicens,
924 4261 1179 4329 llorerebnntnr
1198 4259 1313 4328 lilium

136 4377 252 4422 meum.
295 4361 323 4424 7.
354 4361 405 4426 illi
426 4383 506 4458 vero
528 4364 690 4450 agricolae
711 4345 889 4433 dixerunt
884 4367 969 4432 intra
989 4387 1041 4444 ae,
1070 4364 1133 4432 llic
1155 4376 1205 4432 est
1226 4365 1317 4432 hae-
