2764 4854
933 1 1381 50 ''t'‘'‘l

161 220 220 286 3ae
385 213 500 278 SECT.
521 213 601 276 XIX.
639 225 773 272 enatem
791 227 910 274 rassro
931 227 973 272 nr
994 227 1093 274 mons.

48 383 51 394 ⁴
153 360 217 452 'plo
241 341 396 444 docerem,
429 365 511 426 mdlo
535 357 659 428 militum
680 368 791 448 impetu
810 366 896 426 lacile
916 365 974 428 luit
992 387 1040 426 me
1060 385 1178 446 capere.
1220 365 1326 442 Quan-

165 467 252 528 quam
276 455 373 508 antem
398 443 435 504 dn
454 443 564 504 malitia
583 445 716 536 ipsorum
728 445 942 536 conqueritur,
968 443 1035 522 quia
1062 441 1213 524 sioknter
1236 445 1271 504 in
1296 465 1328 504 se

163 535 302 602 tanquam
322 521 353 580 in
372 521 521 585 bominem
539 521 709 582 scdrtroanm
727 534 884 594 irruerent,
904 541 1003 580 rursus
1021 532 1122 580 tamen
1143 521 1250 580 malam
1271 541 1324 581 eo-
1380 571 1381 586 ,

163 589 229 660 lum
249 597 459 660 conscientiam
483 598 604 687 pungit,
627 599 708 688 quod
727 597 802 658 duce
822 597 978 676 proditore
997 617 1059 658 non
1080 597 1139 658 nisi
1158 597 1277 678 trepide
1296 611 1327 658 ct
1380 633 1381 648 r

164 697 230 738 cuna
249 673 347 737 multis
368 674 547 734 diffidentiae
566 695 658 756 signis
677 675 714 734 ad
735 693 801 734 eum
820 674 1005 734 accederent

160 791 162 797 ι
230 757 287 818 ’56.
324 750 396 812 Hoo
418 765 512 812 maen
534 765 623 812 totum
638 752 760 831 scotum
785 764 834 810 est.
881 751 976 816 Panlo
1003 750 1089 810 aliter
1121 749 1232 828 reliqui
1257 749 1326 810 dno.

163 831 239 890 Nam
259 828 339 906 quod
358 827 389 886 in
408 849 460 890 sua
478 847 605 906 persona
625 827 729 892 recitat
747 827 920 900 Matthaeus,
939 826 1056 886 videtur
1075 827 1195 886 Marcus
1207 825 1326 887 Christo

163 905 306 966 tribuere.
336 903 438 964 ‹Lucas
457 903 545 964 etiam
565 903 684 966 dirersis
704 904 800 964 verbis
820 903 928 978 utitur,
952 904 1034 982 qnod
1052 899 1124 962 laneo
1141 906 1181 962 sia
1197 907 1327 978 ipsam

161 981 249 1057 'bocru
269 995 295 1042 et
308 993 435 1056 potestas
452 979 642 1044 muco.
682 979 847 1042 Consilium
871 991 969 1040 umen
990 979 1119 1060 Spiritus
1145 979 1242 1040 sancti
1261 1001 1327 1042 eer-

143 1071 227 1118 .tum
245 1069 313 1132 est,
337 1057 475 1138 quicquid
500 1056 658 1117 machinati
678 1057 790 1118 luerint
808 1055 906 1136 impii,
931 1055 1004 1115 nibil
1032 1055 1156 1116 omnino
1182 1057 1249 1116 sine
1268 1057 1328 1116 Dei

165 1147 238 1194 nutu
259 1145 289 1194 et
307 1133 492 1214 providentia
511 1133 599 1194 luisse
619 1146 723 1194 actum.
752 1129 828 1194 Nam
847 1134 937 1223 (sicut
956 1132 1036 1211 prins
1056 1132 1169 1202 dictum*
1189 1132 1245 1192 luit
1279 1133 1328 1192 ni-
1380 1149 1381 1172 ³

64 1269 66 1276 ,
99 1243 104 1258 =
166 1211 208 1276 bil
227 1222 347 1272 testatus
367 1211 503 1272 estDeus
522 1230 576 1289 per
594 1230 662 1270 suos
681 1211 858 1290 Prophetas,
875 1231 931 1270 urst
951 1209 1030 1289 quod
1050 1207 1129 1288 apud
1148 1229 1181 1269 se
1201 1208 1237 1269 de
1281 1209 1328 1270 ie·
1380 1227 1381 1272 ἲ

165 1300 219 1348 rat
259 1287 316 1348 Hic
337 1307 410 1368 ergo
430 1286 556 1366 primum
575 1288 733 1360 docemur,
757 1286 942 1377 quantumvis
961 1285 1070 1370 eslrcni
1090 1285 1214 1357 libidine
1234 1287 1327 1346 Satan

166 1365 288 1426 castiltet
306 1373 372 1425 crtm
392 1363 489 1442 impiis
513 1363 665 1439 omnibus,
691 1361 836 1424 dominari
860 1373 959 1422 tamen
983 1383 1101 1442 semper
1119 1362 1179 1422 Dei
1198 1383 1328 1434 manunt,
1380 1367 1381 1440 J

166 1455 199 1502 ut
223 1441 331 1504 invitos
355 1441 452 1500 trabat
475 1460 653 1519 quocunque
677 1439 812 1500 volucrit.
850 1437 1003 1500 Docemur
1022 1438 1169 1512 secundo,
1195 1438 1327 1518 quamvis
1380 1441 1381 1448 ’

165 1517 249 1599 impii
272 1517 443 1598 compleant
465 1515 546 1596 quod
566 1515 724 1652 scripturis
749 1515 931 1606 praedictum
955 1527 1015 1588 est,
1042 1514 1111 1594 quia
1136 1525 1237 1574 tamen
1259 1515 1327 1596 ips'n

166 1597 249 1664 Dens
273 1615 334 1654 non
359 1595 452 1654 utitur
474 1605 523 1654 tan
547 1613 612 1654 uam
654 1593 780 1674 egitimrs
803 1592 958 1664 ministris,
984 1591 1036 1652 sed
1061 1611 1171 1650 arcano
1200 1591 1327 1672 impulsu
1380 1619 1381 1650 t

167 1673 269 1765 dirigit
287 1692 347 1750 qno
367 1670 486 1729 minime
505 1613 627 1744 vellent,
645 1691 708 1730 nou
727 1689 790 1730 esse
811 1667 1002 1730 excusabiles:
1024 1679 1053 1728 et
1065 1689 1164 1804 Iquum
1179 1667 1263 1729 Deus
1282 1669 1326 1728 iu-

167 1761 351 1827 sterpsorum
362 1745 471 1806 malitia
492 1746 735 1826 utatur,·culpam
749 1746 785 1818 in
804 1745 875 1826 ipsis
896 1746 1026 1805 haerere.
1095 1755 1212 1804 otcmus
1231 1745 1326 1806 inter-
1380 1773 1381 1778 ¹

168 1845 220 1899 ea,
245 1825 302 1884 hoc
322 1843 338 1884 a
360 1823 479 1884 Christo
500 1821 589 1880 luisse
609 1822 735 1898 dictum,
753 1833 788 1882 ut
805 1821 973 1882 scandalum
992 1819 1131 1894 tolleret,
1155 1821 1238 1900 quod
1258 1821 1327 1882 alias
1380 1863 1381 1874 2

167 1922 230 1961 non
250 1920 353 1978 parum
372 1897 517 1958 turbasset
535 1896 678 1971 infirmos,
719 1921 787 1959 uum
807 1911 867 1958 tam
887 1897 1100 1972 contumeliose
1120 1895 1217 1976 ipsum
1229 1897 1326 1958 serari

166 1977 382 2055 conspicerent
422 1973 599 2063 Quanquam
617 1993 680 2034 non
698 1921 849 2055 discipulis
868 1979 980 2034 ta'ntum
999 1973 1176 2048 consulere,
1199 1975 1251 2034 sed
1272 1976 1327 2034 bo-

166 2052 254 2114 atium
295 2071 392 2129 noque
411 2049 579 2130 superbrlm
602 2051 762 2112 retundere
787 2051 898 2126 voluit,
922 2072 960 2112 ne
985 2049 1068 2130 quasi
1093 2062 1179 2130 parta
1204 2051 1325 2112 victoria
1380 2045 1381 2100 l

166 2127 253 2189 trium
274 2071 330 2186 bos
349 2137 481 2218 agerent.
520 2125 594 2186 Ideo
613 2127 691 2206 apud
710 2128 922 2203 Lucamdieit,
940 2149 1111 2194 essemus
1230 2148 1324 2206 :qno

167 2151 313 2288 signillbat
337 2204 393 2264 itta
418 2205 455 2266 ad
481 2201 571 2266 breve
595 2214 711 2284 tempus
735 2227 752 2268 a
771 2205 904 2268 Domino
924 2203 1053 2284 permitti
1073 2142 1325 2268 laffustan.

166 2283 299 2342 Potestne
327 2296 421 2341 nutem
447 2277 706 2360 mebrmmpro
731 2280 878 2342 diabolica
903 2281 1059 2361 accipitur,
1091 2282 1175 2359 qnod
1205 2281 1324 2342 verbum

167 2364 266 2419 rursus
284 2357 321 2418 ad
341 2358 530 2420 evertendam
549 2357 679 2437 ipsorum
703 2357 828 2440 gloriam
847 2378 910 2432 nou
930 2379 1032 2438 parum
1055 2357 1163 2418 valuit:
1189 2377 1257 2418 nam
1281 2368 1326 2417 nt·
1380 2323 1381 2400 l

167 2455 284 2514 cunque
303 2453 335 2494 se
356 2434 500 2508 eliceant,
525 2432 659 2495 Christus
683 2445 781 2497 tamen
806 2435 896 2496 docet
919 2432 993 2494 nibil
1018 2453 1081 2496 esse
1108 2453 1198 2512 quam
1218 2433 1326 2495 diaboli

97 2513 100 2527 '
146 2509 322 2592 'mancipia
360 2511 457 2572 Porro
483 2511 551 2570 dum
570 2511 694 2572 confuse
713 2511 813 2572 omnia
833 2511 1006 2586 miscentur,
1033 2531 1067 2572 ac
1087 2509 1226 2572 diabolus
1245 2523 1326 2570 tene-
1380 2465 1381 2548 l

168 2589 235 2650 bras
254 2589 422 2668 spargendo
441 2598 538 2648 totum
557 2587 658 2648 mundi
678 2589 813 2650 ordinem
832 2589 949 2650 videtur
966 2598 1113 2662 evertere,
1132 2588 1261 2648 sciamus
1268 2609 1327 2646 snr-

166 2687 230 2726 sum
245 2664 280 2725 -iu
301 2665 392 2725 coelis
412 2663 582 2724 lucereDei
600 2663 827 2743 providentiam,
845 2676 879 2724 ut
897 2665 1014 2726 tandem
1034 2684 1111 2742 quae
1128 2665 1250 2724 turbata
1265 2675 1329 2724 sant
1380 2699 1381 2702 =

168 2754 345 2821 componat,
370 2739 498 2818 ideoque
523 2737 591 2800 fidei
612 2740 714 2802 oeulos
734 2741 771 2802 ad
790 2741 870 2802 illam
888 2741 1076 2802 serenitatem
1097 2740 1219 2822 erigere
1239 2742 1329 2800 disca-

167 2833 239 2878 mus.
279 2816 371 2891 Quod
392 2817 529 2878 dicuntur
539 2819 661 2897 Qasr
678 2839 775 2878 omnes
792 2816 942 2894 discipuli,
968 2817 1036 2878 binc
1055 2817 1167 2878 iterum
1188 2818 1262 2880 colli

101 2930 107 2945 ι
168 2893 239 2954 licet
257 2905 369 2972 quanto
389 2893 587 2972 promptiores
607 2895 644 2955 ad
662 2904 775 2956 temere
793 2895 984 2976 pugnandum
1002 2893 1116 2956 luerint
1131 2914 1224 2974 quam
1239 2836 1329 2958 aff:

168 2971 316 3048 quendum
335 2969 514 3052 magistrum.

244 3047 334 3106 lllarc.
354 3053 401 3111 51.
444 3044 527 3104 Unus
550 3045 787 3108 adolescentulus.
825 3045 914 3106 Unde
938 3045 1046 3108 lactum
1072 3046 1129 3120 sit,
1153 3057 1191 3106 nt
1215 3046 1329 3125 quidam
1380 3097 1381 3114 ,

167 3122 380 3183 somniaverint
400 3123 477 3182 hunc
496 3120 583 3184 luisse
603 3123 766 3199 loannem,
791 3123 906 3198 nescio,
932 3143 988 3186 nec
1011 3141 1122 3202 magno
1146 3143 1201 3184 ere
1227 3142 1342 3192 cumn,

169 3198 236 3260 dum
258 3210 315 3281 est:
341 3197 399 3258 boc
418 3219 464 3256 ma
488 3195 510 3258 is
531 3197 649 3260 adrem
669 3189 813 3279 pertinet,
836 3211 941 3260 tenere
966 3219 1106 3278 quorsum
1124 3143 1214 3260 banc
1240 3199 1328 3260 bisto-

167 3275 240 3334 riam
260 3275 376 3335 Marcus
406 3219 548 3336 retuderit
586 3277 654 3358 Ego
675 3297 746 3339 vero
766 3277 844 3338 bunc
863 3277 906 3336 illi
926 3275 1111 3356 propositum
1132 3276 1225 3337 luisse
1246 3277 1330 3334 linem
1380 3299 1381 3326 t

168 3351 314 3427 arbitror,
337 3350 541 3426 utsciremns,
564 3353 760 3428 tumultuose,
786 3353 837 3414 abs
859 3373 897 3414 ue
922 3353 1036 3432 pudore
1062 3365 1092 3412 et
1117 3353 1268 3414 modestia
1287 3357 1331 3430 (ut
1380 3361 1381 3370 ¹

168 3429 199 3488 in
220 3427 308 3489 rebus
327 3424 449 3509 perditis
469 3427 533 3490 fieri
553 3429 661 3506 solet),
681 3440 826 3511 grassatos
840 3373 935 3490 luisse
954 3429 1071 3508 impios,
1090 3429 1175 3508 quod
1195 3429 1331 3488 invenem

169 3505 319 3566 hominem
338 3505 394 3566 sibi
413 3504 597 3586 incognitum
618 3515 649 3566 et
668 3505 775 3566 nullius
796 3506 923 3568 criminis
943 3525 990 3567 sus
1013 3517 1111 3566 ectum
1132 3505 1331 3584 comprehen-
1380 3537 1381 3582 4

170 3582 283 3656 derint,
309 3595 341 3642 ut
365 3582 411 3642 vix
436 3593 538 3642 eorum
564 3589 666 3643 manus
691 3583 789 3644 nudus
805 3582 953 3663 effugerit
992 3527 1156 3642 brotebite
1176 3581 1255 3656 enim
1276 3591 1334 3652 est,
1380 3603 1381 3680 p

170 3657 403 3732 adolescentem,
428 3658 510 3718 cuius
536 3657 569 3716 fit
587 3659 717 3733 mentio,
742 3659 995 3737 quumsurdtosus
1015 3669 1094 3720 esset
1112 3657 1233 3730 Cbristi,
1253 3677 1333 3716 noc·
1380 3695 1381 3720 r

167 3747 258 3796 turno
283 3734 409 3796 tumultu
429 3734 543 3808 audito,
573 3734 682 3814 absque
702 3735 830 3796 vestibus
851 3734 943 3794 linteo
964 3736 1103 3796 duntaxat
1122 3746 1261 3825 opertum
1279 3755 1334 3792 se-

57 3817 65 3824 ·
168 3812 256 3889 nisse,
275 3812 322 3874 vel
342 3831 402 3890 quo
422 3810 540 3872 insidias
560 3811 724 3901 detegeret,
743 3811 789 3880 rel
809 3811 911 3874 saltem
931 3832 970 3871 ne
990 3814 1105 3872 deesset
1126 3811 1247 3890 pretatis
1263 3811 1332 3870 olli-

169 3889 226 3948 cio.
266 3887 357 3950 Certe
377 3887 458 3966 quod
477 3907 573 3966 nuper
590 3887 650 3947 dist
669 3888 861 3968 perspicitur,
884 3888 1003 3948 immani
1021 3887 1166 3956 violentia
1187 3899 1334 3968 grassatos

169 3964 258 4026 fuisse
277 3965 394 4045 impios,
412 3964 531 4044 qnando
551 3984 589 4023 ne
609 3963 717 4024 misero
738 3965 855 4044 quidem
875 3964 1071 4050 adolescenti,
1091 3965 1143 4043 qui
1162 3964 1333 4026 seminudus

170 4061 187 4102 e
208 4039 286 4102 lecto
308 4041 344 4102 ad
363 4041 517 4120 strepitum
536 4052 712 4114 accurrerat,
731 4043 943 4122 pepercerint.

252 4196 356 4316 (aaa.)
403 4235 575 4300 maran.
601 4237 716 4300 xxvi.
763 4237 813 4302 sa.
841 4239 883 4304 as
910 4237 958 4303 uu
985 4235 1260 4322 comprehensum
1287 4235 1331 4296 u.

170 4356 238 4402 sum
267 4337 424 4440 duxerunt
445 4339 485 4404 ad
513 4337 689 4424 Caiapltam
717 4343 894 4424 principem
924 4339 1142 4432 sacerdotum,
1171 4337 1231 4406 nbi
1259 4339 1331 4405 scri-
