2778 4838
159 230 205 296 ,ω
394 225 512 290 SECT.
529 225 612 290 XIV.
650 237 829 290 mucuns
846 239 889 290 er
909 241 1093 292 sanniones.

155 367 299 444 *montem
318 377 458 456 Thabor,
476 401 540 442 non
558 381 665 457 mirum
684 391 744 459 est,
761 379 878 462 mediae
894 382 1013 467 regioni
1031 379 1154 452 attribui
1172 391 1334 464 utrumque

167 476 289 516 nomen.
325 455 487 550 Decapolis
506 479 579 520 vero
598 459 640 520 sie
660 469 765 522 vocata
784 479 801 519 a
821 459 923 520 decem
943 457 1077 534 urbibus,
1097 456 1166 540 quia
1186 469 1219 520 et
1231 457 1333 522 Phoe-

166 533 273 609 niciae,
292 542 323 593 et
341 536 505 596 maritimae
517 534 667 597 Galilaeae
685 535 826 616 contigua
845 549 918 612 erat,
938 535 1060 598 Christo
1074 535 1255 596 transeunda
1268 537 1334 611 luit,

130 625 135 630 '
188 633 258 670 uum
277 609 467 672 aPhoenicia
487 613 519 673 in
531 611 694 674 Galilaeam
713 611 840 672 Iudaeae
860 612 980 674 rediret.
1005 613 1043 673 ln
1064 633 1101 674 eo
1144 611 1188 672 lus
1209 627 1334 694 apparet

165 631 291 763 dissidii,
320 689 401 766 quod
420 689 585 752 Matthaeus
604 691 702 771 plures
726 689 813 750 variis
832 690 945 754 morbis
965 689 1097 781 allectos·
1110 633 1195 780 illum
1214 711 1332 752 sanasse

165 775 275 840 narrat,
294 763 411 825 Marcus
429 786 502 827 vero
522 766 608 831 unius
627 777 742 828 tantum
760 765 841 828 surdi
860 767 1004 830 meminit.
1027 766 1134 828 Facilis
1153 777 1256 826 tamen
1278 768 1331 828 hu·

164 839 1082 998 ltmtttttt¹¹⁰llst¹tl¹tn⁸tiltt⁰tt‘ttttlttltt
1094 842 1331 1000 ‘litt‘ltlth

164 1004 262 1053 terrae
280 991 357 1054 illius
372 959 490 1056 incolas
510 997 618 1078 passini
638 998 783 1074 excitavit,
802 1009 837 1058 ut
856 965 954 1080 pluries
972 996 1094 1059 Christo
1114 999 1263 1058 sanandos
1283 997 1331 1058 ol-

164 1069 288 1130 ierreut
309 1069 424 1132 Scimus
437 1083 545 1149 autem,
564 1073 768 1158 Evangelistas
788 1075 903 1136 curiose
921 1095 983 1166 nqu
994 1071 1109 1135 referre
1121 1073 1264 1156 quicquid
1277 1094 1331 1156 ge-

163 1157 241 1208 stum
262 1157 307 1208 est
326 1145 486 1224 aChristo,
503 1151 537 1210 in
557 1151 703 1213 miraculis
721 1171 795 1212 vero
814 1152 856 1214 sie
876 1171 937 1212 esse
979 1171 1074 1226 arcos,
1093 1163 1126 1210 ut
1146 1171 1239 1231 pauca
1252 1151 1331 1211 dun-
1377 1210 1378 1214 ,

163 1223 293 1290 taxatio
315 1226 480 1306 exemplum
500 1227 656 1310 attingant.
693 1229 811 1289 Deinde
830 1229 899 1290 satis
914 1173 1022 1294 ualuis
1040 1229 1122 1290 lllarc
1177 1227 1329 1307 specimen

162 1317 255 1392 unum
274 1319 462 1382 proponere,
481 1303 512 1395 ip
533 1325 593 1384 quo
613 1303 727 1366 relucet
747 1305 859 1366 Christi
877 1305 1030 1386 potentia,
1056 1303 1142 1386 perio
1165 1323 1181 1364 e
1201 1323 1235 1366 ac
1254 1303 1329 1363 reli-

163 1398 228 1458 quis
248 1377 377 1438 eiusdem
397 1397 515 1462 generis
546 1401 621 1461 quae
640 1382 731 1462 paulo
772 1393 818 1442 ost
839 1403 871 1443 se
893 1394 962 1442 nuta
981 1393 1059 1442 sunt.
1211 1403 1216 1418 ·

164 1495 172 1500 -
238 1455 330 1516 Mare.
353 1461 402 1522 32.
445 1424 608 1518 Adducam
634 1463 662 1518 ei
687 1403 817 1532 nardum
861 1404 1013 1535 (inorsum
1041 1459 1156 1540 precati
1178 1458 1256 1535 sint,
1293 1470 1329 1518 ut

160 1551 279 1598 manum
299 1531 484 1612 imponeret,
513 1556 548 1596 ex
570 1535 772 1616 superioribus
797 1536 872 1597 locis
895 1535 1055 1620 colligitur.
1093 1535 1170 1596 Nam
1190 1559 1330 1596 munuum

159 1610 200 1668 iiii
238 1611 304 1668 sitio
322 1607 458 1672 sollenne
478 1623 542 1672 erat
560 1613 792 1674 consecrationis
811 1611 993 1694 symbolum,
1023 1633 1082 1694 quo
1111 1613 1201 1673 etiarn
1222 1613 1328 1694 conle-

160 1705 193 1745 re
217 1695 304 1745 antur
324 1684 449 1765 Spiritus
473 1689 568 1748 sancti
592 1690 681 1749 dona.
719 1691 783 1751 Nec
809 1689 931 1750 dubium
956 1699 1015 1764 est,
1046 1687 1117 1769 quin
1137 1687 1229 1749 ritum
1250 1690 1326 1750 hunc

158 1761 334 1840 frequenter
352 1764 537 1844 usurparent
556 1763 706 1841 Christus,
731 1777 765 1826 ut
783 1766 857 1828 nihil
875 1766 1012 1848 rogarint
1030 1765 1077 1826 isti
1097 1764 1252 1842 homines,
1271 1767 1327 1826 nisi

80 1834 83 1843 ’
181 1838 241 1898 uod
260 1834 395 1898 sciebant
413 1840 440 1900 ei
460 1839 601 1902 hacteuus
620 1841 652 1902 in
671 1842 833 1906 usufuisse.
853 1842 1012 1905 Caeterum
1024 1839 1158 1904 Christus
1178 1842 1238 1903 alia
1248 1844 1325 1923 spin-

137 1858 230 1972 ‘bola
250 1913 385 1974 adhibet:
404 1935 473 1976 nam
492 1917 566 1978 muti
585 1917 717 1999 linguam
735 1932 824 2001 sputo
844 1942 899 1982 suo
920 1919 1051 2002 intingit,
1070 1940 1105 1979 ac
1117 1918 1246 2010 digitum
1257 1919 1326 1980 mit·

158 1989 200 2050 tit
213 1987 244 2047 in
265 2009 359 2050 aures.
397 1989 475 2053 Satis
495 1994 615 2074 quidem
635 1995 738 2057 efficax
764 1997 867 2059 hiisset
890 1997 976 2058 unica
996 2017 1133 2058 manuum
1159 1997 1325 2077 impositio,

157 2063 219 2125 iino
239 2071 273 2125 nt
291 2065 319 2126 di
343 2067 416 2128 itum
434 2090 497 2132 non
516 2084 667 2147 moveret,
690 2085 841 2164 praestare
860 2075 919 2136 hoe
938 2071 1004 2134 solo
1024 2083 1098 2132 nutu
1117 2069 1256 2160 pdterat,
1274 2071 1326 2134 sed

159 2153 286 2218 constat,
304 2085 399 2213 libere
418 2167 502 2208 usum
519 2147 609 2208 luisse
620 2147 712 2232 siguis
725 2151 861 2227 externis,
881 2162 914 2212 ut
932 2149 1048 2212 ferebat
1067 2149 1224 2210 hominum
1244 2149 1324 2210 utili-

157 2230 215 2280 tas:
245 2219 331 2280 sicuti
350 2243 429 2284 nune
454 2223 572 2308 linguae
591 2239 709 2360 sputum
730 2247 888 2318 aspergens
914 2239 1020 2288 notare
1039 2225 1149 2302 voluit,
1178 2225 1324 2364 loquendi

156 2294 326 2376 facultatem
345 2319 362 2358 a
382 2321 413 2361 se
433 2321 494 2363 uno
514 2314 594 2362 mans
609 2303 694 2380 undi,
714 2303 839 2388 digitum
858 2304 890 2364 in
909 2303 1052 2365 auriculas
1071 2304 1192 2364 mittens
1235 2304 1324 2378 osuit,

155 2373 312 2455 proprium
331 2396 394 2437 esse
418 2398 502 2438 suum
526 2400 632 2440 munus
650 2381 750 2442 surdas
771 2401 855 2442 aures
880 2380 962 2460 quasi
987 2380 1152 2466 periurare.
1191 2381 1268 2442 Nam
1288 2379 1324 2440 ad

156 2448 314 2532 allegorias
334 2453 498 2538 confugere
518 2455 594 2519 nihil
611 2477 686 2538 opus
707 2470 761 2532 est,
783 2469 813 2517 et
831 2457 973 2534 ridemus,
1014 2457 1043 2518 ui
1062 2456 1198 2518 subtilius
1218 2457 1274 2519 hac
1292 2457 1323 2517 in

155 2540 240 2610 parte
260 2527 403 2606 luserunt,
423 2529 498 2594 adeo
518 2533 593 2592 nihil
611 2528 700 2595 solidi
720 2535 828 2596 afferre
841 2545 874 2594 ut
886 2535 983 2612 potius
993 2479 1126 2596 ludibrio
1138 2534 1324 2614 Scripturam

156 2618 314 2684 exponant.
354 2607 491 2668 Sufficiet
511 2609 601 2690 igitur
621 2611 678 2672 hoe
697 2630 788 2672 unum
807 2609 914 2672 sobriis
934 2611 1107 2688 lectoribus,
1125 2632 1183 2672 nos
1205 2609 1324 2672 aChri-

154 2693 203 2742 sto
222 2681 372 2762 loquelam
389 2695 421 2746 et
435 2685 568 2746 auditum
581 2689 715 2767 precario
734 2689 853 2764 habere,
874 2699 1017 2768 quatenus
1033 2685 1092 2750 iim
1113 2709 1196 2749 suam
1215 2687 1324 2771 linguis

154 2757 263 2818 nostris
283 2759 418 2840 inspirat,
438 2773 467 2822 et
487 2762 586 2844 digitis
605 2767 792 2846 penetratio
811 2787 896 2826 aures
914 2777 1037 2826 nostras.
1077 2764 1171 2840 Quod
1190 2785 1324 2826 seorsum
1378 2811 1379 2814 η

154 2855 172 2893 a
192 2834 278 2895 turha
297 2837 417 2900 surdum
437 2851 583 2914 removet,
602 2840 709 2923 partim
730 2863 767 2903 eo
787 2841 911 2903 consilio
926 2841 1005 2916 facit,
1024 2853 1057 2902 ut
1068 2842 1192 2902 rudibus
1204 2855 1236 2902 et
1246 2863 1322 2902 non-

155 2910 224 2970 dum
244 2912 313 2973 satis
332 2913 449 2975 idoneis
468 2915 593 2976 testibus
612 2917 726 2980 eminus
745 2921 935 3000 spectandam
954 2918 1098 2998 praebeat
1110 2919 1242 2978 Deitatis
1253 2935 1321 2979 suae

155 2985 297 3078 gloriani,
309 2989 428 3078 'partim
448 3001 482 3052 ut
501 2994 642 3082 precandi
662 2994 798 3086 ardorem
818 2994 939 3087 liberius
960 2995 1104 3056 ellundat
1134 2997 1221 3086 'Nam
1242 2992 1322 3074 quod

153 3064 866 3223 attateiritttl'jmqtn'tttmtn“tttt
884 3073 949 3210 lli
971 3072 1155 3228 itlifflttg':
1173 3069 1320 3218 titt}

131 3257 134 3262 -
155 3233 283 3294 quorum
302 3214 425 3277 miseriis
444 3215 485 3278 ita
505 3222 669 3286 condoluit.
692 3225 756 3286 Nec
767 3223 888 3285 dubium
909 3233 963 3298 est,
982 3223 1054 3300 quin
1073 3234 1191 3302 sputum
1212 3243 1249 3284 ex
1267 3240 1319 3282 ore

154 3311 209 3352 suo
228 3291 437 3354 transfundens
456 3293 488 3354 in
509 3315 541 3356 os
557 3297 645 3375 illius,
665 3312 696 3360 et
705 3300 814 3381 digitos
833 3297 951 3360 auribus
970 3299 1102 3360 inserens
1122 3300 1251 3360 eundem
1263 3300 1317 3359 hu-

153 3367 300 3430 manitatis
321 3367 461 3461 allectum
480 3373 582 3434 testari
607 3388 637 3437 et
656 3377 819 3458 exprimere
845 3375 983 3436 voluerit
1021 3377 1141 3436 Interea
1160 3376 1219 3436 sibi
1239 3398 1318 3436 sum·

153 3463 233 3504 mum
253 3446 407 3527 imperium
433 3467 496 3509 esse
522 3450 705 3513 demonstrat
730 3455 807 3514 corri
832 3453 914 3514 endis
940 3451 1076 3513 omnibus
1100 3453 1178 3514 vitiis
1198 3466 1229 3514 et
1248 3453 1316 3512 red-

153 3521 269 3583 dendae
293 3523 428 3599 sanitati,
484 3547 554 3586 uum
580 3528 633 3588 sim
656 3529 755 3591 liciter
778 3473 862 3592 iubet
887 3529 1017 3614 linguam
1039 3542 1069 3590 et
1087 3551 1173 3591 aures
1193 3528 1315 3610 aperiri:

152 3599 342 3691 nequeenim
353 3611 466 3662 temere
512 3625 593 3666 arcus
608 3551 798 3673 chaldaicam
814 3609 891 3668 hanc
908 3627 1013 3668 vocem
1032 3609 1187 3698 (tpipaoil)
1205 3605 1316 3695 posuit,

151 3677 204 3737 sed
223 3689 256 3736 ut
275 3689 356 3738 testis
377 3691 452 3740 esset
471 3680 586 3742 divinae
608 3683 720 3744 Christi
762 3683 902 3744 olentiae.
942 3683 1026 3744 Inter
1042 3683 1111 3744 alias
1126 3705 1228 3767 nugas,
1247 3703 1315 3773 qui-

150 3751 205 3814 bus
225 3753 401 3836 baptismum
422 3755 615 3837 inquinarunt
633 3761 714 3837 stulti
734 3707 886 3834 domines,
915 3759 962 3820 hic
987 3771 1106 3840 quoque
1127 3759 1317 3821 histrIonieus

149 3829 230 3893 lusus
245 3833 352 3914 agitur.
379 3832 451 3906 Quo
472 3835 605 3916 exemplo
624 3857 790 3918 monemur,
810 3837 923 3898 nullum
945 3857 1006 3896 esse
1027 3836 1165 3898 licentiae
1185 3837 1316 3911 nodum,

151 3905 204 3966 uhi
223 3909 357 3969 homines
376 3907 408 3966 iu
427 3909 488 3969 Dei
506 3912 652 3992 mysteriis
672 3935 727 3996 pro
748 3936 801 3976 suo
822 3913 946 3976 arbitrio
966 3913 1129 3974 lasciviunt.

225 3991 273 4050 36.
316 3985 469 4062 haeeepn
491 3987 569 4064 illis,
599 4011 636 4048 ne
659 3994 708 4052 eiii
731 3991 865 4056 edicam.
923 3989 1102 4069 Quanquam
1131 3989 1218 4050 multi
1248 3999 1314 4050 sunt

149 4057 345 4138 interpretes,
374 4060 425 4141 qui
444 4076 604 4145 praecepta
622 4065 696 4128 haec
713 4067 745 4130 iu
765 4069 908 4130 diversam
932 4077 1046 4148 partem
1065 4079 1227 4148 torquent,
1256 4062 1314 4126 acsi

148 4135 287 4224 consulto
306 4137 482 4200 stimulasset
500 4140 568 4202 illos
589 4143 723 4207 Christus
750 4145 788 4207 ad
812 4143 1020 4206 celebrandam
1043 4142 1178 4204 miraculi
1198 4145 1313 4214 famam,

147 4213 220 4270 milii
241 4214 411 4274 tamensim
435 4214 518 4278 licius
537 4217 653 4282 videtur
673 4223 753 4302 quod
773 4222 845 4284 a'libi
861 4219 954 4296 attuli,
973 4231 1087 4280 unnim
1107 4221 1237 4282 voluisse
1256 4219 1312 4280 dil·

149 4285 222 4374 ferri
244 4289 276 4347 in
299 4237 517 4381 aliudgmpus
541 4297 634 4380 magis
654 4311 857 4391 opportunum
881 4310 913 4359 et
930 4307 1085 4358 maturum.
1126 4297 1231 4374 Quare
1251 4315 1311 4356 non

149 4357 270 4437 dubito,
288 4385 361 4442 quin
380 4366 499 4431 illorum
518 4369 740 4456 intempestivus
760 4376 850 4439 luerit
867 4375 964 4452 aelus,
990 4374 1059 4435 dum
1077 4374 1166 4436 silere
1187 4373 1257 4436 iussi
1274 4371 1309 4432 ad

571 4667 589 4700 J
