2766 4840
144 185 203 252 262
300 269 304 284 ,
598 178 716 244 SEC'I'.
735 178 849 240 XVIII.

145 345 327 416 exspectant:
358 343 390 395 et
417 331 504 404 simul
520 331 628 414 pravis
651 333 799 418 figmentis
824 331 948 408 imbuti,
978 331 1199 414 perfectionem
1226 333 1314 416 regui

147 411 259 476 Christi
278 433 343 472 curn
363 409 450 470 initio
471 409 677 488 commiscent,
703 421 734 472 et
753 411 833 490 quod
853 409 885 470 iu
905 407 992 471 coelo
1014 410 1219 490 quaerendum
1241 423 1316 488 erat,

146 509 184 550 eo
204 486 296 571 potiri
315 489 346 548 in
365 499 444 548 terra
463 487 576 564 volunt.
1372 543 1373 556 ,

223 573 251 630 h
295 563 486 639 Respondeas
507 563 600 626 Iasus.
645 561 831 644 Responsum
856 561 989 623 tulerunt
1014 561 1137 623 minime
1165 583 1200 624 ex
1229 565 1316 624 animi

144 643 302 709 sententia.
339 643 415 702 Nam
436 665 524 722 quum
544 641 710 721 triumpho,
728 640 810 700 velut
828 639 885 700 iam
904 639 1008 699 militia
1027 639 1198 720 perfuncti,
1220 641 1315 701 inhia-

145 731 224 794 rent,
245 717 378 780 Christus
399 739 449 779 eos
469 719 507 780 ad
524 717 645 802 longam
660 716 846 778 tolerantiam
860 717 1009 776 hortatur:
1030 717 1087 778 acsi
1102 717 1235 792 dixisset,
1254 720 1314 778 Vos

146 797 183 858 ab
204 795 274 875 ipsis
295 795 461 856 carceribus
480 795 605 876 palmam
625 794 756 874 arripere
776 793 876 854 vultis:
897 794 979 872 atqui
990 794 1070 874 prius
1080 794 1209 855 stadium
1221 795 1313 854 coufi-

146 893 215 934 cere
242 891 362 932 neccsse
388 883 459 933 erat.
503 873 640 954 Regnum
665 869 724 930 Dei
748 871 780 930 in
805 883 911 930 terram
940 871 1107 944 detrahitis,
1135 893 1198 950 quo
1227 870 1316 950 potiri
1373 929 1374 934 ,

40 967 45 976 ’
147 949 301 1030 quisquam
319 949 425 1030 nequit
443 949 498 1010 nisi
518 945 727 1010 conscenderit
746 948 776 1008 in
796 947 921 1008 coelum.
963 949 1064 1022 Quum
1084 957 1184 1007 autern
1197 949 1256 1008 boc
1270 969 1316 1007 ea-

145 1025 442 1106 put'admonitiones
463 1025 499 1087 ad
517 1025 681 1117 regendum
701 1025 779 1084 vitae
798 1036 917 1084 nostrae
938 1045 1055 1084 cursum
1074 1025 1211 1104 apprime
1232 1023 1316 1084 utiles

147 1101 310 1177 contiueat,
329 1102 461 1163 videmus
480 1101 644 1163 admirabili
663 1101 722 1162 Dei
742 1099 866 1161 consilio
887 1101 995 1162 factum
1016 1121 1090 1175 esse,
1112 1113 1143 1160 ut
1156 1101 1244 1160 nobis
1256 1102 1317 1160 uti·

145 1176 183 1237 lis
196 1178 494 1258 essetApostolorum
509 1200 602 1240 error.
641 1179 761 1238 Summa
781 1178 853 1237 haec
874 1189 927 1253 est,
946 1177 1101 1260 Evangelii
1118 1178 1315 1258 praedicatio-

146 1275 215 1314 nem
236 1276 298 1316 esse
317 1255 438 1318 sationis
458 1257 563 1318 instar:
588 1255 657 1316 ideo
684 1254 834 1334 patienter
858 1255 1083 1334 exspectandum
1110 1274 1171 1314 esse
1196 1267 1314 1334 tempus

145 1331 262 1408 messis,
282 1353 316 1391 ac
334 1339 492 1414 perperam
511 1331 616 1394 molles
637 1354 698 1394 esse
719 1344 749 1392 et
768 1329 975 1405 effeminatos,
995 1329 1045 1410 qui
1065 1341 1191 1410 propter
1209 1329 1316 1389 hiemis

170 1408 233 1485 elu,
258 1409 358 1485 nives,
384 1411 520 1485 nebulas,
544 1411 592 1470 vel
616 1407 750 1469 adversas
770 1419 973 1488 tempestates,
998 1407 1101 1466 animis
1128 1407 1316 1488 franguntur.

145 1427 217 1546 Cho
238 1496 335 1546 autem
355 1485 529 1548 n‘omiuatim
549 1487 646 1566 praeci
669 1485 693 1545 it
712 1483 845 1545 Christus
871 1483 1036 1564 discipulis,
1065 1494 1098 1543 ut
1123 1483 1181 1542 sibi
1202 1505 1217 1542 a
1240 1482 1317 1542 falsis

146 1561 290 1622 tlo‘ctrinis
312 1573 445 1638 caveant,
459 1565 496 1624 ‘et
513 1584 552 1624 ne
572 1508 715 1624 scandaIIs
737 1560 903 1621 turbentur.
944 1553 1062 1636 Quibus
1082 1559 1182 1622 verbis
1202 1559 1316 1642 signifi-

147 1638 366 1700 eatEcelesiam
378 1661 469 1714 suam,
490 1661 575 1720 quam
589 1640 638 1700 diu
654 1637 896 1720 peregrinabitur
909 1637 940 1696 in
953 1637 1076 1710 mundo,
1097 1637 1141 1696 bis
1155 1636 1240 1696 malis
1253 1637 1315 1696 fore
1375 1653 1376 1672 ³

147 1713 317 1774 obnoxiam.
356 1716 424 1776 Hoc
445 1728 542 1777 autem
563 1715 683 1775 minime
704 1726 935 1787 consentaneum
956 1713 1050 1774 videri
1071 1724 1209 1792 poterat,
1230 1734 1315 1792 quum

146 1789 239 1880 longe
259 1790 346 1850 aliter
365 1791 496 1852 futurum
517 1792 628 1854 Christi
647 1813 771 1872 regnum
788 1791 997 1863 ,describerent
1017 1789 1202 1925 Prophetae.
1242 1790 1314 1849 Pro-

146 1867 237 1925 mittrt
255 1866 362 1926 Iesaias
388 1869 568 1946 (54,13.),
594 1888 696 1928 omnes
717 1867 854 1928 divinitus
874 1868 941 1926 fore
962 1878 1031 1926 tunc
1053 1888 1068 1926 e
1092 1879 1190 1926 octos.
1229 1867 1313 1946 Apud

80 1989 86 2004 ,
147 1940 263 2004 ῙοὲΙειιι
283 1947 326 2021 (2,
337 1947 399 2018 28.)
421 1944 555 2018 babetur,
574 1943 734 2004 Effundam
745 1945 782 2005 de
796 1943 909 2026 Spiritu
923 1964 990 2004 meo
1008 1963 1097 2024 super
1115 1963 1239 2002 omnem
1255 1965 1314 2004 car-

146 2037 229 2077 nem:
250 2029 281 2078 et
292 2019 523 2154 prophetabunt
542 2019 593 2082 filii
613 2022 701 2082 vestri
722 2033 753 2081 et
772 2021 848 2082 filiae
863 2033 995 2094 nestrae:
1016 2020 1137 2080 iuvenes
1156 2021 1248 2080 vestri
1267 2019 1308 2078 ri-

146 2093 246 2154 siones
260 2095 290 2154 vi
313 2096 415 2171 ebunt,
435 2109 466 2156 et
483 2119 568 2159 senes
588 2097 701 2158 somnia
720 2096 921 2158 somniabunt.
958 2095 1091 2156 Uberior
1104 2097 1194 2156 etiam
1207 2095 1312 2156 intelli-

146 2169 266 2254 gentiae
285 2172 334 2232 lux
353 2173 535 2252 promittitur
555 2195 570 2235 a
590 2175 715 2234 Ieremia
736 2179 811 2254 (31,
828 2175 907 2252 3l.).
946 2174 1016 2234 Non
1043 2173 1169 2233 docebit
1196 2173 1313 2253 quisque

145 2249 273 2384 ppsthac
291 2249 455 2329 proximum
475 2273 569 2326 suum,
588 2273 644 2311 nec
663 2251 708 2312 vir
728 2251 848 2312 fratrem
869 2273 969 2322 suum,
989 2248 1134 2328 dicendo,
1156 2249 1312 2332 Cognosce

178 2323 326 2400 ominum,
355 2326 424 2406 quia
449 2349 550 2388 omnes
577 2341 762 2412 cognoscent
786 2350 833 2388 me
859 2347 875 2387 a
900 2325 1022 2386 minimo
1049 2346 1143 2407 usque
1171 2329 1209 2388 ael
1228 2326 1311 2386 mari-

145 2423 236 2479 mum.
273 2403 356 2484 Ergo
377 2403 441 2464 sole
460 2405 585 2466 iustitiae
607 2417 727 2481 exorto,
753 2405 830 2466 sicut
853 2425 870 2464 a
897 2403 1040 2464 blalacbia
1068 2407 1114 2482 (t,
1133 2411 1163 2470 2.
1200 2403 1312 2484 praedi·
1377 2422 1378 2462 t

146 2487 226 2538 ctum
238 2491 311 2555 erat,
331 2478 404 2540 nihil
423 2481 528 2542 mirum
548 2483 572 2542 si
586 2482 689 2541 Iudaei
709 2481 745 2542 ab
766 2479 906 2542 omnibus
927 2501 1061 2541 errorum
1081 2479 1164 2540 nebu
1178 2481 1200 2540 is
1214 2482 1314 2538 immu-

111 2591 116 2614 ι
145 2573 199 2614 nes
218 2576 250 2616 se
270 2575 304 2615 ac
324 2578 414 2636 puros
434 2558 500 2618 fore
519 2571 682 2640 sperarent.
722 2559 809 2620 Unde
830 2570 861 2617 et
872 2558 1054 2616 Samaritana
1071 2557 1179 2618 muller
1190 2557 1316 2632 dicebat,

98 2705 105 2712 .
145 2627 267 2692 Messias
294 2651 384 2712 quum
402 2637 534 2711 venerit,
559 2635 680 2696 docebit
699 2656 754 2696 nos
775 2636 873 2694 ornuia
893 2635 959 2714 (Io.
979 2642 1014 2710 4,
1032 2636 1111 2710 aa).
1157 2635 1221 2694 lam
1247 2655 1315 2694 vero

145 2706 264 2783 scimus,
284 2729 372 2788 quam
391 2712 567 2794 magnificae
586 2712 799 2792 promissiones
819 2712 855 2771 de
875 2732 959 2790 pace,
979 2709 1099 2784 iustitia,
1119 2710 1243 2794 gaudio,
1262 2711 1316 2770 ho-

146 2803 313 2864 norumque
339 2787 470 2848 omnium
496 2787 648 2849 affluentia
673 2789 780 2868 passim
802 2799 968 2848 occurrant.
1008 2785 1112 2860 Quare
1132 2787 1209 2848 nibil
1232 2788 1316 2848 etiarn

146 2860 264 2936 mirum,
282 2861 308 2922 si
319 2860 431 2924 Christi
451 2864 578 2925 adventu
597 2885 628 2926 se
648 2885 665 2924 a
685 2865 831 2926 bellorum
845 2863 950 2938 turbis,
969 2863 1119 2943 arapinis,
1140 2875 1172 2924 et
1184 2865 1317 2946 qualibet

109 2985 113 2992 .
145 2934 264 3013 iniuria,
283 2957 299 2996 a
320 2937 397 2998 fame
417 2939 544 3021 denique
565 2952 595 3000 et
613 2940 780 3022 pestilentia
799 2953 962 3022 exemptum
973 2940 1010 3000 iri
1025 2939 1197 3001 credebaut.
1231 2939 1316 3002 Chri-

146 3023 206 3072 stus
227 3023 323 3074 autem
344 3017 493 3092 admonet,
513 3037 575 3076 non
595 3019 690 3078 miuus
710 3019 832 3098 posthac
852 3017 993 3080 molestos
1014 3015 1079 3076 fore
1091 3017 1146 3096 piis
1160 3017 1251 3090 falsos
1264 3019 1316 3077 do-

145 3096 256 3160 ctores,
277 3109 363 3168 quam
381 3093 476 3154 veteri
496 3093 609 3188 populo
630 3093 741 3156 luerint
757 3095 821 3156 falsi
833 3094 1016 3185 prophetae:
1037 3114 1093 3153 nec
1104 3095 1239 3155 minores
1254 3094 1317 3154 fore

144 3165 384 3242 perturbationes
409 3167 462 3230 sub
483 3171 662 3254 Evangelio,
709 3193 774 3232 uam
801 3171 871 3232 olnn
896 3171 949 3230 sub
979 3169 1061 3252 Lege
1088 3170 1208 3230 fuerint.
1248 3171 1316 3231 Non

146 3240 228 3329 quod
253 3242 364 3302 effectu
390 3253 511 3308 careaht
528 3246 596 3307 illac
617 3194 806 3329 prophetiae,
837 3267 907 3328 quas
927 3268 1024 3328 nuper
1044 3241 1143 3329 attigi,
1169 3247 1224 3306 sed
1251 3247 1317 3325 qaia

147 3315 275 3377 solidum
296 3339 394 3380 earum
417 3322 666 3403 complementum
678 3347 739 3386 non
752 3324 847 3407 primo
860 3325 955 3385 statim
968 3325 1015 3384 die
1031 3336 1137 3384 exstat:
1158 3323 1229 3384 satis
1238 3324 1316 3382 enim

145 3403 191 3451 est
214 3392 364 3456 bonorum
389 3397 506 3460 illorum
556 3413 649 3462 ustum
676 3401 915 3462 nunchdelibus
944 3401 1023 3476 dari,
1048 3413 1081 3460 ut
1100 3421 1183 3488 spem
1202 3400 1316 3460 solidae

145 3463 294 3563 spuitionis
313 3472 344 3532 in
388 3487 516 3538 osterum
533 3421 666 3539 loveant„
698 3478 831 3558 Ideoque
844 3479 968 3538 multum
985 3477 1101 3558 decepti
1114 3481 1244 3550 luerunt,
1264 3477 1316 3556 qui

144 3544 201 3606 subs
221 3559 321 3638 statem
346 3495 383 3610 ab
411 3554 531 3614 exordio
557 3557 639 3616 Evan
664 3555 712 3616 elii
738 3554 871 3636 perfecte
898 3554 1030 3616 exhiberi
1056 3553 1214 3630 volebant,
1239 3573 1313 3632 quae

143 3625 278 3758 guotrdre
291 3625 407 3706 impleri
422 3632 576 3692 cernimus.
615 3575 700 3692 Alte
715 3633 796 3712 quod
809 3633 958 3692 hominum
971 3631 1096 3721 pravitas
1117 3629 1207 3704 illam,
1226 3650 1313 3708 quam

170 3700 313 3780 rophetae
333 3725 429 3787 regno
451 3706 563 3768 Christi
583 3706 752 3770 felicitatem
773 3709 918 3784 tribuunt,
938 3709 1008 3768 licet
1026 3719 1144 3788 penitus
1166 3707 1314 3766 exinanire

144 3795 208 3836 non
235 3779 343 3857 possit,
367 3794 466 3854 tamen
490 3796 624 3844 moratur
647 3785 694 3846 vel
720 3785 883 3867 perturbat.
923 3785 1007 3846 Facit
1031 3784 1149 3863 quidem
1169 3783 1315 3844 Dominus

146 3855 289 3920 certando
316 3879 382 3918 cum
407 3859 559 3918 hominurn
584 3859 711 3937 malitia,
735 3871 769 3922 ut
788 3861 1013 3922 benedictiones
1032 3881 1102 3922 suae
1145 3883 1179 3922 er
1198 3860 1315 3939 quaeris

144 3928 295 3992 obstacula
313 3935 390 3994 viam
410 3935 578 3996 inveniant:
604 3949 634 4000 et
659 3951 739 4000 certe
765 3938 922 3998 absurdum
949 3949 1040 4014 esset,
1068 3883 1184 3998 aboleri
1212 3959 1314 3998 eorum

144 4003 246 4084 eulpa,
272 4009 353 4086 quod
376 4010 409 4090 jn
436 4013 562 4095 gratuita
582 4015 640 4074 Dei
661 4015 797 4076 bonitate
816 4015 969 4075 fundatum
990 4013 1026 4073 ab
1046 4013 1168 4074 illorum
1189 4013 1314 4075 arbitrio

146 4101 211 4139 non
230 4085 350 4162 pendet
389 4089 433 4148 Ut
455 4101 555 4149 tamen
576 4092 702 4171 aliquam
722 4091 941 4183 ingratitudinis
961 4111 1030 4152 suae
1050 4093 1220 4152 mercedem
1240 4091 1315 4152 reci-

145 4155 239 4244 pient,
258 4161 365 4239 gratias
385 4186 449 4224 suas
470 4171 559 4245 (quae
576 4167 687 4249 alioqui
700 4169 847 4230 uberrima
863 4190 899 4228 co
923 4169 1024 4228 lasese
1038 4168 1248 4246 effunderent)
1268 4181 1312 4228 te-

146 4241 244 4290 nutter
255 4245 367 4297 tautum
379 4239 508 4302 distillat.
540 4245 618 4306 Hinc
639 4257 686 4306 tot
704 4245 850 4306 malorum
868 4191 1063 4327 labyrinthus,
1081 4265 1138 4382 per
1151 4265 1242 4326 quem
1253 4257 1312 4305 tota

146 4303 205 4366 vita
226 4323 326 4372 errant
344 4313 456 4394 fideles,
475 4317 547 4405 licet
566 4323 640 4384 duce
660 4321 779 4384 Christo
802 4335 832 4385 et
851 4323 946 4386 lacem
958 4323 1080 4408 Evange

1093 4321 1178 4383 bsai
1197 4321 1311 4404 praele-
