<?xml version="1.0" encoding="UTF-8"?>
<!DOCTYPE html PUBLIC "-//W3C//DTD XHTML 1.0 Transitional//EN"
    "http://www.w3.org/TR/xhtml1/DTD/xhtml1-transitional.dtd">
<html xmlns="http://www.w3.org/1999/xhtml" xml:lang="en" lang="en">
 <head>
  <title>
</title>
<meta http-equiv="Content-Type" content="text/html;charset=utf-8" />
  <meta name='ocr-system' content='tesseract 3.04.00' />
  <meta name='ocr-capabilities' content='ocr_page ocr_carea ocr_par ocr_line ocrx_word'/>
</head>
<body>
  <div class='ocr_page' id='page_1' title='image "./innovumtestamen00calvgoog_0771.png"; bbox 0 0 2764 4854; ppageno 0'>
   <div class='ocr_carea' id='block_1_1' title="bbox 169 187 1106 296">
    <p class='ocr_par' dir='ltr' id='par_1_1' title="bbox 169 187 1106 296">
     <span class='ocr_line' id='line_1_1' title="bbox 169 187 1106 296; baseline -0.007 -8"><span class='ocrx_word' id='word_1_1' title='bbox 169 231 228 296; x_wconf 76' lang='grc'><strong>384</strong></span> <span class='ocrx_word' id='word_1_2' title='bbox 258 235 263 262; x_wconf 82' lang='lat'><strong>¹</strong></span> <span class='ocrx_word' id='word_1_3' title='bbox 398 223 514 286; x_wconf 81' lang='lat' dir='ltr'><strong>SECT.</strong></span> <span class='ocrx_word' id='word_1_4' title='bbox 533 187 615 286; x_wconf 61' lang='lat' dir='ltr'><strong>XIX</strong></span> <span class='ocrx_word' id='word_1_5' title='bbox 655 237 787 284; x_wconf 84' lang='lat' dir='ltr'><strong>cumsrr</strong></span> <span class='ocrx_word' id='word_1_6' title='bbox 806 237 922 286; x_wconf 77' lang='lat' dir='ltr'><strong>esssro</strong></span> <span class='ocrx_word' id='word_1_7' title='bbox 943 236 985 282; x_wconf 83' lang='lat' dir='ltr'><strong>rr</strong></span> <span class='ocrx_word' id='word_1_8' title='bbox 1005 236 1106 283; x_wconf 84' lang='lat' dir='ltr'><strong>unns.</strong></span> 
     </span>
    </p>
   </div>
   <div class='ocr_carea' id='block_1_2' title="bbox 51 368 1369 4438">
    <p class='ocr_par' dir='ltr' id='par_1_2' title="bbox 51 368 1369 4438">
     <span class='ocr_line' id='line_1_2' title="bbox 170 368 1326 462; baseline -0.002 -24"><span class='ocrx_word' id='word_1_9' title='bbox 170 377 272 462; x_wconf 74' lang='lat' dir='ltr'><strong>gere),</strong></span> <span class='ocrx_word' id='word_1_10' title='bbox 300 377 355 438; x_wconf 86' lang='lat' dir='ltr'><strong>nisi</strong></span> <span class='ocrx_word' id='word_1_11' title='bbox 374 398 392 438; x_wconf 90' lang='lat' dir='ltr'><strong>e</strong></span> <span class='ocrx_word' id='word_1_12' title='bbox 412 377 499 439; x_wconf 90' lang='lat' dir='ltr'><strong>coelo</strong></span> <span class='ocrx_word' id='word_1_13' title='bbox 519 368 612 438; x_wconf 86' lang='lat' dir='ltr'><strong>indita</strong></span> <span class='ocrx_word' id='word_1_14' title='bbox 631 377 733 440; x_wconf 86' lang='lat' dir='ltr'><strong>suisset</strong></span> <span class='ocrx_word' id='word_1_15' title='bbox 756 376 798 438; x_wconf 91' lang='lat' dir='ltr'><strong>illi</strong></span> <span class='ocrx_word' id='word_1_16' title='bbox 822 375 951 436; x_wconf 88' lang='lat' dir='ltr'><strong>audacia.</strong></span> <span class='ocrx_word' id='word_1_17' title='bbox 990 375 1160 436; x_wconf 82' lang='lat' dir='ltr'><strong>Ascribitur</strong></span> <span class='ocrx_word' id='word_1_18' title='bbox 1181 376 1276 440; x_wconf 84' lang='lat' dir='ltr'><strong>etiam.</strong></span> <span class='ocrx_word' id='word_1_19' title='bbox 1288 378 1326 436; x_wconf 87' lang='lat' dir='ltr'><strong>di·</strong></span> 
     </span>
     <span class='ocr_line' id='line_1_3' title="bbox 170 451 1328 538; baseline -0.002 -24"><span class='ocrx_word' id='word_1_20' title='bbox 170 455 267 538; x_wconf 82' lang='lat' dir='ltr'><strong>gnitas</strong></span> <span class='ocrx_word' id='word_1_21' title='bbox 287 455 412 528; x_wconf 87' lang='lat' dir='ltr'><strong>ordinis,</strong></span> <span class='ocrx_word' id='word_1_22' title='bbox 444 456 524 534; x_wconf 88' lang='lat' dir='ltr'><strong>quod</strong></span> <span class='ocrx_word' id='word_1_23' title='bbox 543 451 660 524; x_wconf 62' lang='grc' dir='ltr'><strong>ἆεαιφὶο</strong></span> <span class='ocrx_word' id='word_1_24' title='bbox 679 454 783 528; x_wconf 86' lang='lat' dir='ltr'><strong>fuerit,</strong></span> <span class='ocrx_word' id='word_1_25' title='bbox 802 451 998 526; x_wconf 67' lang='lat' dir='ltr'><strong>velarentur,</strong></span> <span class='ocrx_word' id='word_1_26' title='bbox 1028 463 1069 511; x_wconf 81' lang='lat' dir='ltr'><strong>ue</strong></span> <span class='ocrx_word' id='word_1_27' title='bbox 1081 451 1139 512; x_wconf 90' lang='lat' dir='ltr'><strong>bac</strong></span> <span class='ocrx_word' id='word_1_28' title='bbox 1161 473 1282 532; x_wconf 88' lang='lat' dir='ltr'><strong>quoque</strong></span> <span class='ocrx_word' id='word_1_29' title='bbox 1302 455 1328 512; x_wconf 90' lang='lat' dir='ltr'><strong>in</strong></span> 
     </span>
     <span class='ocr_line' id='line_1_4' title="bbox 169 528 1331 611; baseline 0 -21"><span class='ocrx_word' id='word_1_30' title='bbox 169 541 254 611; x_wconf 88' lang='lat' dir='ltr'><strong>parte</strong></span> <span class='ocrx_word' id='word_1_31' title='bbox 272 531 403 592; x_wconf 87' lang='lat' dir='ltr'><strong>reluceat</strong></span> <span class='ocrx_word' id='word_1_32' title='bbox 414 531 473 594; x_wconf 88' lang='lat' dir='ltr'><strong>Dei</strong></span> <span class='ocrx_word' id='word_1_33' title='bbox 486 531 589 591; x_wconf 86' lang='lat' dir='ltr'><strong>virtus:</strong></span> <span class='ocrx_word' id='word_1_34' title='bbox 632 533 678 590; x_wconf 86' lang='lat' dir='ltr'><strong>uia</strong></span> <span class='ocrx_word' id='word_1_35' title='bbox 698 552 760 591; x_wconf 88' lang='lat' dir='ltr'><strong>non</strong></span> <span class='ocrx_word' id='word_1_36' title='bbox 780 553 814 591; x_wconf 85' lang='lat' dir='ltr'><strong>ex</strong></span> <span class='ocrx_word' id='word_1_37' title='bbox 835 529 959 590; x_wconf 86' lang='lat' dir='ltr'><strong>obscura</strong></span> <span class='ocrx_word' id='word_1_38' title='bbox 979 528 1069 609; x_wconf 84' lang='lat' dir='ltr'><strong>plebe</strong></span> <span class='ocrx_word' id='word_1_39' title='bbox 1087 529 1261 608; x_wconf 88' lang='lat' dir='ltr'><strong>suppositus</strong></span> <span class='ocrx_word' id='word_1_40' title='bbox 1281 543 1331 603; x_wconf 86' lang='lat' dir='ltr'><strong>est,</strong></span> 
     </span>
     <span class='ocr_line' id='line_1_5' title="bbox 171 603 1330 698; baseline -0.001 -32"><span class='ocrx_word' id='word_1_41' title='bbox 171 607 221 698; x_wconf 89' lang='lat' dir='ltr'><strong>qui</strong></span> <span class='ocrx_word' id='word_1_42' title='bbox 241 608 346 687; x_wconf 84' lang='lat' dir='ltr'><strong>raptim</strong></span> <span class='ocrx_word' id='word_1_43' title='bbox 368 619 399 668; x_wconf 92' lang='lat' dir='ltr'><strong>et</strong></span> <span class='ocrx_word' id='word_1_44' title='bbox 418 607 620 671; x_wconf 85' lang='lat' dir='ltr'><strong>clanculumC</strong></span> <span class='ocrx_word' id='word_1_45' title='bbox 643 608 705 668; x_wconf 92' lang='lat' dir='ltr'><strong>risti</strong></span> <span class='ocrx_word' id='word_1_46' title='bbox 721 627 828 687; x_wconf 89' lang='lat' dir='ltr'><strong>corpus</strong></span> <span class='ocrx_word' id='word_1_47' title='bbox 841 605 1006 678; x_wconf 77' lang='lat' dir='ltr'><strong>deluderet,</strong></span> <span class='ocrx_word' id='word_1_48' title='bbox 1026 605 1076 664; x_wconf 86' lang='lat' dir='ltr'><strong>sed</strong></span> <span class='ocrx_word' id='word_1_49' title='bbox 1097 625 1134 665; x_wconf 86' lang='lat' dir='ltr'><strong>ex</strong></span> <span class='ocrx_word' id='word_1_50' title='bbox 1154 603 1330 666; x_wconf 89' lang='lat' dir='ltr'><strong>alto-hono-</strong></span> 
     </span>
     <span class='ocr_line' id='line_1_6' title="bbox 132 681 1329 760; baseline -0.002 -16"><span class='ocrx_word' id='word_1_51' title='bbox 132 709 139 726; x_wconf 54' lang='lat'><em>*</em></span> <span class='ocrx_word' id='word_1_52' title='bbox 169 707 209 744; x_wconf 85' lang='lat' dir='ltr'><strong>rra</strong></span> <span class='ocrx_word' id='word_1_53' title='bbox 250 683 321 755; x_wconf 75' lang='lat' dir='ltr'><strong>radu</strong></span> <span class='ocrx_word' id='word_1_54' title='bbox 343 684 481 744; x_wconf 85' lang='lat' dir='ltr'><strong>excitatus</strong></span> <span class='ocrx_word' id='word_1_55' title='bbox 501 684 558 744; x_wconf 87' lang='lat' dir='ltr'><strong>fuit</strong></span> <span class='ocrx_word' id='word_1_56' title='bbox 578 685 661 744; x_wconf 84' lang='lat' dir='ltr'><strong>huius</strong></span> <span class='ocrx_word' id='word_1_57' title='bbox 681 683 773 744; x_wconf 83' lang='lat' dir='ltr'><strong>officii</strong></span> <span class='ocrx_word' id='word_1_58' title='bbox 792 683 934 750; x_wconf 83' lang='lat' dir='ltr'><strong>minister.</strong></span> <span class='ocrx_word' id='word_1_59' title='bbox 972 683 1048 743; x_wconf 87' lang='lat' dir='ltr'><strong>Nam</strong></span> <span class='ocrx_word' id='word_1_60' title='bbox 1068 701 1131 760; x_wconf 92' lang='lat' dir='ltr'><strong>quo</strong></span> <span class='ocrx_word' id='word_1_61' title='bbox 1151 681 1253 742; x_wconf 86' lang='lat' dir='ltr'><strong>minus</strong></span> <span class='ocrx_word' id='word_1_62' title='bbox 1273 703 1329 742; x_wconf 83' lang='lat' dir='ltr'><strong>cre·</strong></span> 
     </span>
     <span class='ocr_line' id='line_1_7' title="bbox 170 701 1331 840; baseline -0.003 -18"><span class='ocrx_word' id='word_1_63' title='bbox 170 701 261 822; x_wconf 80' lang='lat' dir='ltr'><strong>dibile</strong></span> <span class='ocrx_word' id='word_1_64' title='bbox 281 772 360 834; x_wconf 88' lang='lat' dir='ltr'><strong>erat,</strong></span> <span class='ocrx_word' id='word_1_65' title='bbox 391 760 473 840; x_wconf 84' lang='lat' dir='ltr'><strong>illum</strong></span> <span class='ocrx_word' id='word_1_66' title='bbox 492 761 609 840; x_wconf 88' lang='lat' dir='ltr'><strong>pietatis</strong></span> <span class='ocrx_word' id='word_1_67' title='bbox 629 761 739 822; x_wconf 88' lang='lat' dir='ltr'><strong>cultum</strong></span> <span class='ocrx_word' id='word_1_68' title='bbox 760 757 880 820; x_wconf 85' lang='lat' dir='ltr'><strong>Christo</strong></span> <span class='ocrx_word' id='word_1_69' title='bbox 900 769 1035 838; x_wconf 88' lang='lat' dir='ltr'><strong>paratum</strong></span> <span class='ocrx_word' id='word_1_70' title='bbox 1059 777 1140 831; x_wconf 88' lang='lat' dir='ltr'><strong>esse,</strong></span> <span class='ocrx_word' id='word_1_71' title='bbox 1173 773 1214 817; x_wconf 88' lang='lat' dir='ltr'><strong>eo</strong></span> <span class='ocrx_word' id='word_1_72' title='bbox 1229 758 1331 826; x_wconf 57' lang='lat' dir='ltr'><strong>,elautus</strong></span> 
     </span>
     <span class='ocr_line' id='line_1_8' title="bbox 170 833 1330 917; baseline -0.003 -20"><span class='ocrx_word' id='word_1_73' title='bbox 170 836 306 917; x_wconf 88' lang='lat' dir='ltr'><strong>apparuit</strong></span> <span class='ocrx_word' id='word_1_74' title='bbox 323 837 383 896; x_wconf 91' lang='lat' dir='ltr'><strong>boc</strong></span> <span class='ocrx_word' id='word_1_75' title='bbox 402 849 497 897; x_wconf 91' lang='lat' dir='ltr'><strong>totum</strong></span> <span class='ocrx_word' id='word_1_76' title='bbox 515 836 575 896; x_wconf 87' lang='lat' dir='ltr'><strong>Dei</strong></span> <span class='ocrx_word' id='word_1_77' title='bbox 595 835 721 898; x_wconf 88' lang='lat' dir='ltr'><strong>consilio</strong></span> <span class='ocrx_word' id='word_1_78' title='bbox 742 848 772 896; x_wconf 91' lang='lat' dir='ltr'><strong>et</strong></span> <span class='ocrx_word' id='word_1_79' title='bbox 791 857 879 896; x_wconf 89' lang='lat' dir='ltr'><strong>manu</strong></span> <span class='ocrx_word' id='word_1_80' title='bbox 939 833 1067 906; x_wconf 76' lang='lat' dir='ltr'><strong>berneri.</strong></span> <span class='ocrx_word' id='word_1_81' title='bbox 1107 833 1268 906; x_wconf 80' lang='lat' dir='ltr'><strong>Docemnr</strong></span> <span class='ocrx_word' id='word_1_82' title='bbox 1286 857 1330 894; x_wconf 88' lang='lat' dir='ltr'><strong>au-</strong></span> 
     </span>
     <span class='ocr_line' id='line_1_9' title="bbox 168 910 1331 993; baseline -0.003 -20"><span class='ocrx_word' id='word_1_83' title='bbox 168 926 229 973; x_wconf 89' lang='lat' dir='ltr'><strong>tem</strong></span> <span class='ocrx_word' id='word_1_84' title='bbox 250 913 307 972; x_wconf 92' lang='lat' dir='ltr'><strong>hoc</strong></span> <span class='ocrx_word' id='word_1_85' title='bbox 327 913 471 993; x_wconf 88' lang='lat' dir='ltr'><strong>exemplo,</strong></span> <span class='ocrx_word' id='word_1_86' title='bbox 491 925 604 974; x_wconf 88' lang='lat' dir='ltr'><strong>tantum</strong></span> <span class='ocrx_word' id='word_1_87' title='bbox 621 912 657 975; x_wconf 87' lang='lat' dir='ltr'><strong>ab</strong></span> <span class='ocrx_word' id='word_1_88' title='bbox 678 913 863 974; x_wconf 81' lang='lat' dir='ltr'><strong>excusau&#39;one</strong></span> <span class='ocrx_word' id='word_1_89' title='bbox 884 933 899 970; x_wconf 88' lang='lat' dir='ltr'><strong>a</strong></span> <span class='ocrx_word' id='word_1_90' title='bbox 924 931 984 971; x_wconf 87' lang='lat' dir='ltr'><strong>esse</strong></span> <span class='ocrx_word' id='word_1_91' title='bbox 1005 910 1122 984; x_wconf 83' lang='lat' dir='ltr'><strong>divites,</strong></span> <span class='ocrx_word' id='word_1_92' title='bbox 1141 912 1168 970; x_wconf 89' lang='lat' dir='ltr'><strong>si</strong></span> <span class='ocrx_word' id='word_1_93' title='bbox 1188 910 1331 972; x_wconf 78' lang='lat' dir='ltr'><strong>Christum</strong></span> 
     </span>
     <span class='ocr_line' id='line_1_10' title="bbox 169 987 1332 1070; baseline -0.003 -21"><span class='ocrx_word' id='word_1_94' title='bbox 169 989 286 1050; x_wconf 88' lang='lat' dir='ltr'><strong>honore</strong></span> <span class='ocrx_word' id='word_1_95' title='bbox 306 1010 359 1050; x_wconf 92' lang='lat' dir='ltr'><strong>suo</strong></span> <span class='ocrx_word' id='word_1_96' title='bbox 380 989 527 1064; x_wconf 74' lang='lat' dir='ltr'>fraudent,</span> <span class='ocrx_word' id='word_1_97' title='bbox 546 1003 579 1050; x_wconf 89' lang='lat' dir='ltr'><strong>ut</strong></span> <span class='ocrx_word' id='word_1_98' title='bbox 598 990 636 1050; x_wconf 93' lang='lat' dir='ltr'><strong>du</strong></span> <span class='ocrx_word' id='word_1_99' title='bbox 659 989 720 1050; x_wconf 89' lang='lat' dir='ltr'><strong>licis</strong></span> <span class='ocrx_word' id='word_1_100' title='bbox 741 988 844 1070; x_wconf 88' lang='lat' dir='ltr'><strong>culpae</strong></span> <span class='ocrx_word' id='word_1_101' title='bbox 863 988 962 1068; x_wconf 90' lang='lat' dir='ltr'><strong>potios</strong></span> <span class='ocrx_word' id='word_1_102' title='bbox 980 987 1025 1047; x_wconf 90' lang='lat' dir='ltr'><strong>rei</strong></span> <span class='ocrx_word' id='word_1_103' title='bbox 1044 987 1121 1060; x_wconf 86' lang='lat' dir='ltr'><strong>sint,</strong></span> <span class='ocrx_word' id='word_1_104' title='bbox 1141 987 1217 1046; x_wconf 88' lang='lat' dir='ltr'><strong>dum</strong></span> <span class='ocrx_word' id='word_1_105' title='bbox 1237 988 1332 1047; x_wconf 87' lang='lat' dir='ltr'><strong>stimu-</strong></span> 
     </span>
     <span class='ocr_line' id='line_1_11' title="bbox 170 1011 1334 1143; baseline -0.004 -16"><span class='ocrx_word' id='word_1_106' title='bbox 170 1065 225 1141; x_wconf 90' lang='lat' dir='ltr'><strong>los,</strong></span> <span class='ocrx_word' id='word_1_107' title='bbox 266 1065 350 1126; x_wconf 88' lang='lat' dir='ltr'><strong>uibus</strong></span> <span class='ocrx_word' id='word_1_108' title='bbox 369 1065 486 1126; x_wconf 88' lang='lat' dir='ltr'><strong>incitari</strong></span> <span class='ocrx_word' id='word_1_109' title='bbox 507 1087 559 1126; x_wconf 89' lang='lat' dir='ltr'><strong>eos</strong></span> <span class='ocrx_word' id='word_1_110' title='bbox 572 1011 706 1141; x_wconf 75' lang='lat' dir='ltr'><strong>decelat,</strong></span> <span class='ocrx_word' id='word_1_111' title='bbox 726 1075 904 1126; x_wconf 86' lang='lat' dir='ltr'><strong>convertunt</strong></span> <span class='ocrx_word' id='word_1_112' title='bbox 919 1063 949 1123; x_wconf 92' lang='lat' dir='ltr'><strong>in</strong></span> <span class='ocrx_word' id='word_1_113' title='bbox 964 1062 1128 1124; x_wconf 84' lang='lat' dir='ltr'><strong>obstacula.</strong></span> <span class='ocrx_word' id='word_1_114' title='bbox 1147 1063 1334 1143; x_wconf 83' lang='lat' dir='ltr'><strong>Fateorqui-</strong></span> 
     </span>
     <span class='ocr_line' id='line_1_12' title="bbox 170 1139 1334 1221; baseline -0.003 -17"><span class='ocrx_word' id='word_1_115' title='bbox 170 1141 236 1204; x_wconf 82' lang='lat' dir='ltr'><strong>elem</strong></span> <span class='ocrx_word' id='word_1_116' title='bbox 276 1163 314 1202; x_wconf 93' lang='lat' dir='ltr'><strong>oc</strong></span> <span class='ocrx_word' id='word_1_117' title='bbox 334 1142 419 1202; x_wconf 87' lang='lat' dir='ltr'><strong>nimis</strong></span> <span class='ocrx_word' id='word_1_118' title='bbox 440 1154 612 1203; x_wconf 90' lang='lat' dir='ltr'><strong>consuetum</strong></span> <span class='ocrx_word' id='word_1_119' title='bbox 632 1164 695 1204; x_wconf 91' lang='lat' dir='ltr'><strong>esse</strong></span> <span class='ocrx_word' id='word_1_120' title='bbox 716 1153 746 1202; x_wconf 91' lang='lat' dir='ltr'><strong>et</strong></span> <span class='ocrx_word' id='word_1_121' title='bbox 765 1141 812 1204; x_wconf 83' lang='lat' dir='ltr'><strong>vul</strong></span> <span class='ocrx_word' id='word_1_122' title='bbox 835 1161 903 1215; x_wconf 89' lang='lat' dir='ltr'><strong>are,</strong></span> <span class='ocrx_word' id='word_1_123' title='bbox 927 1152 961 1199; x_wconf 90' lang='lat' dir='ltr'><strong>ut</strong></span> <span class='ocrx_word' id='word_1_124' title='bbox 978 1160 1010 1200; x_wconf 92' lang='lat' dir='ltr'><strong>se</strong></span> <span class='ocrx_word' id='word_1_125' title='bbox 1029 1161 1046 1198; x_wconf 93' lang='lat' dir='ltr'><strong>a</strong></span> <span class='ocrx_word' id='word_1_126' title='bbox 1066 1139 1143 1221; x_wconf 84' lang='lat' dir='ltr'><strong>ingo</strong></span> <span class='ocrx_word' id='word_1_127' title='bbox 1163 1139 1334 1214; x_wconf 80' lang='lat' dir='ltr'><strong>subducant,</strong></span> 
     </span>
     <span class='ocr_line' id='line_1_13' title="bbox 170 1162 1332 1300; baseline -0.002 -23"><span class='ocrx_word' id='word_1_128' title='bbox 170 1219 221 1300; x_wconf 91' lang='lat' dir='ltr'><strong>qui</strong></span> <span class='ocrx_word' id='word_1_129' title='bbox 240 1219 377 1280; x_wconf 87' lang='lat' dir='ltr'><strong>videntur</strong></span> <span class='ocrx_word' id='word_1_130' title='bbox 395 1240 466 1299; x_wconf 89' lang='lat' dir='ltr'><strong>prae</strong></span> <span class='ocrx_word' id='word_1_131' title='bbox 486 1219 549 1279; x_wconf 88' lang='lat' dir='ltr'><strong>aliis</strong></span> <span class='ocrx_word' id='word_1_132' title='bbox 571 1219 728 1294; x_wconf 89' lang='lat' dir='ltr'><strong>excellere,</strong></span> <span class='ocrx_word' id='word_1_133' title='bbox 757 1231 792 1279; x_wconf 92' lang='lat' dir='ltr'><strong>ut</strong></span> <span class='ocrx_word' id='word_1_134' title='bbox 811 1162 927 1280; x_wconf 66' lang='lat' dir='ltr'><strong>ciclicati</strong></span> <span class='ocrx_word' id='word_1_135' title='bbox 945 1216 1057 1277; x_wconf 85' lang='lat' dir='ltr'><strong>sintae</strong></span> <span class='ocrx_word' id='word_1_136' title='bbox 1077 1215 1207 1290; x_wconf 89' lang='lat' dir='ltr'><strong>molles,</strong></span> <span class='ocrx_word' id='word_1_137' title='bbox 1235 1228 1269 1276; x_wconf 87' lang='lat' dir='ltr'><strong>ut</strong></span> <span class='ocrx_word' id='word_1_138' title='bbox 1291 1217 1332 1276; x_wconf 89' lang='lat' dir='ltr'><strong>ni-</strong></span> 
     </span>
     <span class='ocr_line' id='line_1_14' title="bbox 168 1285 1334 1376; baseline -0.002 -22"><span class='ocrx_word' id='word_1_139' title='bbox 168 1295 259 1360; x_wconf 82' lang='lat' dir='ltr'><strong>mium</strong></span> <span class='ocrx_word' id='word_1_140' title='bbox 278 1295 396 1376; x_wconf 85' lang='lat' dir='ltr'><strong>providi</strong></span> <span class='ocrx_word' id='word_1_141' title='bbox 416 1308 447 1356; x_wconf 88' lang='lat' dir='ltr'><strong>et</strong></span> <span class='ocrx_word' id='word_1_142' title='bbox 466 1295 574 1356; x_wconf 87' lang='lat' dir='ltr'><strong>timidi:</strong></span> <span class='ocrx_word' id='word_1_143' title='bbox 605 1297 658 1357; x_wconf 91' lang='lat' dir='ltr'><strong>sed</strong></span> <span class='ocrx_word' id='word_1_144' title='bbox 682 1294 768 1356; x_wconf 91' lang='lat' dir='ltr'><strong>nobis</strong></span> <span class='ocrx_word' id='word_1_145' title='bbox 787 1285 915 1354; x_wconf 81' lang='lat' dir='ltr'><strong>inerinda</strong></span> <span class='ocrx_word' id='word_1_146' title='bbox 935 1305 980 1353; x_wconf 89' lang='lat' dir='ltr'><strong>est</strong></span> <span class='ocrx_word' id='word_1_147' title='bbox 998 1293 1028 1352; x_wconf 92' lang='lat' dir='ltr'><strong>lo</strong></span> <span class='ocrx_word' id='word_1_148' title='bbox 1073 1311 1091 1352; x_wconf 87' lang='lat' dir='ltr'><strong>e</strong></span> <span class='ocrx_word' id='word_1_149' title='bbox 1113 1294 1234 1354; x_wconf 81' lang='lat' dir='ltr'><strong>diversa</strong></span> <span class='ocrx_word' id='word_1_150' title='bbox 1255 1295 1334 1365; x_wconf 90' lang='lat' dir='ltr'><strong>ratio,</strong></span> 
     </span>
     <span class='ocr_line' id='line_1_15' title="bbox 127 1368 1334 1452; baseline -0.002 -21"><span class='ocrx_word' id='word_1_151' title='bbox 127 1441 129 1448; x_wconf 33' lang='grc' dir='ltr'>Ι</span> <span class='ocrx_word' id='word_1_152' title='bbox 168 1371 225 1432; x_wconf 88' lang='lat' dir='ltr'><strong>nisi</strong></span> <span class='ocrx_word' id='word_1_153' title='bbox 246 1393 318 1452; x_wconf 89' lang='lat' dir='ltr'><strong>opes</strong></span> <span class='ocrx_word' id='word_1_154' title='bbox 338 1383 369 1431; x_wconf 91' lang='lat' dir='ltr'><strong>et</strong></span> <span class='ocrx_word' id='word_1_155' title='bbox 387 1373 519 1433; x_wconf 90' lang='lat' dir='ltr'><strong>honores</strong></span> <span class='ocrx_word' id='word_1_156' title='bbox 544 1372 711 1433; x_wconf 87' lang='lat' dir='ltr'><strong>adiumenta</strong></span> <span class='ocrx_word' id='word_1_157' title='bbox 735 1372 794 1432; x_wconf 88' lang='lat' dir='ltr'><strong>sint</strong></span> <span class='ocrx_word' id='word_1_158' title='bbox 819 1372 855 1432; x_wconf 88' lang='lat' dir='ltr'><strong>ad</strong></span> <span class='ocrx_word' id='word_1_159' title='bbox 880 1368 1037 1430; x_wconf 90' lang='lat' dir='ltr'><strong>colendum</strong></span> <span class='ocrx_word' id='word_1_160' title='bbox 1090 1389 1178 1440; x_wconf 90' lang='lat' dir='ltr'><strong>eum,</strong></span> <span class='ocrx_word' id='word_1_161' title='bbox 1210 1391 1267 1430; x_wconf 87' lang='lat' dir='ltr'><strong>nos</strong></span> <span class='ocrx_word' id='word_1_162' title='bbox 1286 1370 1334 1428; x_wconf 82' lang='lat' dir='ltr'><strong>illis</strong></span> 
     </span>
     <span class='ocr_line' id='line_1_16' title="bbox 168 1446 1332 1529; baseline -0.002 -21"><span class='ocrx_word' id='word_1_163' title='bbox 168 1467 328 1529; x_wconf 78' lang='lat' dir='ltr'><strong>perperam</strong></span> <span class='ocrx_word' id='word_1_164' title='bbox 343 1448 433 1508; x_wconf 88' lang='lat' dir='ltr'><strong>abuti.</strong></span> <span class='ocrx_word' id='word_1_165' title='bbox 474 1447 700 1509; x_wconf 76' lang='lat' dir='ltr'><strong>circumstantia</strong></span> <span class='ocrx_word' id='word_1_166' title='bbox 720 1448 863 1527; x_wconf 90' lang='lat' dir='ltr'><strong>temporis</strong></span> <span class='ocrx_word' id='word_1_167' title='bbox 884 1447 982 1520; x_wconf 80' lang='lat' dir='ltr'><strong>docet,</strong></span> <span class='ocrx_word' id='word_1_168' title='bbox 1023 1467 1092 1504; x_wconf 89' lang='lat' dir='ltr'><strong>uam</strong></span> <span class='ocrx_word' id='word_1_169' title='bbox 1112 1446 1207 1506; x_wconf 78' lang='lat' dir='ltr'><strong>facile</strong></span> <span class='ocrx_word' id='word_1_170' title='bbox 1222 1447 1262 1506; x_wconf 88' lang='lat' dir='ltr'><strong>sit</strong></span> <span class='ocrx_word' id='word_1_171' title='bbox 1273 1447 1332 1506; x_wconf 87' lang='lat' dir='ltr'><strong>Deo</strong></span> 
     </span>
     <span class='ocr_line' id='line_1_17' title="bbox 169 1467 1333 1606; baseline -0.004 -20"><span class='ocrx_word' id='word_1_172' title='bbox 169 1524 322 1606; x_wconf 74' lang='lat' dir='ltr'><strong>corrigere</strong></span> <span class='ocrx_word' id='word_1_173' title='bbox 341 1545 448 1604; x_wconf 84' lang='lat' dir='ltr'><strong>pravos</strong></span> <span class='ocrx_word' id='word_1_174' title='bbox 467 1537 579 1600; x_wconf 88' lang='lat' dir='ltr'><strong>metus,</strong></span> <span class='ocrx_word' id='word_1_175' title='bbox 599 1525 650 1606; x_wconf 87' lang='lat' dir='ltr'><strong>qui</strong></span> <span class='ocrx_word' id='word_1_176' title='bbox 670 1546 724 1585; x_wconf 88' lang='lat' dir='ltr'><strong>nos</strong></span> <span class='ocrx_word' id='word_1_177' title='bbox 745 1524 781 1585; x_wconf 88' lang='lat' dir='ltr'><strong>ab</strong></span> <span class='ocrx_word' id='word_1_178' title='bbox 804 1523 905 1584; x_wconf 76' lang='lat' dir='ltr'><strong>officio</strong></span> <span class='ocrx_word' id='word_1_179' title='bbox 926 1523 964 1582; x_wconf 92' lang='lat' dir='ltr'><strong>im</strong></span> <span class='ocrx_word' id='word_1_180' title='bbox 989 1467 1102 1584; x_wconf 73' lang='lat' dir='ltr'><strong>client.</strong></span> <span class='ocrx_word' id='word_1_181' title='bbox 1145 1523 1255 1597; x_wconf 86' lang='lat' dir='ltr'><strong>Quum</strong></span> <span class='ocrx_word' id='word_1_182' title='bbox 1274 1535 1333 1582; x_wconf 88' lang='lat' dir='ltr'><strong>ante</strong></span> 
     </span>
     <span class='ocr_line' id='line_1_18' title="bbox 167 1544 1331 1682; baseline -0.003 -20"><span class='ocrx_word' id='word_1_183' title='bbox 167 1621 231 1662; x_wconf 92' lang='lat' dir='ltr'><strong>non</strong></span> <span class='ocrx_word' id='word_1_184' title='bbox 252 1602 376 1670; x_wconf 79' lang='lat' dir='ltr'><strong>auderet</strong></span> <span class='ocrx_word' id='word_1_185' title='bbox 394 1601 513 1682; x_wconf 88' lang='lat' dir='ltr'><strong>loseph,</strong></span> <span class='ocrx_word' id='word_1_186' title='bbox 531 1601 618 1665; x_wconf 88' lang='lat' dir='ltr'><strong>rebus</strong></span> <span class='ocrx_word' id='word_1_187' title='bbox 639 1601 734 1663; x_wconf 90' lang='lat' dir='ltr'><strong>dubiis</strong></span> <span class='ocrx_word' id='word_1_188' title='bbox 755 1601 886 1682; x_wconf 86' lang='lat' dir='ltr'><strong>ingenue</strong></span> <span class='ocrx_word' id='word_1_189' title='bbox 897 1620 929 1660; x_wconf 87' lang='lat' dir='ltr'><strong>se</strong></span> <span class='ocrx_word' id='word_1_190' title='bbox 942 1544 1053 1660; x_wconf 83' lang='lat' dir='ltr'><strong>Cbristi</strong></span> <span class='ocrx_word' id='word_1_191' title='bbox 1065 1597 1249 1678; x_wconf 85' lang='lat' dir='ltr'><strong>discipulum</strong></span> <span class='ocrx_word' id='word_1_192' title='bbox 1269 1619 1331 1678; x_wconf 89' lang='lat' dir='ltr'><strong>pro-</strong></span> 
     </span>
     <span class='ocr_line' id='line_1_19' title="bbox 168 1675 1332 1758; baseline -0.003 -21"><span class='ocrx_word' id='word_1_193' title='bbox 168 1677 262 1752; x_wconf 85' lang='lat' dir='ltr'><strong>fiteri,</strong></span> <span class='ocrx_word' id='word_1_194' title='bbox 281 1699 376 1752; x_wconf 90' lang='lat' dir='ltr'><strong>nunc,</strong></span> <span class='ocrx_word' id='word_1_195' title='bbox 395 1677 447 1738; x_wconf 92' lang='lat' dir='ltr'><strong>ubi</strong></span> <span class='ocrx_word' id='word_1_196' title='bbox 466 1679 587 1738; x_wconf 85' lang='lat' dir='ltr'><strong>maxime</strong></span> <span class='ocrx_word' id='word_1_197' title='bbox 608 1679 692 1738; x_wconf 90' lang='lat' dir='ltr'><strong>ardet</strong></span> <span class='ocrx_word' id='word_1_198' title='bbox 711 1678 840 1738; x_wconf 87' lang='lat' dir='ltr'><strong>hostium</strong></span> <span class='ocrx_word' id='word_1_199' title='bbox 861 1677 960 1750; x_wconf 78' lang='lat' dir='ltr'><strong>furor,</strong></span> <span class='ocrx_word' id='word_1_200' title='bbox 985 1685 1017 1735; x_wconf 89' lang='lat' dir='ltr'><strong>et</strong></span> <span class='ocrx_word' id='word_1_201' title='bbox 1034 1675 1160 1736; x_wconf 76' lang='lat' dir='ltr'><strong>saevitia</strong></span> <span class='ocrx_word' id='word_1_202' title='bbox 1182 1687 1332 1758; x_wconf 73' lang='lat' dir='ltr'><strong>grassatur,</strong></span> 
     </span>
     <span class='ocr_line' id='line_1_20' title="bbox 63 1750 1332 1838; baseline -0.004 -24"><span class='ocrx_word' id='word_1_203' title='bbox 63 1763 70 1772; x_wconf 83' lang='grc'><strong>“</strong></span> <span class='ocrx_word' id='word_1_204' title='bbox 168 1754 296 1814; x_wconf 90' lang='lat' dir='ltr'><strong>animum</strong></span> <span class='ocrx_word' id='word_1_205' title='bbox 316 1755 446 1838; x_wconf 84' lang='lat' dir='ltr'><strong>colligit,</strong></span> <span class='ocrx_word' id='word_1_206' title='bbox 470 1754 553 1814; x_wconf 91' lang='lat' dir='ltr'><strong>utin</strong></span> <span class='ocrx_word' id='word_1_207' title='bbox 573 1767 706 1834; x_wconf 90' lang='lat' dir='ltr'><strong>apertum</strong></span> <span class='ocrx_word' id='word_1_208' title='bbox 726 1753 881 1814; x_wconf 82' lang='lat' dir='ltr'><strong>discrimen</strong></span> <span class='ocrx_word' id='word_1_209' title='bbox 901 1771 932 1810; x_wconf 90' lang='lat' dir='ltr'><strong>se</strong></span> <span class='ocrx_word' id='word_1_210' title='bbox 952 1750 1106 1812; x_wconf 88' lang='lat' dir='ltr'><strong>coniicere</strong></span> <span class='ocrx_word' id='word_1_211' title='bbox 1127 1771 1195 1812; x_wconf 90' lang='lat' dir='ltr'><strong>non</strong></span> <span class='ocrx_word' id='word_1_212' title='bbox 1216 1751 1332 1812; x_wconf 71' lang='lat' dir='ltr'><strong>dubitet.</strong></span> 
     </span>
     <span class='ocr_line' id='line_1_21' title="bbox 168 1827 1331 1911; baseline -0.002 -23"><span class='ocrx_word' id='word_1_213' title='bbox 168 1831 308 1890; x_wconf 87' lang='lat' dir='ltr'><strong>Videmus</strong></span> <span class='ocrx_word' id='word_1_214' title='bbox 328 1851 416 1911; x_wconf 84' lang='lat' dir='ltr'><strong>ergo,</strong></span> <span class='ocrx_word' id='word_1_215' title='bbox 446 1841 480 1890; x_wconf 93' lang='lat' dir='ltr'><strong>ut</strong></span> <span class='ocrx_word' id='word_1_216' title='bbox 498 1831 646 1892; x_wconf 86' lang='lat' dir='ltr'><strong>Dominus</strong></span> <span class='ocrx_word' id='word_1_217' title='bbox 670 1842 823 1892; x_wconf 90' lang='lat' dir='ltr'><strong>momento</strong></span> <span class='ocrx_word' id='word_1_218' title='bbox 849 1829 939 1890; x_wconf 89' lang='lat' dir='ltr'><strong>eorda</strong></span> <span class='ocrx_word' id='word_1_219' title='bbox 959 1828 1070 1891; x_wconf 81' lang='lat' dir='ltr'><strong>tormer</strong></span> <span class='ocrx_word' id='word_1_220' title='bbox 1090 1827 1123 1886; x_wconf 90' lang='lat' dir='ltr'><strong>in</strong></span> <span class='ocrx_word' id='word_1_221' title='bbox 1145 1849 1246 1890; x_wconf 81' lang='lat' dir='ltr'><strong>novos</strong></span> <span class='ocrx_word' id='word_1_222' title='bbox 1263 1828 1331 1887; x_wconf 82' lang='lat' dir='ltr'><strong>alle-</strong></span> 
     </span>
     <span class='ocr_line' id='line_1_22' title="bbox 168 1903 1331 1988; baseline -0.003 -21"><span class='ocrx_word' id='word_1_223' title='bbox 168 1917 248 1980; x_wconf 88' lang='lat' dir='ltr'><strong>ctus,</strong></span> <span class='ocrx_word' id='word_1_224' title='bbox 267 1927 301 1965; x_wconf 90' lang='lat' dir='ltr'><strong>ac</strong></span> <span class='ocrx_word' id='word_1_225' title='bbox 322 1907 362 1966; x_wconf 89' lang='lat' dir='ltr'><strong>eri</strong></span> <span class='ocrx_word' id='word_1_226' title='bbox 386 1917 416 1964; x_wconf 92' lang='lat' dir='ltr'><strong>at</strong></span> <span class='ocrx_word' id='word_1_227' title='bbox 434 1907 538 1988; x_wconf 89' lang='lat' dir='ltr'><strong>spiritu</strong></span> <span class='ocrx_word' id='word_1_228' title='bbox 558 1907 755 1978; x_wconf 79' lang='lat' dir='ltr'><strong>fortitudinis,</strong></span> <span class='ocrx_word' id='word_1_229' title='bbox 775 1906 826 1987; x_wconf 90' lang='lat' dir='ltr'><strong>qui</strong></span> <span class='ocrx_word' id='word_1_230' title='bbox 845 1906 925 1987; x_wconf 80' lang='lat' dir='ltr'><strong>priris</strong></span> <span class='ocrx_word' id='word_1_231' title='bbox 945 1903 1068 1984; x_wconf 78' lang='lat' dir='ltr'><strong>collapsi</strong></span> <span class='ocrx_word' id='word_1_232' title='bbox 1089 1917 1190 1966; x_wconf 88' lang='lat' dir='ltr'><strong>erant.</strong></span> <span class='ocrx_word' id='word_1_233' title='bbox 1231 1903 1331 1964; x_wconf 87' lang='lat' dir='ltr'><strong>Caete-</strong></span> 
     </span>
     <span class='ocr_line' id='line_1_23' title="bbox 166 1927 1332 2062; baseline -0.001 -20"><span class='ocrx_word' id='word_1_234' title='bbox 166 2003 233 2042; x_wconf 88' lang='lat' dir='ltr'><strong>rum</strong></span> <span class='ocrx_word' id='word_1_235' title='bbox 252 1981 276 2042; x_wconf 90' lang='lat' dir='ltr'><strong>si</strong></span> <span class='ocrx_word' id='word_1_236' title='bbox 296 1981 347 2061; x_wconf 88' lang='lat' dir='ltr'><strong>pio</strong></span> <span class='ocrx_word' id='word_1_237' title='bbox 365 1927 535 2043; x_wconf 77' lang='lat' dir='ltr'><strong>bonoraudi</strong></span> <span class='ocrx_word' id='word_1_238' title='bbox 548 1980 659 2062; x_wconf 71' lang='lat' dir='ltr'><strong>Christi</strong></span> <span class='ocrx_word' id='word_1_239' title='bbox 678 1983 775 2043; x_wconf 77' lang='lat' dir='ltr'><strong>studii)</strong></span> <span class='ocrx_word' id='word_1_240' title='bbox 797 1995 911 2044; x_wconf 83' lang='lat' dir='ltr'><strong>tantum</strong></span> <span class='ocrx_word' id='word_1_241' title='bbox 931 1981 1056 2042; x_wconf 86' lang='lat' dir='ltr'><strong>fiduciae</strong></span> <span class='ocrx_word' id='word_1_242' title='bbox 1076 1981 1207 2061; x_wconf 87' lang='lat' dir='ltr'><strong>sumpsit</strong></span> <span class='ocrx_word' id='word_1_243' title='bbox 1219 1981 1332 2060; x_wconf 84' lang='lat' dir='ltr'><strong>loseph,</strong></span> 
     </span>
     <span class='ocr_line' id='line_1_24' title="bbox 168 2057 1330 2138; baseline -0.002 -20"><span class='ocrx_word' id='word_1_244' title='bbox 168 2079 257 2138; x_wconf 89' lang='lat' dir='ltr'><strong>quum</strong></span> <span class='ocrx_word' id='word_1_245' title='bbox 277 2069 409 2119; x_wconf 86' lang='lat' dir='ltr'><strong>mortuus</strong></span> <span class='ocrx_word' id='word_1_246' title='bbox 429 2058 459 2118; x_wconf 93' lang='lat' dir='ltr'><strong>in</strong></span> <span class='ocrx_word' id='word_1_247' title='bbox 480 2079 567 2120; x_wconf 84' lang='lat' dir='ltr'><strong>cruce</strong></span> <span class='ocrx_word' id='word_1_248' title='bbox 587 2061 742 2138; x_wconf 85' lang='lat' dir='ltr'><strong>penderet,</strong></span> <span class='ocrx_word' id='word_1_249' title='bbox 761 2060 819 2120; x_wconf 89' lang='lat' dir='ltr'><strong>nisi</strong></span> <span class='ocrx_word' id='word_1_250' title='bbox 838 2059 938 2132; x_wconf 92' lang='lat' dir='ltr'><strong>hodie,</strong></span> <span class='ocrx_word' id='word_1_251' title='bbox 958 2068 1119 2137; x_wconf 88' lang='lat' dir='ltr'><strong>postquam</strong></span> <span class='ocrx_word' id='word_1_252' title='bbox 1138 2057 1297 2124; x_wconf 79' lang='lat' dir='ltr'><strong>resurrexit</strong></span> <span class='ocrx_word' id='word_1_253' title='bbox 1314 2078 1330 2116; x_wconf 88' lang='lat' dir='ltr'><strong>a</strong></span> 
     </span>
     <span class='ocr_line' id='line_1_25' title="bbox 167 2133 1329 2218; baseline -0.002 -24"><span class='ocrx_word' id='word_1_254' title='bbox 167 2135 306 2210; x_wconf 85' lang='lat' dir='ltr'><strong>mortuis,</strong></span> <span class='ocrx_word' id='word_1_255' title='bbox 331 2134 408 2196; x_wconf 85' lang='lat' dir='ltr'><strong>idem</strong></span> <span class='ocrx_word' id='word_1_256' title='bbox 429 2133 531 2196; x_wconf 88' lang='lat' dir='ltr'><strong>salt&#39;cm</strong></span> <span class='ocrx_word' id='word_1_257' title='bbox 552 2135 613 2195; x_wconf 88' lang='lat' dir='ltr'><strong>eius</strong></span> <span class='ocrx_word' id='word_1_258' title='bbox 633 2135 819 2218; x_wconf 81' lang='lat' dir='ltr'><strong>glorificandi</strong></span> <span class='ocrx_word' id='word_1_259' title='bbox 837 2136 918 2217; x_wconf 82' lang='lat' dir='ltr'><strong>riget</strong></span> <span class='ocrx_word' id='word_1_260' title='bbox 937 2133 969 2192; x_wconf 89' lang='lat' dir='ltr'><strong>in</strong></span> <span class='ocrx_word' id='word_1_261' title='bbox 987 2133 1135 2194; x_wconf 86' lang='lat' dir='ltr'><strong>cordibus</strong></span> <span class='ocrx_word' id='word_1_262' title='bbox 1157 2135 1260 2194; x_wconf 69' lang='lat' dir='ltr'><strong>posuis</strong></span> <span class='ocrx_word' id='word_1_263' title='bbox 1279 2154 1329 2193; x_wconf 85' lang='lat' dir='ltr'><strong>xe-</strong></span> 
     </span>
     <span class='ocr_line' id='line_1_26' title="bbox 168 2211 622 2288; baseline -0.004 -16"><span class='ocrx_word' id='word_1_264' title='bbox 168 2211 224 2288; x_wconf 88' lang='lat' dir='ltr'><strong>lus,</strong></span> <span class='ocrx_word' id='word_1_265' title='bbox 242 2232 297 2272; x_wconf 85' lang='lat' dir='ltr'><strong>vae</strong></span> <span class='ocrx_word' id='word_1_266' title='bbox 317 2223 437 2272; x_wconf 87' lang='lat' dir='ltr'><strong>nostrae</strong></span> <span class='ocrx_word' id='word_1_267' title='bbox 456 2211 622 2272; x_wconf 87' lang='lat' dir='ltr'><strong>socordiae.</strong></span> 
     </span>
     <span class='ocr_line' id='line_1_27' title="bbox 243 2288 1330 2374; baseline -0.004 -26"><span class='ocrx_word' id='word_1_268' title='bbox 243 2289 335 2348; x_wconf 88' lang='lat' dir='ltr'><strong>Marc.</strong></span> <span class='ocrx_word' id='word_1_269' title='bbox 360 2295 418 2356; x_wconf 53' lang='lat'><strong>43,</strong></span> <span class='ocrx_word' id='word_1_270' title='bbox 440 2301 470 2348; x_wconf 88' lang='lat' dir='ltr'><strong>et</strong></span> <span class='ocrx_word' id='word_1_271' title='bbox 493 2288 565 2350; x_wconf 90' lang='lat' dir='ltr'><strong>Luc.</strong></span> <span class='ocrx_word' id='word_1_272' title='bbox 591 2295 638 2354; x_wconf 82' lang='lat'><strong>51.</strong></span> <span class='ocrx_word' id='word_1_273' title='bbox 691 2288 750 2374; x_wconf 77' lang='lat' dir='ltr'><strong>Qut</strong></span> <span class='ocrx_word' id='word_1_274' title='bbox 776 2303 803 2349; x_wconf 86' lang='lat' dir='ltr'><strong>et</strong></span> <span class='ocrx_word' id='word_1_275' title='bbox 832 2292 894 2366; x_wconf 72' lang='lat' dir='ltr'><strong>ipsse</strong></span> <span class='ocrx_word' id='word_1_276' title='bbox 921 2301 984 2350; x_wconf 81' lang='lat' dir='ltr'><strong>eret</strong></span> <span class='ocrx_word' id='word_1_277' title='bbox 1008 2303 1187 2364; x_wconf 71' lang='lat' dir='ltr'><strong>crepacem</strong></span> <span class='ocrx_word' id='word_1_278' title='bbox 1213 2305 1330 2362; x_wconf 60' lang='lat' dir='ltr'><strong>equas</strong></span> 
     </span>
     <span class='ocr_line' id='line_1_28' title="bbox 166 2363 1329 2458; baseline -0.003 -34"><span class='ocrx_word' id='word_1_279' title='bbox 166 2363 237 2425; x_wconf 80' lang='lat' dir='ltr'><strong>Dei.</strong></span> <span class='ocrx_word' id='word_1_280' title='bbox 277 2365 344 2425; x_wconf 88' lang='lat' dir='ltr'><strong>Hoc</strong></span> <span class='ocrx_word' id='word_1_281' title='bbox 363 2365 525 2444; x_wconf 86' lang='lat' dir='ltr'><strong>praecipuo</strong></span> <span class='ocrx_word' id='word_1_282' title='bbox 546 2365 660 2458; x_wconf 72' lang='lat' dir='ltr'><strong>elogio</strong></span> <span class='ocrx_word' id='word_1_283' title='bbox 674 2377 797 2426; x_wconf 90' lang='lat' dir='ltr'><strong>ornatur</strong></span> <span class='ocrx_word' id='word_1_284' title='bbox 815 2364 942 2446; x_wconf 89' lang='lat' dir='ltr'><strong>loseph,</strong></span> <span class='ocrx_word' id='word_1_285' title='bbox 973 2365 1054 2445; x_wconf 91' lang='lat' dir='ltr'><strong>quod</strong></span> <span class='ocrx_word' id='word_1_286' title='bbox 1082 2375 1268 2444; x_wconf 83' lang='lat' dir='ltr'><strong>exspectaret</strong></span> <span class='ocrx_word' id='word_1_287' title='bbox 1284 2381 1329 2421; x_wconf 89' lang='lat' dir='ltr'><strong>re-</strong></span> 
     </span>
     <span class='ocr_line' id='line_1_29' title="bbox 167 2439 1330 2523; baseline -0.001 -24"><span class='ocrx_word' id='word_1_288' title='bbox 167 2441 347 2523; x_wconf 76' lang='lat' dir='ltr'><strong>gnmullei.</strong></span> <span class='ocrx_word' id='word_1_289' title='bbox 384 2441 534 2513; x_wconf 78' lang='lat' dir='ltr'><strong>Laudatur</strong></span> <span class='ocrx_word' id='word_1_290' title='bbox 554 2443 672 2521; x_wconf 74' lang='lat' dir='ltr'><strong>quidem</strong></span> <span class='ocrx_word' id='word_1_291' title='bbox 692 2445 779 2502; x_wconf 88' lang='lat' dir='ltr'><strong>etiam</strong></span> <span class='ocrx_word' id='word_1_292' title='bbox 799 2463 815 2502; x_wconf 93' lang='lat' dir='ltr'><strong>a</strong></span> <span class='ocrx_word' id='word_1_293' title='bbox 837 2441 960 2516; x_wconf 87' lang='lat' dir='ltr'><strong>iustitia,</strong></span> <span class='ocrx_word' id='word_1_294' title='bbox 984 2442 1037 2502; x_wconf 91' lang='lat' dir='ltr'><strong>sed</strong></span> <span class='ocrx_word' id='word_1_295' title='bbox 1057 2440 1246 2520; x_wconf 80' lang='lat' dir='ltr'><strong>exspectatio</strong></span> <span class='ocrx_word' id='word_1_296' title='bbox 1265 2439 1330 2498; x_wconf 87' lang='lat' dir='ltr'><strong>haer</strong></span> 
     </span>
     <span class='ocr_line' id='line_1_30' title="bbox 165 2515 1330 2600; baseline -0.001 -24"><span class='ocrx_word' id='word_1_297' title='bbox 165 2516 253 2598; x_wconf 77' lang='lat' dir='ltr'><strong>regni</strong></span> <span class='ocrx_word' id='word_1_298' title='bbox 270 2515 331 2578; x_wconf 79' lang='lat' dir='ltr'><strong>ttei</strong></span> <span class='ocrx_word' id='word_1_299' title='bbox 350 2517 475 2578; x_wconf 88' lang='lat' dir='ltr'><strong>iustitiae</strong></span> <span class='ocrx_word' id='word_1_300' title='bbox 501 2519 581 2579; x_wconf 81' lang='lat' dir='ltr'><strong>radix</strong></span> <span class='ocrx_word' id='word_1_301' title='bbox 606 2530 637 2578; x_wconf 90' lang='lat' dir='ltr'><strong>et</strong></span> <span class='ocrx_word' id='word_1_302' title='bbox 661 2518 751 2600; x_wconf 83' lang='lat' dir='ltr'><strong>origo</strong></span> <span class='ocrx_word' id='word_1_303' title='bbox 777 2517 841 2578; x_wconf 87' lang='lat' dir='ltr'><strong>luit.</strong></span> <span class='ocrx_word' id='word_1_304' title='bbox 886 2517 946 2578; x_wconf 85' lang='lat' dir='ltr'><strong>Per</strong></span> <span class='ocrx_word' id='word_1_305' title='bbox 970 2539 1094 2593; x_wconf 64' lang='grc' dir='ltr'><strong>κςηιιιι</strong></span> <span class='ocrx_word' id='word_1_306' title='bbox 1112 2516 1179 2576; x_wconf 76' lang='lat' dir='ltr'><strong>Dea·</strong></span> <span class='ocrx_word' id='word_1_307' title='bbox 1203 2515 1330 2596; x_wconf 76' lang='lat' dir='ltr'><strong>intelh&#39;ge</strong></span> 
     </span>
     <span class='ocr_line' id='line_1_31' title="bbox 167 2591 1331 2676; baseline -0.003 -23"><span class='ocrx_word' id='word_1_308' title='bbox 167 2593 338 2675; x_wconf 86' lang='lat' dir='ltr'><strong>promissam</strong></span> <span class='ocrx_word' id='word_1_309' title='bbox 359 2593 389 2652; x_wconf 89' lang='lat' dir='ltr'><strong>in</strong></span> <span class='ocrx_word' id='word_1_310' title='bbox 403 2591 521 2655; x_wconf 88' lang='lat' dir='ltr'><strong>Christo</strong></span> <span class='ocrx_word' id='word_1_311' title='bbox 541 2595 792 2656; x_wconf 87' lang='lat' dir='ltr'><strong>instaurationem.</strong></span> <span class='ocrx_word' id='word_1_312' title='bbox 830 2595 905 2656; x_wconf 86' lang='lat' dir='ltr'><strong>Nam</strong></span> <span class='ocrx_word' id='word_1_313' title='bbox 926 2593 1037 2654; x_wconf 89' lang='lat' dir='ltr'><strong>ordinis</strong></span> <span class='ocrx_word' id='word_1_314' title='bbox 1056 2593 1233 2676; x_wconf 83' lang='lat' dir='ltr'><strong>integritas,</strong></span> <span class='ocrx_word' id='word_1_315' title='bbox 1251 2613 1331 2671; x_wconf 86' lang='lat' dir='ltr'><strong>quarn</strong></span> 
     </span>
     <span class='ocr_line' id='line_1_32' title="bbox 165 2669 1331 2770; baseline -0.003 -41"><span class='ocrx_word' id='word_1_316' title='bbox 165 2669 277 2770; x_wconf 89' lang='lat' dir='ltr'><strong>ubique</strong></span> <span class='ocrx_word' id='word_1_317' title='bbox 296 2669 614 2750; x_wconf 83' lang='lat' dir='ltr'><strong>Prophetaeadrentu</strong></span> <span class='ocrx_word' id='word_1_318' title='bbox 635 2669 746 2730; x_wconf 88' lang='lat' dir='ltr'><strong>Christi</strong></span> <span class='ocrx_word' id='word_1_319' title='bbox 771 2672 899 2731; x_wconf 83' lang='lat' dir='ltr'><strong>suturam</strong></span> <span class='ocrx_word' id='word_1_320' title='bbox 917 2671 1141 2752; x_wconf 81' lang='lat' dir='ltr'><strong>promiserant,</strong></span> <span class='ocrx_word' id='word_1_321' title='bbox 1174 2681 1258 2728; x_wconf 87' lang='lat' dir='ltr'><strong>stare</strong></span> <span class='ocrx_word' id='word_1_322' title='bbox 1275 2689 1331 2726; x_wconf 88' lang='lat' dir='ltr'><strong>nou</strong></span> 
     </span>
     <span class='ocr_line' id='line_1_33' title="bbox 188 2744 1330 2828; baseline -0.003 -22"><span class='ocrx_word' id='word_1_323' title='bbox 188 2757 275 2822; x_wconf 82' lang='lat' dir='ltr'><strong>otest,</strong></span> <span class='ocrx_word' id='word_1_324' title='bbox 295 2747 350 2807; x_wconf 91' lang='lat' dir='ltr'><strong>nisi</strong></span> <span class='ocrx_word' id='word_1_325' title='bbox 371 2768 460 2826; x_wconf 88' lang='lat' dir='ltr'><strong>quum</strong></span> <span class='ocrx_word' id='word_1_326' title='bbox 478 2747 561 2808; x_wconf 86' lang='lat' dir='ltr'><strong>Deus</strong></span> <span class='ocrx_word' id='word_1_327' title='bbox 582 2747 717 2808; x_wconf 88' lang='lat' dir='ltr'><strong>homines</strong></span> <span class='ocrx_word' id='word_1_328' title='bbox 737 2747 891 2828; x_wconf 87' lang='lat' dir='ltr'><strong>dissipatos</strong></span> <span class='ocrx_word' id='word_1_329' title='bbox 910 2747 964 2808; x_wconf 89' lang='lat' dir='ltr'><strong>sub</strong></span> <span class='ocrx_word' id='word_1_330' title='bbox 986 2745 1147 2826; x_wconf 88' lang='lat' dir='ltr'><strong>imperium</strong></span> <span class='ocrx_word' id='word_1_331' title='bbox 1167 2766 1256 2806; x_wconf 82' lang='lat' dir='ltr'><strong>suum</strong></span> <span class='ocrx_word' id='word_1_332' title='bbox 1275 2744 1330 2804; x_wconf 87' lang='lat' dir='ltr'><strong>col-</strong></span> 
     </span>
     <span class='ocr_line' id='line_1_34' title="bbox 165 2767 1330 2904; baseline -0.003 -22"><span class='ocrx_word' id='word_1_333' title='bbox 165 2767 240 2903; x_wconf 73' lang='lat' dir='ltr'><strong>ligia</strong></span> <span class='ocrx_word' id='word_1_334' title='bbox 279 2823 344 2884; x_wconf 88' lang='lat' dir='ltr'><strong>Hac</strong></span> <span class='ocrx_word' id='word_1_335' title='bbox 362 2823 462 2904; x_wconf 88' lang='lat' dir='ltr'><strong>itaque</strong></span> <span class='ocrx_word' id='word_1_336' title='bbox 482 2835 553 2884; x_wconf 88' lang='lat' dir='ltr'><strong>nota</strong></span> <span class='ocrx_word' id='word_1_337' title='bbox 574 2826 797 2885; x_wconf 83' lang='lat' dir='ltr'><strong>commendatur</strong></span> <span class='ocrx_word' id='word_1_338' title='bbox 814 2825 908 2904; x_wconf 86' lang='lat' dir='ltr'><strong>pietas</strong></span> <span class='ocrx_word' id='word_1_339' title='bbox 928 2822 1063 2904; x_wconf 90' lang='lat' dir='ltr'><strong>losephi,</strong></span> <span class='ocrx_word' id='word_1_340' title='bbox 1097 2823 1184 2902; x_wconf 89' lang='lat' dir='ltr'><strong>quod</strong></span> <span class='ocrx_word' id='word_1_341' title='bbox 1210 2823 1244 2882; x_wconf 89' lang='lat' dir='ltr'><strong>in</strong></span> <span class='ocrx_word' id='word_1_342' title='bbox 1262 2832 1330 2880; x_wconf 83' lang='lat' dir='ltr'><strong>statu</strong></span> 
     </span>
     <span class='ocr_line' id='line_1_35' title="bbox 166 2898 1329 2982; baseline -0.004 -23"><span class='ocrx_word' id='word_1_343' title='bbox 166 2899 285 2980; x_wconf 90' lang='lat' dir='ltr'><strong>perdito</strong></span> <span class='ocrx_word' id='word_1_344' title='bbox 304 2915 386 2982; x_wconf 89' lang='lat' dir='ltr'><strong>spem</strong></span> <span class='ocrx_word' id='word_1_345' title='bbox 406 2900 619 2980; x_wconf 86' lang='lat' dir='ltr'><strong>redemptionis</strong></span> <span class='ocrx_word' id='word_1_346' title='bbox 640 2900 754 2976; x_wconf 89' lang='lat' dir='ltr'><strong>aluerit,</strong></span> <span class='ocrx_word' id='word_1_347' title='bbox 774 2921 849 2981; x_wconf 88' lang='lat' dir='ltr'><strong>quae</strong></span> <span class='ocrx_word' id='word_1_348' title='bbox 869 2921 886 2959; x_wconf 91' lang='lat' dir='ltr'><strong>a</strong></span> <span class='ocrx_word' id='word_1_349' title='bbox 905 2899 973 2959; x_wconf 86' lang='lat' dir='ltr'><strong>Deo</strong></span> <span class='ocrx_word' id='word_1_350' title='bbox 994 2899 1140 2980; x_wconf 88' lang='lat' dir='ltr'><strong>promissa</strong></span> <span class='ocrx_word' id='word_1_351' title='bbox 1161 2911 1241 2959; x_wconf 83' lang='lat' dir='ltr'><strong>erat.</strong></span> <span class='ocrx_word' id='word_1_352' title='bbox 1257 2898 1329 2956; x_wconf 79' lang='lat' dir='ltr'><strong>ilinc</strong></span> 
     </span>
     <span class='ocr_line' id='line_1_36' title="bbox 166 2975 1331 3052; baseline -0.004 -14"><span class='ocrx_word' id='word_1_353' title='bbox 166 2977 253 3038; x_wconf 90' lang='lat' dir='ltr'><strong>etiam</strong></span> <span class='ocrx_word' id='word_1_354' title='bbox 274 2977 403 3036; x_wconf 87' lang='lat' dir='ltr'><strong>nascitur</strong></span> <span class='ocrx_word' id='word_1_355' title='bbox 422 2977 511 3036; x_wconf 87' lang='lat' dir='ltr'><strong>timor</strong></span> <span class='ocrx_word' id='word_1_356' title='bbox 522 2975 591 3050; x_wconf 90' lang='lat' dir='ltr'><strong>Dei,</strong></span> <span class='ocrx_word' id='word_1_357' title='bbox 611 2987 642 3037; x_wconf 89' lang='lat' dir='ltr'><strong>et</strong></span> <span class='ocrx_word' id='word_1_358' title='bbox 657 2987 757 3038; x_wconf 88' lang='lat' dir='ltr'><strong>sancte</strong></span> <span class='ocrx_word' id='word_1_359' title='bbox 777 2989 859 3038; x_wconf 85' lang='lat' dir='ltr'><strong>recte</strong></span> <span class='ocrx_word' id='word_1_360' title='bbox 880 2997 918 3036; x_wconf 88' lang='lat' dir='ltr'><strong>ue</strong></span> <span class='ocrx_word' id='word_1_361' title='bbox 937 2975 1053 3036; x_wconf 88' lang='lat' dir='ltr'><strong>vivendi</strong></span> <span class='ocrx_word' id='word_1_362' title='bbox 1074 2975 1222 3051; x_wconf 87' lang='lat' dir='ltr'><strong>studium,</strong></span> <span class='ocrx_word' id='word_1_363' title='bbox 1243 2992 1331 3052; x_wconf 84' lang='lat' dir='ltr'><strong>neque</strong></span> 
     </span>
     <span class='ocr_line' id='line_1_37' title="bbox 51 2997 1330 3134; baseline -0.001 -20"><span class='ocrx_word' id='word_1_364' title='bbox 51 3117 62 3134; x_wconf 49' lang='grc'>,</span> <span class='ocrx_word' id='word_1_365' title='bbox 167 3052 246 3114; x_wconf 91' lang='lat' dir='ltr'><strong>enim</strong></span> <span class='ocrx_word' id='word_1_366' title='bbox 267 3053 333 3112; x_wconf 86' lang='lat' dir='ltr'><strong>lieri</strong></span> <span class='ocrx_word' id='word_1_367' title='bbox 354 3065 462 3133; x_wconf 88' lang='lat' dir='ltr'><strong>potest,</strong></span> <span class='ocrx_word' id='word_1_368' title='bbox 481 3064 515 3113; x_wconf 93' lang='lat' dir='ltr'><strong>ut</strong></span> <span class='ocrx_word' id='word_1_369' title='bbox 533 3073 564 3113; x_wconf 91' lang='lat' dir='ltr'><strong>se</strong></span> <span class='ocrx_word' id='word_1_370' title='bbox 584 3053 652 3113; x_wconf 90' lang='lat' dir='ltr'><strong>Deo</strong></span> <span class='ocrx_word' id='word_1_371' title='bbox 674 3053 826 3134; x_wconf 86' lang='lat' dir='ltr'><strong>quisquam</strong></span> <span class='ocrx_word' id='word_1_372' title='bbox 846 2997 976 3127; x_wconf 67' lang='lat' dir='ltr'><strong>sidicat,</strong></span> <span class='ocrx_word' id='word_1_373' title='bbox 996 3052 1050 3112; x_wconf 88' lang='lat' dir='ltr'><strong>nisi</strong></span> <span class='ocrx_word' id='word_1_374' title='bbox 1071 3051 1124 3131; x_wconf 92' lang='lat' dir='ltr'><strong>qui</strong></span> <span class='ocrx_word' id='word_1_375' title='bbox 1147 3073 1221 3112; x_wconf 88' lang='lat' dir='ltr'><strong>eum</strong></span> <span class='ocrx_word' id='word_1_376' title='bbox 1241 3059 1330 3131; x_wconf 74' lang='lat' dir='ltr'><strong>sperat</strong></span> 
     </span>
     <span class='ocr_line' id='line_1_38' title="bbox 120 3123 1329 3216; baseline -0.004 -26"><span class='ocrx_word' id='word_1_377' title='bbox 120 3159 127 3168; x_wconf 78' lang='lat'>·</span> <span class='ocrx_word' id='word_1_378' title='bbox 165 3126 221 3190; x_wconf 89' lang='lat' dir='ltr'><strong>sibi</strong></span> <span class='ocrx_word' id='word_1_379' title='bbox 240 3127 431 3189; x_wconf 84' lang='lat' dir='ltr'><strong>liberatorem</strong></span> <span class='ocrx_word' id='word_1_380' title='bbox 451 3130 527 3192; x_wconf 86' lang='lat' dir='ltr'><strong>lore.</strong></span> <span class='ocrx_word' id='word_1_381' title='bbox 564 3130 831 3208; x_wconf 82' lang='lat' dir='ltr'><strong>Notemusautem,</strong></span> <span class='ocrx_word' id='word_1_382' title='bbox 851 3149 940 3208; x_wconf 89' lang='lat' dir='ltr'><strong>quum</strong></span> <span class='ocrx_word' id='word_1_383' title='bbox 960 3123 1098 3188; x_wconf 87' lang='lat' dir='ltr'><strong>bmnibus</strong></span> <span class='ocrx_word' id='word_1_384' title='bbox 1119 3128 1246 3190; x_wconf 88' lang='lat' dir='ltr'><strong>ludaeis</strong></span> <span class='ocrx_word' id='word_1_385' title='bbox 1265 3146 1329 3216; x_wconf 75' lang='lat' dir='ltr'><strong>pro</strong></span> 
     </span>
     <span class='ocr_line' id='line_1_39' title="bbox 164 3203 1331 3285; baseline -0.004 -20"><span class='ocrx_word' id='word_1_386' title='bbox 164 3204 274 3265; x_wconf 87' lang='lat' dir='ltr'><strong>miscue</strong></span> <span class='ocrx_word' id='word_1_387' title='bbox 294 3205 436 3264; x_wconf 82' lang='lat' dir='ltr'><strong>destinata</strong></span> <span class='ocrx_word' id='word_1_388' title='bbox 457 3217 534 3267; x_wconf 88' lang='lat' dir='ltr'><strong>esset</strong></span> <span class='ocrx_word' id='word_1_389' title='bbox 549 3205 626 3266; x_wconf 86' lang='lat' dir='ltr'><strong>salus</strong></span> <span class='ocrx_word' id='word_1_390' title='bbox 645 3206 677 3265; x_wconf 94' lang='lat' dir='ltr'><strong>in</strong></span> <span class='ocrx_word' id='word_1_391' title='bbox 698 3204 834 3282; x_wconf 86' lang='lat' dir='ltr'><strong>Christo,</strong></span> <span class='ocrx_word' id='word_1_392' title='bbox 866 3206 985 3285; x_wconf 89' lang='lat' dir='ltr'><strong>eiusque</strong></span> <span class='ocrx_word' id='word_1_393' title='bbox 1013 3205 1174 3284; x_wconf 83' lang='lat' dir='ltr'><strong>promissio</strong></span> <span class='ocrx_word' id='word_1_394' title='bbox 1198 3203 1331 3267; x_wconf 74' lang='lat' dir='ltr'><strong>omnibus</strong></span> 
     </span>
     <span class='ocr_line' id='line_1_40' title="bbox 165 3278 1331 3362; baseline 0 -20"><span class='ocrx_word' id='word_1_395' title='bbox 165 3280 328 3342; x_wconf 85' lang='lat' dir='ltr'><strong>communis</strong></span> <span class='ocrx_word' id='word_1_396' title='bbox 349 3292 440 3356; x_wconf 90' lang='lat' dir='ltr'><strong>esset,</strong></span> <span class='ocrx_word' id='word_1_397' title='bbox 471 3281 613 3362; x_wconf 89' lang='lat' dir='ltr'><strong>Spiritum</strong></span> <span class='ocrx_word' id='word_1_398' title='bbox 638 3295 771 3343; x_wconf 90' lang='lat' dir='ltr'><strong>sanctum</strong></span> <span class='ocrx_word' id='word_1_399' title='bbox 791 3303 853 3343; x_wconf 90' lang='lat' dir='ltr'><strong>non</strong></span> <span class='ocrx_word' id='word_1_400' title='bbox 876 3281 934 3342; x_wconf 86' lang='lat' dir='ltr'><strong>nisi</strong></span> <span class='ocrx_word' id='word_1_401' title='bbox 958 3281 995 3341; x_wconf 91' lang='lat' dir='ltr'><strong>de</strong></span> <span class='ocrx_word' id='word_1_402' title='bbox 1015 3281 1204 3362; x_wconf 87' lang='lat' dir='ltr'><strong>paucissimis</strong></span> <span class='ocrx_word' id='word_1_403' title='bbox 1226 3278 1331 3348; x_wconf 80' lang='lat' dir='ltr'><strong>testari,</strong></span> 
     </span>
     <span class='ocr_line' id='line_1_41' title="bbox 165 3353 1331 3450; baseline -0.002 -34"><span class='ocrx_word' id='word_1_404' title='bbox 165 3357 247 3438; x_wconf 91' lang='lat' dir='ltr'><strong>quod</strong></span> <span class='ocrx_word' id='word_1_405' title='bbox 267 3357 315 3418; x_wconf 90' lang='lat' dir='ltr'><strong>bie</strong></span> <span class='ocrx_word' id='word_1_406' title='bbox 335 3357 492 3420; x_wconf 86' lang='lat' dir='ltr'><strong>audivimus</strong></span> <span class='ocrx_word' id='word_1_407' title='bbox 512 3361 547 3420; x_wconf 91' lang='lat' dir='ltr'><strong>de</strong></span> <span class='ocrx_word' id='word_1_408' title='bbox 563 3359 703 3440; x_wconf 88' lang='lat' dir='ltr'><strong>losepho.</strong></span> <span class='ocrx_word' id='word_1_409' title='bbox 728 3359 817 3419; x_wconf 91' lang='lat' dir='ltr'><strong>Unde</strong></span> <span class='ocrx_word' id='word_1_410' title='bbox 834 3369 967 3450; x_wconf 88' lang='lat' dir='ltr'><strong>apparet,</strong></span> <span class='ocrx_word' id='word_1_411' title='bbox 986 3357 1259 3437; x_wconf 86' lang='lat' dir='ltr'><strong>incomparabilem</strong></span> <span class='ocrx_word' id='word_1_412' title='bbox 1277 3353 1331 3414; x_wconf 87' lang='lat' dir='ltr'><strong>Dei</strong></span> 
     </span>
     <span class='ocr_line' id='line_1_42' title="bbox 111 3432 1331 3526; baseline -0.002 -32"><span class='ocrx_word' id='word_1_413' title='bbox 111 3447 115 3461; x_wconf 81' lang='lat'><em>&#39;</em></span> <span class='ocrx_word' id='word_1_414' title='bbox 203 3433 289 3494; x_wconf 79' lang='lat' dir='ltr'><strong>otiam</strong></span> <span class='ocrx_word' id='word_1_415' title='bbox 307 3432 434 3526; x_wconf 73' lang='lat' dir='ltr'><strong>maligna</strong></span> <span class='ocrx_word' id='word_1_416' title='bbox 459 3435 553 3496; x_wconf 89' lang='lat' dir='ltr'><strong>totius</strong></span> <span class='ocrx_word' id='word_1_417' title='bbox 578 3435 641 3496; x_wconf 85' lang='lat' dir='ltr'><strong>lere</strong></span> <span class='ocrx_word' id='word_1_418' title='bbox 689 3435 771 3516; x_wconf 89' lang='lat' dir='ltr'><strong>opuli</strong></span> <span class='ocrx_word' id='word_1_419' title='bbox 795 3434 946 3496; x_wconf 75' lang='lat' dir='ltr'><strong>oblivione</strong></span> <span class='ocrx_word' id='word_1_420' title='bbox 965 3433 1053 3494; x_wconf 88' lang='lat' dir='ltr'><strong>luisse</strong></span> <span class='ocrx_word' id='word_1_421' title='bbox 1081 3444 1155 3495; x_wconf 85' lang='lat' dir='ltr'><strong>tunc</strong></span> <span class='ocrx_word' id='word_1_422' title='bbox 1175 3434 1331 3525; x_wconf 80' lang='lat' dir='ltr'><strong>sepultam.</strong></span> 
     </span>
     <span class='ocr_line' id='line_1_43' title="bbox 163 3455 1333 3594; baseline -0.003 -24"><span class='ocrx_word' id='word_1_423' title='bbox 163 3455 320 3572; x_wconf 55' lang='lat' dir='ltr'><strong>illolitabat</strong></span> <span class='ocrx_word' id='word_1_424' title='bbox 338 3511 456 3594; x_wconf 77' lang='lat' dir='ltr'><strong>quedem</strong></span> <span class='ocrx_word' id='word_1_425' title='bbox 480 3513 586 3592; x_wconf 86' lang='lat' dir='ltr'><strong>passim</strong></span> <span class='ocrx_word' id='word_1_426' title='bbox 610 3513 641 3571; x_wconf 92' lang='lat' dir='ltr'><strong>in</strong></span> <span class='ocrx_word' id='word_1_427' title='bbox 665 3457 774 3593; x_wconf 85' lang='lat' dir='ltr'><strong>linguis</strong></span> <span class='ocrx_word' id='word_1_428' title='bbox 800 3513 930 3572; x_wconf 91' lang='lat' dir='ltr'><strong>omnium</strong></span> <span class='ocrx_word' id='word_1_429' title='bbox 958 3511 994 3572; x_wconf 90' lang='lat' dir='ltr'><strong>de</strong></span> <span class='ocrx_word' id='word_1_430' title='bbox 1020 3511 1122 3572; x_wconf 81' lang='lat' dir='ltr'><strong>futuro</strong></span> <span class='ocrx_word' id='word_1_431' title='bbox 1147 3509 1261 3572; x_wconf 76' lang='lat' dir='ltr'><strong>Christi</strong></span> <span class='ocrx_word' id='word_1_432' title='bbox 1282 3507 1333 3569; x_wconf 87' lang='lat' dir='ltr'><strong>ad-</strong></span> 
     </span>
     <span class='ocr_line' id='line_1_44' title="bbox 163 3585 1333 3668; baseline -0.001 -19"><span class='ocrx_word' id='word_1_433' title='bbox 163 3598 254 3649; x_wconf 81' lang='lat' dir='ltr'><strong>ventu</strong></span> <span class='ocrx_word' id='word_1_434' title='bbox 272 3587 424 3648; x_wconf 88' lang='lat' dir='ltr'><strong>iactantia:</strong></span> <span class='ocrx_word' id='word_1_435' title='bbox 463 3589 514 3650; x_wconf 92' lang='lat' dir='ltr'><strong>sed</strong></span> <span class='ocrx_word' id='word_1_436' title='bbox 535 3609 695 3668; x_wconf 86' lang='lat' dir='ltr'><strong>paucorum</strong></span> <span class='ocrx_word' id='word_1_437' title='bbox 715 3588 819 3648; x_wconf 87' lang='lat' dir='ltr'><strong>animis</strong></span> <span class='ocrx_word' id='word_1_438' title='bbox 844 3587 962 3648; x_wconf 85' lang='lat' dir='ltr'><strong>infixum</strong></span> <span class='ocrx_word' id='word_1_439' title='bbox 983 3598 1045 3648; x_wconf 89' lang='lat' dir='ltr'><strong>erat</strong></span> <span class='ocrx_word' id='word_1_440' title='bbox 1063 3585 1126 3646; x_wconf 91' lang='lat' dir='ltr'><strong>Dei</strong></span> <span class='ocrx_word' id='word_1_441' title='bbox 1148 3587 1272 3660; x_wconf 83' lang='lat' dir='ltr'><strong>foedus,</strong></span> <span class='ocrx_word' id='word_1_442' title='bbox 1302 3595 1333 3641; x_wconf 89' lang='lat' dir='ltr'><strong>ut</strong></span> 
     </span>
     <span class='ocr_line' id='line_1_45' title="bbox 162 3659 1335 3746; baseline -0.004 -20"><span class='ocrx_word' id='word_1_443' title='bbox 162 3663 222 3726; x_wconf 87' lang='lat' dir='ltr'><strong>fide</strong></span> <span class='ocrx_word' id='word_1_444' title='bbox 242 3664 278 3725; x_wconf 87' lang='lat' dir='ltr'><strong>ad</strong></span> <span class='ocrx_word' id='word_1_445' title='bbox 297 3664 722 3746; x_wconf 83' lang='lat' dir='ltr'><strong>spiritua!em¹renovationem</strong></span> <span class='ocrx_word' id='word_1_446' title='bbox 742 3675 937 3746; x_wconf 76' lang='lat' dir='ltr'><strong>assurgerent.</strong></span> <span class='ocrx_word' id='word_1_447' title='bbox 984 3663 1163 3724; x_wconf 83' lang='lat' dir='ltr'><strong>Homeodus</strong></span> <span class='ocrx_word' id='word_1_448' title='bbox 1184 3683 1255 3724; x_wconf 85' lang='lat' dir='ltr'><strong>sane</strong></span> <span class='ocrx_word' id='word_1_449' title='bbox 1278 3659 1335 3722; x_wconf 82' lang='lat' dir='ltr'><strong>snit</strong></span> 
     </span>
     <span class='ocr_line' id='line_1_46' title="bbox 163 3739 1335 3822; baseline -0.003 -20"><span class='ocrx_word' id='word_1_450' title='bbox 163 3741 214 3802; x_wconf 90' lang='lat' dir='ltr'><strong>ille</strong></span> <span class='ocrx_word' id='word_1_451' title='bbox 234 3752 351 3821; x_wconf 90' lang='lat' dir='ltr'><strong>stupor:</strong></span> <span class='ocrx_word' id='word_1_452' title='bbox 371 3741 440 3803; x_wconf 87' lang='lat' dir='ltr'><strong>ideo</strong></span> <span class='ocrx_word' id='word_1_453' title='bbox 464 3761 500 3801; x_wconf 89' lang='lat' dir='ltr'><strong>ue</strong></span> <span class='ocrx_word' id='word_1_454' title='bbox 519 3761 582 3802; x_wconf 89' lang='lat' dir='ltr'><strong>non</strong></span> <span class='ocrx_word' id='word_1_455' title='bbox 598 3741 714 3817; x_wconf 88' lang='lat' dir='ltr'><strong>mirum,</strong></span> <span class='ocrx_word' id='word_1_456' title='bbox 733 3741 758 3802; x_wconf 89' lang='lat' dir='ltr'><strong>si</strong></span> <span class='ocrx_word' id='word_1_457' title='bbox 777 3763 850 3822; x_wconf 88' lang='lat' dir='ltr'><strong>pura</strong></span> <span class='ocrx_word' id='word_1_458' title='bbox 870 3740 977 3822; x_wconf 86' lang='lat' dir='ltr'><strong>religio</strong></span> <span class='ocrx_word' id='word_1_459' title='bbox 998 3739 1202 3816; x_wconf 86' lang='lat' dir='ltr'><strong>obsoleverat,</strong></span> <span class='ocrx_word' id='word_1_460' title='bbox 1222 3740 1335 3800; x_wconf 83' lang='lat' dir='ltr'><strong>castin-</strong></span> 
     </span>
     <span class='ocr_line' id='line_1_47' title="bbox 164 3816 1334 3888; baseline -0.002 -8"><span class='ocrx_word' id='word_1_461' title='bbox 164 3829 210 3880; x_wconf 90' lang='lat' dir='ltr'><strong>eta</strong></span> <span class='ocrx_word' id='word_1_462' title='bbox 229 3817 329 3881; x_wconf 85' lang='lat' dir='ltr'><strong>salutis</strong></span> <span class='ocrx_word' id='word_1_463' title='bbox 350 3817 416 3878; x_wconf 83' lang='lat' dir='ltr'><strong>lide.</strong></span> <span class='ocrx_word' id='word_1_464' title='bbox 486 3817 577 3877; x_wconf 91' lang='lat' dir='ltr'><strong>tinam</strong></span> <span class='ocrx_word' id='word_1_465' title='bbox 602 3837 674 3878; x_wconf 87' lang='lat' dir='ltr'><strong>vero</strong></span> <span class='ocrx_word' id='word_1_466' title='bbox 701 3837 764 3878; x_wconf 91' lang='lat' dir='ltr'><strong>non</strong></span> <span class='ocrx_word' id='word_1_467' title='bbox 789 3818 892 3888; x_wconf 82' lang='lat' dir='ltr'><strong>similis</strong></span> <span class='ocrx_word' id='word_1_468' title='bbox 913 3827 994 3878; x_wconf 84' lang='lat' dir='ltr'><strong>esset</strong></span> <span class='ocrx_word' id='word_1_469' title='bbox 1009 3817 1093 3877; x_wconf 87' lang='lat' dir='ltr'><strong>huius</strong></span> <span class='ocrx_word' id='word_1_470' title='bbox 1113 3816 1248 3878; x_wconf 78' lang='lat' dir='ltr'><strong>infelicis</strong></span> <span class='ocrx_word' id='word_1_471' title='bbox 1270 3839 1334 3878; x_wconf 76' lang='lat' dir='ltr'><strong>sae</strong></span> 
     </span>
     <span class='ocr_line' id='line_1_48' title="bbox 163 3890 1336 3975; baseline -0.003 -18"><span class='ocrx_word' id='word_1_472' title='bbox 163 3890 223 3957; x_wconf 89' lang='lat' dir='ltr'><strong>cuii</strong></span> <span class='ocrx_word' id='word_1_473' title='bbox 241 3894 417 3974; x_wconf 87' lang='lat' dir='ltr'><strong>corruptela.</strong></span> <span class='ocrx_word' id='word_1_474' title='bbox 455 3893 604 3975; x_wconf 76' lang='lat' dir='ltr'><strong>Apparuit</strong></span> <span class='ocrx_word' id='word_1_475' title='bbox 621 3891 713 3955; x_wconf 88' lang='lat' dir='ltr'><strong>semel</strong></span> <span class='ocrx_word' id='word_1_476' title='bbox 726 3893 859 3955; x_wconf 89' lang='lat' dir='ltr'><strong>Christus</strong></span> <span class='ocrx_word' id='word_1_477' title='bbox 873 3894 989 3956; x_wconf 88' lang='lat' dir='ltr'><strong>Iudaeis</strong></span> <span class='ocrx_word' id='word_1_478' title='bbox 1009 3904 1040 3954; x_wconf 90' lang='lat' dir='ltr'><strong>et</strong></span> <span class='ocrx_word' id='word_1_479' title='bbox 1059 3893 1116 3955; x_wconf 88' lang='lat' dir='ltr'><strong>toti</strong></span> <span class='ocrx_word' id='word_1_480' title='bbox 1136 3896 1256 3955; x_wconf 86' lang='lat' dir='ltr'><strong>mundo</strong></span> <span class='ocrx_word' id='word_1_481' title='bbox 1276 3895 1336 3954; x_wconf 74' lang='lat' dir='ltr'><strong>tte-</strong></span> 
     </span>
     <span class='ocr_line' id='line_1_49' title="bbox 163 3967 1335 4062; baseline -0.003 -30"><span class='ocrx_word' id='word_1_482' title='bbox 163 3967 315 4054; x_wconf 83' lang='lat' dir='ltr'><strong>derpptor&#39;,</strong></span> <span class='ocrx_word' id='word_1_483' title='bbox 334 3982 368 4030; x_wconf 89' lang='lat' dir='ltr'><strong>ut</strong></span> <span class='ocrx_word' id='word_1_484' title='bbox 386 3969 602 4062; x_wconf 84' lang='lat' dir='ltr'><strong>Prophetarum</strong></span> <span class='ocrx_word' id='word_1_485' title='bbox 621 3970 767 4032; x_wconf 76' lang='lat' dir='ltr'><strong>vaticiniis</strong></span> <span class='ocrx_word' id='word_1_486' title='bbox 786 3977 924 4031; x_wconf 88' lang='lat' dir='ltr'><strong>testatum</strong></span> <span class='ocrx_word' id='word_1_487' title='bbox 944 3971 1055 4031; x_wconf 83' lang='lat' dir='ltr'><strong>luerat:</strong></span> <span class='ocrx_word' id='word_1_488' title='bbox 1084 3968 1179 4031; x_wconf 85' lang='lat' dir='ltr'><strong>rebus</strong></span> <span class='ocrx_word' id='word_1_489' title='bbox 1200 3991 1236 4031; x_wconf 88' lang='lat' dir='ltr'><strong>ex</strong></span> <span class='ocrx_word' id='word_1_490' title='bbox 1258 3992 1335 4032; x_wconf 88' lang='lat' dir='ltr'><strong>con-</strong></span> 
     </span>
     <span class='ocr_line' id='line_1_50' title="bbox 161 4045 1334 4130; baseline 0.002 -24"><span class='ocrx_word' id='word_1_491' title='bbox 161 4047 226 4108; x_wconf 83' lang='lat' dir='ltr'><strong>fusa</strong></span> <span class='ocrx_word' id='word_1_492' title='bbox 246 4046 435 4127; x_wconf 83' lang='lat' dir='ltr'><strong>dissipatione</strong></span> <span class='ocrx_word' id='word_1_493' title='bbox 454 4069 485 4106; x_wconf 89' lang='lat' dir='ltr'><strong>m</strong></span> <span class='ocrx_word' id='word_1_494' title='bbox 505 4057 618 4107; x_wconf 90' lang='lat' dir='ltr'><strong>rectum</strong></span> <span class='ocrx_word' id='word_1_495' title='bbox 633 4057 669 4108; x_wconf 86' lang='lat' dir='ltr'><strong>et</strong></span> <span class='ocrx_word' id='word_1_496' title='bbox 687 4047 852 4129; x_wconf 82' lang='lat' dir='ltr'><strong>legitimum</strong></span> <span class='ocrx_word' id='word_1_497' title='bbox 870 4057 977 4118; x_wconf 80' lang='lat' dir='ltr'><strong>statum</strong></span> <span class='ocrx_word' id='word_1_498' title='bbox 995 4045 1183 4126; x_wconf 81' lang='lat' dir='ltr'><strong>compositis,</strong></span> <span class='ocrx_word' id='word_1_499' title='bbox 1203 4067 1334 4130; x_wconf 80' lang='lat' dir='ltr'><strong>regnum</strong></span> 
     </span>
     <span class='ocr_line' id='line_1_51' title="bbox 162 4121 1369 4204; baseline 0.002 -22"><span class='ocrx_word' id='word_1_500' title='bbox 162 4123 221 4182; x_wconf 87' lang='lat' dir='ltr'><strong>Dei</strong></span> <span class='ocrx_word' id='word_1_501' title='bbox 237 4123 343 4199; x_wconf 83' lang='lat' dir='ltr'><strong>erexit:</strong></span> <span class='ocrx_word' id='word_1_502' title='bbox 372 4134 432 4186; x_wconf 85' lang='lat' dir='ltr'><strong>tem</strong></span> <span class='ocrx_word' id='word_1_503' title='bbox 454 4145 487 4184; x_wconf 88' lang='lat' dir='ltr'><strong>us</strong></span> <span class='ocrx_word' id='word_1_504' title='bbox 506 4123 628 4184; x_wconf 89' lang='lat' dir='ltr'><strong>militiae</strong></span> <span class='ocrx_word' id='word_1_505' title='bbox 646 4123 734 4186; x_wconf 87' lang='lat' dir='ltr'><strong>nobis</strong></span> <span class='ocrx_word' id='word_1_506' title='bbox 783 4123 964 4203; x_wconf 87' lang='lat' dir='ltr'><strong>raescripsit,</strong></span> <span class='ocrx_word' id='word_1_507' title='bbox 992 4142 1052 4202; x_wconf 88' lang='lat' dir='ltr'><strong>quo</strong></span> <span class='ocrx_word' id='word_1_508' title='bbox 1071 4121 1254 4204; x_wconf 85' lang='lat' dir='ltr'><strong>patientiam</strong></span> <span class='ocrx_word' id='word_1_509' title='bbox 1277 4145 1334 4184; x_wconf 87' lang='lat' dir='ltr'><strong>no·</strong></span> <span class='ocrx_word' id='word_1_510' title='bbox 1368 4155 1369 4200; x_wconf 60' lang='lat' dir='ltr'><strong>p</strong></span> 
     </span>
     <span class='ocr_line' id='line_1_52' title="bbox 161 4144 1336 4282; baseline 0.003 -26"><span class='ocrx_word' id='word_1_511' title='bbox 161 4208 250 4258; x_wconf 84' lang='lat' dir='ltr'><strong>stram</strong></span> <span class='ocrx_word' id='word_1_512' title='bbox 270 4209 414 4272; x_wconf 84' lang='lat' dir='ltr'><strong>exerceat,</strong></span> <span class='ocrx_word' id='word_1_513' title='bbox 433 4144 530 4262; x_wconf 71' lang='lat' dir='ltr'><strong>ionec</strong></span> <span class='ocrx_word' id='word_1_514' title='bbox 546 4200 653 4260; x_wconf 87' lang='lat' dir='ltr'><strong>iterum</strong></span> <span class='ocrx_word' id='word_1_515' title='bbox 673 4221 690 4262; x_wconf 88' lang='lat' dir='ltr'><strong>e</strong></span> <span class='ocrx_word' id='word_1_516' title='bbox 710 4145 797 4260; x_wconf 83' lang='lat' dir='ltr'><strong>coelo</strong></span> <span class='ocrx_word' id='word_1_517' title='bbox 817 4199 953 4262; x_wconf 85' lang='lat' dir='ltr'><strong>adveniat</strong></span> <span class='ocrx_word' id='word_1_518' title='bbox 971 4198 1124 4279; x_wconf 79' lang='lat' dir='ltr'><strong>perfector</strong></span> <span class='ocrx_word' id='word_1_519' title='bbox 1144 4199 1212 4260; x_wconf 88' lang='lat' dir='ltr'><strong>eius</strong></span> <span class='ocrx_word' id='word_1_520' title='bbox 1231 4201 1336 4282; x_wconf 75' lang='lat' dir='ltr'><strong>regni,</strong></span> 
     </span>
     <span class='ocr_line' id='line_1_53' title="bbox 164 4270 1369 4360; baseline 0.004 -30"><span class='ocrx_word' id='word_1_521' title='bbox 164 4270 244 4350; x_wconf 90' lang='lat' dir='ltr'><strong>quod</strong></span> <span class='ocrx_word' id='word_1_522' title='bbox 264 4273 422 4335; x_wconf 84' lang='lat' dir='ltr'><strong>inchoavit.</strong></span> <span class='ocrx_word' id='word_1_523' title='bbox 460 4275 705 4360; x_wconf 68' lang='lat' dir='ltr'><strong>Quotusquisque</strong></span> <span class='ocrx_word' id='word_1_524' title='bbox 725 4277 763 4337; x_wconf 87' lang='lat' dir='ltr'><strong>od</strong></span> <span class='ocrx_word' id='word_1_525' title='bbox 782 4296 846 4337; x_wconf 89' lang='lat' dir='ltr'><strong>earn</strong></span> <span class='ocrx_word' id='word_1_526' title='bbox 865 4295 949 4356; x_wconf 88' lang='lat' dir='ltr'><strong>spem</strong></span> <span class='ocrx_word' id='word_1_527' title='bbox 967 4275 1014 4339; x_wconf 84' lang='lat' dir='ltr'><strong>vel</strong></span> <span class='ocrx_word' id='word_1_528' title='bbox 1032 4275 1233 4338; x_wconf 87' lang='lat' dir='ltr'><strong>mediocriter</strong></span> <span class='ocrx_word' id='word_1_529' title='bbox 1254 4278 1333 4356; x_wconf 80' lang='lat' dir='ltr'><strong>aspi·</strong></span> <span class='ocrx_word' id='word_1_530' title='bbox 1368 4289 1369 4302; x_wconf 63' lang='lat'>¹</span> 
     </span>
     <span class='ocr_line' id='line_1_54' title="bbox 162 4346 1329 4438; baseline 0.011 -33"><span class='ocrx_word' id='word_1_531' title='bbox 162 4346 228 4408; x_wconf 81' lang='lat' dir='ltr'><strong>rat?</strong></span> <span class='ocrx_word' id='word_1_532' title='bbox 255 4350 314 4409; x_wconf 81' lang='lat' dir='ltr'><strong>=An</strong></span> <span class='ocrx_word' id='word_1_533' title='bbox 334 4369 396 4412; x_wconf 88' lang='lat' dir='ltr'><strong>uon</strong></span> <span class='ocrx_word' id='word_1_534' title='bbox 415 4352 540 4430; x_wconf 86' lang='lat' dir='ltr'><strong>perinde</strong></span> <span class='ocrx_word' id='word_1_535' title='bbox 559 4363 656 4417; x_wconf 85' lang='lat' dir='ltr'><strong>terrae</strong></span> <span class='ocrx_word' id='word_1_536' title='bbox 675 4352 754 4418; x_wconf 77' lang='lat' dir='ltr'><strong>affixi</strong></span> <span class='ocrx_word' id='word_1_537' title='bbox 771 4365 841 4417; x_wconf 82' lang='lat' dir='ltr'><strong>sunt</strong></span> <span class='ocrx_word' id='word_1_538' title='bbox 853 4351 1049 4438; x_wconf 61' lang='lat' dir='ltr'><strong>lercensem,</strong></span> <span class='ocrx_word' id='word_1_539' title='bbox 1066 4353 1131 4418; x_wconf 86' lang='lat' dir='ltr'><strong>acsi</strong></span> <span class='ocrx_word' id='word_1_540' title='bbox 1149 4353 1236 4418; x_wconf 87' lang='lat' dir='ltr'><strong>nulla</strong></span> <span class='ocrx_word' id='word_1_541' title='bbox 1258 4372 1329 4437; x_wconf 67' lang='lat' dir='ltr'><strong>pre</strong></span> 
     </span>
    </p>
   </div>
   <div class='ocr_carea' id='block_1_3' title="bbox 0 0 1386 4854">
    <p class='ocr_par' dir='ltr' id='par_1_3' title="bbox 0 0 1386 4854">
     <span class='ocr_line' id='line_1_55' title="bbox 0 0 1386 4854; baseline 0 1"><span class='ocrx_word' id='word_1_542' title='bbox 0 0 1386 4854; x_wconf 95' lang='lat' dir='ltr'><strong> </strong></span> 
     </span>
    </p>
   </div>
  </div>
 </body>
</html>
