2790 4838
188 278 252 342 au
534 231 537 238 Δ
632 269 787 334 sncno
807 269 892 334 vm.

159 498 162 506 ,
190 455 289 500 mare.
327 430 378 498 31.
406 428 471 494 Aut
489 429 562 516 qnis
582 444 638 494 rex
658 427 881 516 proficiscens,
909 439 945 492 ut
966 430 1141 494 committat
1161 427 1332 518 proelium

191 537 346 604 adversus
364 531 496 597 aiterum
518 549 633 616 regem,
654 550 765 593 nonne
787 529 904 596 sedens
918 533 1005 615 prius
1019 533 1145 618 cogitat,
1167 553 1209 598 au
1226 537 1335 618 possit
1383 580 1384 610 ι

191 661 265 704 cum
284 636 396 701 decem
422 629 563 702 millibus
584 651 756 696 occurrere
778 633 823 708 ei,
856 635 1005 716 quicum
1032 633 1145 715 viginti
1173 632 1329 700 millibus
1383 661 1384 664 ¹

190 740 281 803 venit
301 743 411 799 contra
433 735 490 796 se?
531 731 584 796 32.
609 729 741 817 Alioqui
769 731 956 797 adhucillo
982 731 1100 818 procui
1123 744 1255 818 agente,
1283 735 1336 800 le

191 840 320 926 gatione
342 836 435 898 missa
457 834 537 917 petit
559 853 606 908 ea,
629 854 712 920 quae
733 841 806 896 sunt
820 824 922 918 'pacis
964 833 1014 900 33.
1043 833 1098 898 Sic
1120 853 1198 920 ergo
1222 840 1332 901 omnis

192 923 358 1010 exrobis,
391 936 538 1020 quianon
565 934 727 998 renuntiat
756 931 918 1012 omnihus,
951 955 1036 1021 quae
1063 935 1225 1021 possidet,
1262 959 1333 1004 uou

191 1045 299 1124 potest
319 1055 409 1100 meus
431 1031 711 1121 esseldiscipulus.
1384 1040 1385 1050 ¹

266 1193 372 1253 Matth.
390 1198 438 1258 37.
479 1191 539 1276 Qui
569 1194 707 1252 manmit
727 1206 850 1268 putrem.
895 1193 974 1268 Quia
1001 1192 1058 1252 hoc
1084 1193 1170 1253 valde
1190 1213 1330 1273 aspenrnr

87 1307 95 1324 ·
190 1283 255 1350 eet„
277 1272 377 1330 hostes
395 1267 451 1329 sibi
471 1269 584 1343 facere,
610 1268 660 1404 spui
680 1267 907 1329 coniunctissimi
927 1287 988 1330 esse
1008 1269 1190 1346 debuerant,
1212 1281 1240 1328 et
1260 1292 1332 1332 enm

190 1369 279 1410 sensu
299 1359 420 1406 naturae
440 1357 568 1428 pugnat,
605 1345 672 1406 ieo
699 1367 778 1406 nunc
803 1346 874 1405 dicit
894 1346 1042 1419 Christus,
1075 1367 1135 1404 non
1164 1367 1250 1426 posse
1273 1367 1332 1406 nus

161 1452 164 1458 Δ
192 1428 248 1486 alia
269 1425 422 1506 iegesuos
443 1443 505 1482 esse
525 1422 691 1502 discipulos.
729 1423 798 1482 Non
819 1421 902 1482 iubet
918 1423 1035 1503 quidem
1057 1441 1163 1482 eruere
1184 1424 1331 1484 humanos

193 1503 329 1576 affectus,
348 1511 500 1562 nonwtat
521 1500 590 1577 quin
613 1497 739 1558 debitam
762 1499 882 1578 quisque
903 1499 1140 1568 benevolentiam
1161 1499 1219 1560 suis
1240 1521 1331 1580 prae·
1385 1498 1386 1510 ¹

191 1590 260 1654 stet,
279 1579 330 1638 sed
351 1588 463 1636 tantum
483 1577 513 1634 in
535 1573 668 1635 o'nlinem
682 1573 974 1664 cogivnitquicquid
988 1585 1031 1634 est
1049 1587 1167 1635 mursae
1189 1577 1329 1636 dilectio-

192 1657 238 1718 nis
255 1655 337 1714 r'nter
360 1652 512 1724 homines,
542 1663 575 1710 ut
599 1653 815 1742 superemineat
840 1653 940 1731 pietas.
980 1650 1040 1710 ltili
1063 1664 1093 1710 at
1112 1670 1185 1734 ergo
1207 1655 1331 1714 maritus

191 1751 324 1803 uxorem,
343 1729 550 1810 pater-fitium,
570 1729 735 1787 utvreissim
757 1738 868 1806 patrem
888 1729 972 1800 iilius,
992 1673 1082 1788 modo
1103 1749 1141 1788 ne
1162 1728 1326 1788 observan-

190 1811 272 1880 tiam,
293 1825 367 1886 qnae
389 1803 508 1864 Christo
530 1803 670 1876 debetur,
693 1805 833 1865 humanus
853 1826 935 1865 antor
956 1805 1070 1866 obruat.
1109 1807 1185 1866 Nam
1205 1806 1230 1864 si
1250 1807 1331 1864 inter

183 1883 416 1962 ,hominesipsos
437 1885 484 1956 (ut
503 1881 630 1939 arctiore
648 1881 766 1940 vinculo
780 1883 885 1962 cuique
905 1903 1002 1942 sumus
1023 1881 1167 1958 devincti)
1187 1879 1237 1941 alii
1254 1881 1329 1942 aiios

192 1969 346 2042 superant,
375 1956 529 2038 indiguum
551 1969 609 2030 est,
641 1979 703 2015 non
731 1957 865 2017 omnihus
885 1981 975 2018 unum
997 1955 1145 2017 Christum
1171 1959 1328 2038 praeferri.

191 2039 233 2098 Er
253 2048 332 2094 certe
353 2055 414 2094 non
434 2034 501 2092 satis
522 2045 607 2116 grato
633 2037 732 2094 anime
757 2029 939 2112 reputamus,
964 2035 1041 2114 «quid
1065 2035 1103 2094 sit
1127 2055 1190 2094 esse
1215 2033 1329 2094 Christi

192 2110 378 2192 discipulum,
397 2111 454 2169 nisi
473 2110 556 2170 huius
568 2111 718 2200 dignitatis
733 2112 860 2246 pretium
879 2113 916 2171 ad
934 2112 1115 2192 subigendos
1136 2131 1240 2170 omnes
1262 2133 1329 2172 ear·
1345 2139 1357 2152 =

191 2191 236 2250 nis
257 2189 380 2248 affectus
400 2186 503 2247 valeat.
542 2188 655 2248 Durior
674 2199 717 2248 est
747 2187 870 2266 oquutio
883 2189 958 2269 apud
980 2189 1099 2262 Lucam,
1119 2192 1248 2267 quisquis
1267 2211 1329 2248 non

192 2265 284 2328 oderit
304 2275 419 2342 patrem
442 2276 543 2324 suum:
579 2265 657 2324 idem
683 2276 780 2326 tamen
806 2285 921 2342 seusus,
959 2265 991 2323 Si
1020 2285 1073 2323 nos
1098 2287 1114 2323 a
1136 2265 1259 2325 Christo
1280 2287 1328 2325 se—

192 2343 311 2424 quendo
333 2342 370 2400 hu
396 2341 473 2400 edint
492 2351 661 2400 nostrorum
674 2363 765 2416 amor,
786 2341 903 2401 sortiter·
921 2339 1114 2402 resiitendum
1128 2361 1200 2412 esse,
1222 2363 1326 2432 puem-

191 2421 348 2482 admodum
374 2364 482 2478 ionius
507 2417 593 2492 dim't,
631 2417 781 2478 Damnusa
807 2439 837 2477 se
868 2419 979 2479 duxisse
1011 2411 1070 2499 prd
1089 2431 1135 2477 ter
1162 2418 1329 2490 Christum,

191 2519 272 2636 Ἤρ,
287 2497 367 2577 prius
386 2495 417 2572 in
438 2494 525 2558 lucris
537 2495 679 2576 ponebat,
699 2495 888 2576 munitumque
909 2439 1200 2564 iacturamiihenter
1221 2496 1328 2556 iecisse

254 2599 283 2636 ι.
373 2617 404 2632 ..

191 2583 205 2657 (
254 2581 332 2716 ddi,
352 2575 415 2734 Sth
432 2672 491 2708 non
511 2652 615 2726 occipit
633 2669 755 2708 erucem
794 2649 939 2728 Aspccie
960 2647 996 2706 ad
1018 2667 1110 2740 genus
1123 2647 1328 2730 progreditur,

190 2740 225 2790 ut
242 2729 375 2800 sciamus,
396 2747 458 2786 non
478 2727 563 2786 aliter
582 2747 636 2786 nos
657 2745 743 2805 posse
764 2725 793 2784 in
815 2726 876 2786 eius
896 2725 966 2785 disci
991 2723 1045 2786 uhs
1066 2721 1190 2798 censeri,
1212 2725 1269 2786 nisi
1289 2729 1328 2786 ad

189 2806 295 2868 multas
316 2823 466 2863 aerumnas
487 2802 622 2864 serendas
639 2802 795 2882 compositi
815 2803 911 2860 simus.
952 2747 987 2862 Si
1004 2821 1060 2860 nos
1079 2813 1202 2880 torquet
1221 2823 1257 2862 ac
1277 2825 1327 2861 ex-

191 2881 311 2954 cruciat,
333 2881 411 2958 quod
431 2880 585 2962 Evangelii
606 2899 689 2938 causa
710 2877 796 2939 nohis
818 2891 862 2940 est
882 2901 946 2940 cum
967 2891 1067 2958 patre,
1088 2877 1135 2936 vet
1155 2897 1260 2952 uxore,
1279 2879 1328 2940 rei

190 2957 291 3018 liberis
312 2955 476 3024 dissidium,
496 2955 594 3014 veniat
613 2955 699 3014 nohis
720 2957 748 3013 in
769 2967 898 3016 mentem
918 2956 971 3015 ista
992 2954 1141 3028 conditio,
1174 2955 1328 3016 Christum

190 3053 293 3096 omues
313 3052 382 3092 suos
401 3031 560 3110 discipulos
580 3032 660 3092 cruci
680 3033 826 3093 addicere.
866 3033 983 3092 Interea
1006 3031 1111 3090 snheat
1130 3031 1219 3090 etiarn
1240 3053 1328 3092 men·
1384 3100 1388 3108 ,

189 3121 250 3172 tem
270 3109 343 3168 haec
364 3108 539 3182 consolatio,
558 3128 614 3168 nos
634 3107 664 3167 in
685 3108 806 3170 ferenda
827 3130 920 3194 cruce
935 3107 1047 3169 Christi
1068 3127 1128 3184 esse
1149 3107 1264 3169 socios:
1285 3111 1328 3170 ita

160 3219 163 3226 ⁴
189 3187 242 3246 fiet
266 3197 299 3244 ut
324 3181 411 3244 facile
435 3184 568 3244 mitescat
594 3184 688 3244 omnis
719 3185 870 3246 acerbitas.
918 3185 1007 3245 Cruci
1034 3205 1103 3244 suae
1131 3204 1193 3242 nnn
1224 3186 1324 3246 minus

188 3262 266 3334 affixi
277 3272 345 3324 sunt
355 3259 487 3340 reprobi,
506 3279 562 3320 nec
576 3281 649 3335 eam,
670 3262 852 3342 quantumvis
864 3262 1023 3334 luctentur,
1043 3272 1180 3320 excutere
1244 3273 1327 3338 eunt,

188 3339 241 3402 sed
262 3337 328 3423 quia
350 3350 428 3396 extra
450 3337 598 3400 Christum
619 3359 688 3397 crux
707 3339 861 3398 maledicta
876 3351 930 3412 est,
949 3349 1048 3398 manet
1068 3358 1119 3397 eos
1140 3336 1203 3398 iuie
1219 3341 1244 3398 ix
1266 3341 1327 3399 exi-

187 3427 244 3476 tus.
285 3413 386 3489 Quare
407 3415 478 3474 haec
499 3413 557 3475 duo
577 3414 662 3476 simul
683 3427 861 3476 connectere
882 3416 1034 3488 discamus,
1058 3414 1192 3474 fidelihus
1213 3417 1326 3476 tulien-

189 3495 255 3553 dam
276 3511 338 3552 esse
358 3509 491 3566 crucem,
521 3503 738 3572 coaequantur
762 3493 948 3578 Magistrum:
979 3493 1036 3552 hoc
1062 3504 1121 3566 est,
1151 3512 1182 3552 se
1203 3495 1241 3553 ad
1264 3494 1327 3554 eins

188 3568 353 3660 erempium
378 3567 582 3646 conforment,
611 3582 642 3630 et
665 3580 805 3652 tauquam
832 3569 886 3654 fidi
907 3569 1030 3632 comites
1056 3567 1239 3630 adhaereant
1264 3571 1327 3632 eius

184 3659 260 3708 vestr
285 3668 326 3708 us.
740 3658 751 3674 ¹
947 3685 949 3690 .

262 3669 311 3788 39.
354 3719 413 3808 Qui
435 3723 572 3784 tanne-ts
594 3723 722 3800 enimam
745 3743 837 3782 secum.
876 3721 923 3782 Ne
947 3720 1083 3807 superior
1108 3721 1245 3782 doctrina
1277 3727 1326 3803 (ut

187 3801 346 3862 admodum
366 3798 494 3860 difficilis
513 3811 544 3860 et
564 3800 644 3859 carni
661 3800 788 3860 molesta
809 3801 866 3874 est)
917 3821 999 3860 arum
1025 3797 1064 3859 sit
1083 3817 1187 3889 perse
1209 3799 1327 3875 efficax,

188 3879 303 3940 duobus
321 3876 417 3940 modis
438 3897 502 3938 eam
522 3875 677 3938 confirmat
697 3876 831 3938 Christus
851 3876 881 3938 iu
895 3820 950 3936 hac
964 3886 1126 3936 sententia:
1147 3878 1326 3968 pronuntiat

187 3955 285 4031 enirn,
313 3953 399 4014 nimis
420 3967 521 4014 cautos
542 3965 572 4014 et
590 3954 747 4034 providos,
772 3953 824 4014 ubi
850 3951 905 4013 sihi
925 3953 981 4012 visi
1000 3952 1111 4012 suerint
1129 3965 1222 4014 vitam
1242 3976 1325 4014 suam

187 4031 299 4111 optime
319 4050 458 4105 servasse,
478 4032 646 4091 frustratum
667 4031 754 4090 iriae
775 4051 837 4091 eam
858 4030 1038 4110 perdituros:
1060 4051 1191 4104 rursum,
1207 4031 1259 4110 qui
1278 4031 1324 4110 yi-

186 4117 254 4183 tam
267 4106 465 4188 neglexerint,
498 4103 583 4166 nihil'
598 4108 726 4167 iacturae
752 4107 896 4180 secturus,
930 4107 979 4186 qui
1006 4127 1069 4168 eam
1089 4107 1322 4198 recuperabunt.

149 4203 155 4214 ‘
188 4182 320 4258 Scimus,
348 4185 424 4244 vitae
444 4197 529 4244 carue
550 4185 648 4244 omnia
668 4183 733 4244 fieri
754 4195 784 4244 et
805 4183 914 4244 omitti:
945 4195 1043 4246 tantus
1063 4183 1149 4243 nohis
1170 4185 1322 4268 ingenitus

187 4269 231 4318 est
252 4259 423 4320 eius'amcr.
465 4261 569 4334 Quare
587 4277 706 4320 necesse
726 4260 781 4320 suit
802 4259 937 4336 Christo,
967 4271 1001 4318 ut
1024 4282 1092 4322 suos
1118 4261 1265 4322 animaret
1285 4263 1323 4324 ad

186 4335 289 4394 mortis
310 4347 527 4416 contemptum,
546 4337 586 4396 ita
605 4338 780 4476 promittere
801 4347 831 4397 et
850 4336 963 4396 minari.
1002 4337 1137 4398 Invmdre
1152 4343 1243 4398 vitum
1264 4339 1322 4398 hoe

187 4410 255 4472 ioco
274 4411 420 4494 significat
440 4413 603 4494 eam'pussi
626 4434 693 4491 ere,
724 4415 806 4496 quasi
829 4415 883 4475 sub
908 4425 970 4478 tuta
990 4415 1132 4479 custodia.
1170 4415 1320 4495 Numqui

658 4564 664 4591 Ι
