2764 4854
382 260 464 337 (21⁰.
504 253 638 318 Christus
661 253 868 336 crucifigitur.)
1144 257 1203 320 365

243 363 250 393 Ι
379 376 384 392 Ι
504 377 506 384 ,

43 411 228 474 inconsutili.
266 410 328 472 Sed
348 410 477 492 quamvls
496 410 571 470 nibil
591 407 731 470 acclderit
751 405 871 468 Christo
891 407 922 467 in
942 407 997 468 hao
1017 415 1116 488 parte,
1147 406 1202 468 nisi

42 489 129 570 quod
149 509 252 549 omncs
271 488 401 548 damnati
442 487 619 560 atiebautur,
638 503 748 544 summa
761 491 859 544 tanen
872 484 1038 544 attentione
1050 484 1138 566 digna
1159 497 1203 544 est

43 567 120 626 haee
140 563 280 624 narratio.
318 565 393 624 Nam
412 507 519 623 limum
529 563 588 623 Dei
606 561 664 622 suis
686 559 815 622 vestibus
834 561 975 622 nudatum
995 559 1203 642 Evangelistae
1242 589 1244 596 >

43 653 233 721 proponunt,
256 651 289 700 ut
307 641 430 700 sciamus
450 640 503 702 bac
523 639 655 698 nuditate
674 650 772 719 partas
790 636 879 698 nubis
898 658 959 698 esse
980 636 1108 711 divitias,
1128 657 1203 716 quae

42 739 102 778 nos
122 727 220 778 cosam
239 717 309 776 Deo
329 727 482 778 exornent
525 715 599 775 Erui
621 735 693 798 ergo
712 713 820 774 Filium
840 735 922 774 surum
941 713 1039 774 voluit'
1053 714 1152 786 Deus,
1170 727 1205 774 ut
1298 765 1301 775 .

43 815 102 853 nos
122 793 230 855 iustitia
256 793 345 873 ipsius
371 801 400 853 et
425 793 573 853 bonorum
600 791 730 853 omnium
755 791 842 882 copia
860 791 974 863 vestiti,
1005 811 1069 852 cum
1091 789 1204 872 angelis
1284 838 1286 846 ,

43 890 150 929 secure
169 890 376 950 appareamus,
406 889 479 948 quos
503 869 585 949 prius
611 868 698 928 foeda
717 867 870 948 turpitudo
895 867 926 926 in
945 867 1044 928 lacero
1065 867 1165 928 habitu
1186 889 1203 930 a

44 946 198 1007 coelorum
220 967 337 1006 accessu
356 947 485 1006 arcebat.
532 945 665 1006 Christus
686 944 748 1024 ipse
767 957 862 1006 vestes
881 965 945 1005 suas
964 944 1057 1004 instar
1076 944 1203 1024 praedae

69 1043 147 1082 assus
168 1034 213 1082 est
232 1022 332 1116 diripi,
345 1034 385 1081 ut
404 1043 458 1082 uos
477 1023 705 1084 victoriae-suae
726 1021 833 1112 opibus
852 1020 967 1081 ditaret.
1005 1019 1103 1082 Porro
1123 1024 1204 1102 quod

45 1045 215 1158 hlatthaeus
235 1098 316 1173 diest,
335 1099 374 1158 ita
394 1098 546 1178 impletum
566 1098 655 1158 luisse
675 1099 842 1158 vaticinium
860 1097 982 1160 Davidis
1002 1097 1205 1177 (Pertusa),

44 1176 201 1234 diadem
218 1175 273 1235 sibi
289 1179 452 1236 uestimento
469 1197 550 1248 asco,
575 1186 631 1235 ete.
650 1175 693 1234 sic
712 1174 846 1255 accipere
867 1173 1022 1249 convenit,
1052 1174 1204 1236 literaliter

45 1265 95 1330 (ut
113 1251 289 1330 loquuntur)
316 1263 347 1312 et
366 1273 397 1312 re
418 1253 479 1330 ipsa
499 1252 529 1310 in
551 1249 671 1312 Christo
691 1249 779 1311 fuisse
800 1243 975 1325 exhibitum,
1026 1251 1086 1311 uod
1105 1251 1203 1314 David
1292 1261 1294 1266 ’

47 1327 105 1388 sibi
125 1327 233 1388 sactum
253 1329 455 1420 metaphorice
476 1341 507 1394 et
525 1328 579 1398 sub
599 1328 694 1411 figura
719 1339 896 1408 conquestus
921 1338 974 1387 est.
1042 1349 1087 1386 arn
1107 1328 1205 1390 David

46 1404 101 1464 sub
120 1405 242 1465 vestium
264 1425 385 1466 nomme
404 1406 537 1466 fortunas
557 1417 588 1466 et
606 1405 736 1476 honores
746 1424 814 1464 suos
830 1403 982 1495 iutelligit:
1004 1405 1062 1464 acsi
1082 1403 1205 1477 diceret,

46 1501 78 1542 se
99 1481 194 1541 vivum
215 1481 411 1556 stridentem
436 1483 564 1562 praedae
588 1480 676 1542 fuisse
701 1479 850 1556 hostibus,
881 1501 931 1562 qus
950 1481 1154 1542 involaverant
1172 1482 1204 1541 in

47 1559 109 1618 eius
128 1558 263 1638 domums,
293 1558 367 1619 adeo
390 1577 427 1618 ue
451 1579 514 1617 non
560 1579 577 1618 e
599 1568 734 1618 ercsraot
761 1557 881 1638 reliquis
901 1556 1002 1633 bonis,
1015 1545 1019 1582 ¹
1033 1569 1065 1616 ut
1084 1577 1204 1618 uxorem

47 1654 166 1714 quoque
186 1646 332 1714 raperent.
408 1655 462 1694 ane
487 1579 690 1696 crudeiitatem
714 1635 886 1714 metaphora
911 1633 1085 1714 amplificat,
1114 1635 1205 1694 vesti-

48 1723 145 1772 menta
165 1731 215 1770 sua
235 1711 426 1772 sorte'slivisa
445 1710 533 1772 fuisse
551 1710 691 1772 scribens.
713 1711 814 1785 Quum
834 1721 931 1771 autem
949 1710 1053 1772 umbra
1065 1713 1096 1770 et
1106 1711 1204 1794 imago

46 1785 138 1847 fuerit
158 1786 279 1862 Christi,
299 1788 378 1868 quod
397 1809 532 1868 passurus
552 1787 771 1864 erathristus‚
790 1787 904 1867 Spiritu
923 1786 1099 1868 prophetico
1118 1807 1206 1868 prae-

49 1864 130 1924 dixit
156 1864 258 1938 Quare
277 1863 307 1924 io
329 1864 391 1924 eius
410 1883 537 1955 persona
558 1865 614 1926 boc
635 1884 755 2002 qrropue
773 1863 908 1926 notabile
927 1875 981 1939 est,
1001 1864 1081 1944 quod
1100 1863 1207 1925 milites

47 1941 113 2000 eins
131 1940 266 2000 vestitum
288 1942 419 2020 praedatu
439 1951 522 2016 sunt,
552 1942 676 2023 quiam
723 1961 756 2001 ac
776 1941 946 2022 direptione
970 1940 993 2001 si
1037 1951 1103 2000 aet
1122 1952 1207 2003 nous

46 2017 251 2098 agnoscimus,
271 2017 376 2153 spuibus
397 2017 467 2077 olim
487 2018 643 2100 insignitus
663 2019 772 2078 luerat:
798 2028 828 2078 et
846 2018 932 2079 simul
951 2019 995 2080 tol
1009 2021 1067 2078 itur
1084 2018 1207 2078 scanda-

50 2094 129 2166 lum,
160 2095 239 2173 quod
259 2095 371 2172 aioqui
391 2115 426 2154 cx
446 2095 507 2153 eius
526 2095 658 2154 nuditate
678 2095 852 2174 conciperet
869 2116 971 2157 seusus
989 2093 1101 2168 carnis,
1140 2095 1214 2175 quia

44 2169 121 2228 nihil
140 2189 238 2250 passus
259 2182 317 2245 est,
348 2171 428 2248 quod
452 2189 514 2230 uon
537 2191 608 2230 vere
629 2182 660 2229 et
684 2171 806 2249 proprie
825 2171 855 2228 in
876 2167 1082 2252 Redempturis
1100 2176 1204 2250 perso-

43 2266 114 2306 nam
135 2257 304 2326 competere
325 2247 346 2304 S
370 2246 452 2304 iritus
472 2247 623 2304 oraculum
643 2246 825 2324 pronuntiet.

123 2321 215 2381 blare.
234 2327 282 2385 ⁶25.
349 2335 397 2380 rot
419 2335 513 2380 mrtem
530 2319 605 2381 horn
622 2324 716 2380 rmta.
754 2323 821 2381 Hoc
846 2341 912 2381 eum
933 2319 1053 2381 Ioannis
1072 2323 1205 2382 testimo-

45 2398 101 2458 nio
121 2397 238 2473 videtur
256 2397 377 2456 minime
396 2417 457 2456 esse
477 2409 720 2457 consentaneum:
740 2409 841 2457 narrat
859 2398 949 2472 enim,
968 2397 1086 2458 circiter
1104 2399 1206 2460 boram

41 2486 155 2536 sextam
183 2463 330 2532 Christum
355 2473 443 2532 luisse
468 2474 644 2534 damnatum.
683 2473 795 2533 Verum
824 2474 849 2534 si
873 2484 1042 2566 reputemus
1066 2475 1146 2555 quod
1172 2497 1206 2536 cx

43 2553 111 2612 aliis
132 2548 204 2609 locis
224 2559 349 2623 constat,
369 2549 446 2608 tlism
458 2549 544 2609 luisse
565 2550 595 2608 in
616 2561 743 2630 quatuor
762 2560 860 2630 parles
879 2547 1076 2626 distributum,
1095 2563 1126 2610 et
1144 2552 1205 2612 sin-

42 2626 131 2718 gulas
151 2637 248 2706 partes
268 2647 283 2684 a
304 2625 395 2706 prima
416 2627 528 2686 exordii
547 2627 591 2686 sui
611 2627 683 2687 bora
703 2645 812 2686 nomeu
831 2627 998 2708 sumpsisse,
1017 2647 1080 2687 nou
1100 2627 1207 2690 diffisi«

45 2711 83 2765 lus
104 2703 161 2762 erit
179 2697 298 2762 solutio.
337 2702 448 2761 'sottum
477 2703 604 2764 medium
629 2714 745 2782 tempus
771 2703 807 2764 ab
836 2715 939 2765 exortu
964 2703 1033 2764 solis
1058 2725 1149 2783 usque
1169 2707 1206 2766 ad

44 2779 204 2841 secundam
223 2791 336 2870 partem
356 2779 504 2840 vocabant
522 2779 624 2840 boram
644 2780 776 2861 primam.
815 2781 952 2842 Secunda
971 2801 1037 2860 pars
1057 2801 1148 2860 usque
1168 2782 1205 2841 ad

45 2856 201 2918 meridiem
221 2854 277 2916 rllis
298 2868 360 2916 crat
380 2856 451 2916 hora
471 2857 567 2918 tertia.
617 2856 704 2917 Sexta
725 2858 796 2918 bora
817 2877 832 2918 a
852 2857 974 2918 meridie
994 2856 1227 2936 incipiemus·

48 2955 108 3014 que
138 2934 174 2992 ad
200 2933 317 2992 tertiam
342 2931 388 2992 vel
435 2943 547 2994 uastam
572 2934 803 3016 pomeridianam
828 2932 959 2996 durabat
1010 2933 1110 3007 Quum
1131 2953 1204 3016 ergo

50 3021 165 3090 tempus
184 3029 200 3068 a
221 3009 318 3069 Pilato
344 2955 454 3071 extrahi
477 3011 613 3072 viderent
637 3011 754 3086 Iudaei,
785 3024 817 3071 et
839 3013 896 3072 iarn
914 3009 1067 3070 meridiem
1087 3011 1206 3087 instare,

48 3087 122 3147 dicit
141 3087 268 3146 Ioannes
288 3087 490 3147 vehementius
509 3085 658 3162 clamasse,
676 3108 715 3148 ne
734 3099 814 3148 totus
834 3089 895 3150 dies
916 3087 1061 3148 efflueret.
1094 3089 1205 3148 Verum

38 3163 122 3224 illud
143 3183 205 3221 uon
227 3163 339 3238 obstat,
370 3165 525 3242 quominus
550 3165 667 3224 circiter
692 3164 781 3225 hnetn
805 3165 898 3226 horae
921 3164 1028 3224 tertiae
1053 3165 1203 3244 crucifixus

47 3240 138 3300 suerit
157 3239 311 3300 Dominus.
360 3241 434 3300 Nam
460 3241 527 3301 satis
551 3241 661 3320 liquet,
691 3261 814 3320 ex.quo
840 3240 1028 3302 tumultuarie
1054 3242 1205 3302 damnatus

47 3329 109 3390 est,
137 3315 236 3376 subito
263 3315 349 3376 luisse
375 3317 543 3397 abreptum:
572 3317 738 3378 tantocius
761 3317 962 3400 exstinguendi
985 3317 1205 3378 studioludaei

48 3391 200 3454 ardebant.
239 3393 321 3474 Ergo
343 3394 457 3454 lllarcus
482 3413 543 3453 non
568 3393 683 3453 initium
708 3395 797 3454 borae
822 3395 928 3456 tertiae
947 3395 1000 3455 sed
1018 3393 1106 3454 finem
1127 3392 1205 3454 desi-

46 3481 129 3552 gnat.
165 3471 208 3528 Et
228 3469 284 3528 hoc
305 3465 488 3530 verilisuilius
513 3481 573 3546 est,
612 3470 760 3533 Christum
780 3490 842 3531 non
860 3470 981 3554 ,longius
1005 3469 1100 3530 tribus
1123 3469 1204 3531 horis

46 3546 224 3627 pependisse
243 3546 273 3604 in
294 3566 391 3606 cruce.
701 3559 706 3567 ·

125 3621 195 3682 Luc.
214 3627 262 3687 34.
300 3621 383 3682 lenes
400 3637 495 3683 nauem
512 3620 631 3686 dicebam
670 3625 734 3686 Hac
752 3645 827 3686 voce
845 3623 985 3705 probavit
1005 3622 1154 3699 Christus,
1173 3641 1205 3684 se

48 3699 131 3758 illum
153 3719 218 3760 esse
243 3699 389 3778 placidum
414 3721 447 3759 ac
472 3713 654 3763 mansuetum
679 3701 803 3783 agnum,
841 3701 891 3782 qui
918 3701 954 3762 ad
978 3699 1123 3761 victimam
1150 3700 1205 3760 du-

49 3777 161 3835 cendus
187 3788 263 3850 erat,
292 3776 376 3835 sicuti
405 3787 525 3836 testatus
551 3777 647 3839 suerat
672 3779 779 3838 Iesaias
803 3777 954 3857 Propheta
980 3781 1059 3856 (cap.
1079 3781 1132 3848 bi,
1151 3776 1205 3854 7·).

48 3854 96 3911 Ne
118 3872 156 3910 ue
175 3853 253 3911 enim
274 3851 430 3931 vindictam
449 3853 544 3912 solum
563 3855 700 3930 remittit,
720 3855 895 3915 sedentum
913 3853 1034 3915 salutem
1055 3871 1206 3912 commem
1281 3904 1283 3912 ,

48 3929 100 3988 dat
143 3949 179 3988 eo
220 3930 285 4002 atri,
305 3949 320 3988 a
341 3929 445 4007 quibus
465 3929 529 4009 plus
550 3951 635 4010 quam
657 3930 815 4002 crudeliter
832 3941 961 4005 vexatur.
987 3929 1126 4008 Magnum
1149 3929 1205 3988 hoc

50 4006 168 4080 luisset,
244 4007 354 4067 talione
375 4004 447 4065 nihil
467 4007 614 4086 cogitare:
634 4009 719 4069 sicuti
738 4007 842 4068 Petrus
862 4010 925 4085 (ep.
945 4005 969 4064 Ι.
989 4012 1024 4079 3,
1043 4011 1101 4078 9.),
1136 4004 1204 4064 dum
1280 4071 1283 4088 ἡ

50 4081 113 4142 eius
134 4082 268 4162 exemplo
288 4105 342 4144 nos
363 4082 495 4142 hortatur
506 4083 542 4143 ad
553 4085 736 4163 patientiam,
755 4084 825 4145 dicit
843 4101 905 4142 nou
922 4081 1095 4162 'rependisse
1113 4080 1205 4142 male-

50 4159 130 4218 dicta
149 4179 206 4240 pro
224 4160 400 4233 maledictis,
429 4179 485 4218 nec
510 4159 602 4219 ultum
627 4163 715 4224 fuisse
740 4179 804 4221 suas
828 4158 965 4234 iniurias,
995 4157 1046 4218 sed
1065 4157 1122 4218 hoc
1142 4177 1204 4219 uno

50 4234 141 4308 luisse
161 4247 332 4297 contentum
362 4235 442 4318 quod
460 4236 558 4296 Deum
584 4237 694 4300 habere
726 4236 881 4298 vindicem.
920 4235 1003 4296 llaec
1022 4254 1094 4294 vero
1113 4235 1205 4317 longe

51 4313 188 4392 superior
206 4333 240 4372 ac
260 4312 456 4405 praestantior
475 4314 531 4374 fuit
542 4312 643 4390 virtus,
660 4316 688 4375 D
729 4335 757 4372 m
777 4312 892 4392 precari
911 4325 945 4373 ut
964 4311 1096 4372 hostibus
1114 4313 1205 4394 igno-

50 4400 156 4450 sceret.
180 4387 214 4448 Si
231 4392 411 4480 concidetur
430 4393 488 4453 hoc
507 4410 569 4452 nou
589 4391 657 4454 satis
676 4390 820 4472 quadrare
840 4409 905 4451 eum
925 4389 986 4465 illa,
1005 4403 1091 4469 quam
1111 4409 1207 4470 nuper
