2764 4854
125 1965 127 1968 .
177 1913 288 1975 Christi
313 1911 511 1972 monitionem
535 1931 571 1970 au
593 1911 663 1972 isset
680 1909 778 1986 Iudas,

116 4340 120 4367 t

174 227 233 292 348
403 223 519 288 SECT.
538 224 618 286 XIX.
658 237 790 285 cnmsrr
810 236 926 286 nassro
947 237 989 284 er
1009 237 1108 284 nous.

177 399 253 470 quae
278 377 315 438 ad
339 378 556 458 poenitentiam
579 377 698 438 adducit
713 365 778 458 111.
800 376 872 438 Cor.
892 384 921 452 7,
941 379 1019 453 tal:
1044 398 1146 438 verum
1167 377 1191 437 si
1213 379 1285 456 quis
1311 381 1337 438 iu
1378 372 1379 394 ¹

179 479 189 515 ι
212 476 245 516 so
266 455 366 514 limine
386 455 546 536 impingat,
570 454 644 514 nihil
664 454 691 514 ei
712 453 846 546 proderit
871 455 1010 514 confusus
1031 466 1062 514 et
1080 453 1216 513 informis
1244 455 1339 516 dolor.

177 477 261 608 (lein
280 531 379 610 potius
399 531 452 592 bac
473 533 546 592 iusta
565 531 693 592 vindicta
711 529 819 610 impios
837 531 957 590 tandem
975 531 1160 610 persequitur
1171 531 1267 605 Deus,
1287 533 1338 610 qni

176 609 315 670 iudicium
335 608 397 668 eius
418 609 630 670 contumaciter
647 618 832 686 spreverunt,
851 607 933 685 quod
944 607 1071 666 Satanae
1090 607 1156 666 sine
1168 629 1222 687 spe
1238 606 1336 668 solatii

176 685 350 748 cruciandos
362 685 460 763 tradit
498 685 578 748 Vera
590 682 774 763 poenitentia
792 693 837 743 est
848 683 963 764 peccati
976 683 1174 762 displicentia,
1194 698 1342 764 concepta

177 783 212 824 ex
231 773 311 822 metu
331 773 363 822 et
381 761 545 823 reverentia
565 760 634 832 Dei,
654 779 729 840 quac
748 757 834 820 simul
853 780 984 824 amorem
1005 771 1036 819 et
1055 759 1236 820 desiderium
1258 761 1338 820 iusti-

176 839 260 899 titiae
280 860 314 898 ex
333 859 365 898 se
388 838 491 923 'ignit
530 836 578 897 hb
599 838 657 897 hoc
677 837 787 898 affectu
807 835 911 928 procul
938 835 1044 896 absunt
1071 836 1167 916 impii:
1195 849 1339 916 cuperent

176 915 256 976 eninr
277 913 357 975 nullu
408 915 550 995 peccandi
569 914 786 988 facere‘finem,
806 931 867 972 rmo
889 924 1029 1005 quantum
1050 913 1080 972 in
1101 935 1133 973 se
1153 925 1210 986 est,
1231 913 1340 973 sibiae

176 993 245 1053 Deo
266 991 388 1052 illudere
408 1002 567 1052 conantur:
586 991 639 1052 sed
658 990 765 1052 invitos
785 1001 816 1050 et
835 987 1018 1053 calcitrantes
1031 1011 1124 1050 coeco
1138 990 1269 1050 horrore
1281 1003 1339 1050 tor-

179 1081 251 1150 quet
271 1069 467 1140 conscientia,
491 1079 525 1127 ut
543 1079 696 1148 peccatum
722 1088 805 1126 suum
831 1066 962 1146 quamvis
988 1087 1049 1125 non
1076 1067 1217 1140 oderint,
1246 1078 1340 1126 murco

176 1168 242 1207 curn
263 1146 368 1206 dolore
389 1157 419 1205 et
438 1145 582 1205 anxietate
601 1143 658 1204 sibi
677 1163 767 1226 grave
788 1156 818 1203 et
837 1143 994 1203 molestum
1016 1163 1079 1202 esse
1091 1143 1234 1202 sentiant.
1261 1144 1338 1202 Hinc

177 1223 211 1284 fit
230 1234 263 1282 nt
282 1221 394 1284 inutilis
414 1221 452 1281 sit
472 1241 574 1281 eornm
594 1219 784 1310 dolorequia
805 1239 866 1280 nun
887 1217 1050 1279 liberaliter
1058 1239 1090 1279 se
1103 1220 1141 1278 ad
1153 1219 1255 1278 Deum
1268 1242 1338 1279 corr-

106 1339 108 1345 ι
177 1310 313 1372 uertunt,
333 1319 430 1378 neque
451 1299 538 1358 etiam
558 1297 687 1377 aspirant
706 1317 736 1354 rn
757 1295 877 1368 melius,
896 1297 947 1356 sed
967 1317 1075 1374 pravae
1094 1317 1167 1356 snae
1187 1297 1340 1376 cupiditati

154 1377 156 1384 ’
181 1377 259 1439 affixi
284 1375 314 1435 in
340 1387 508 1448 tormento,
540 1376 621 1454 quod
651 1371 712 1433 effu
736 1392 786 1432 ere
816 1393 879 1432 non
905 1383 1042 1452 possunt,
1069 1369 1242 1433 tab'escunt.
1282 1375 1343 1432 lloc

171 1449 297 1538 modo,
316 1464 348 1512 ut
367 1473 464 1532 nuper
483 1451 555 1524 dixi,
580 1469 683 1512 corum
707 1471 725 1510 o
749 1449 938 1512 stinatiouem
962 1448 1113 1509 ulciscitur
1136 1450 1233 1510 Dens.
1273 1451 1341 1510 ban

102 1547 105 1563 ·
183 1529 238 1592 etsi
259 1529 369 1590 electos
394 1549 461 1589 suos
488 1527 599 1588 duriter
623 1525 767 1610 castigans
784 1525 964 1586 reluctantes
982 1526 1019 1586 ad
1038 1546 1070 1586 se
1088 1527 1202 1597 trabit,
1226 1528 1342 1602 vulnera

178 1619 277 1670 tamen
299 1628 374 1686 quae
393 1605 500 1666 inflixit
519 1617 689 1684 opportune
707 1615 801 1678 sanat,
819 1614 854 1662 ut
870 1614 978 1682 sponte
997 1602 1034 1662 ad
1055 1623 1122 1664 eum
1134 1604 1274 1677 veniant,
1293 1627 1340 1663 cu-

173 1685 218 1746 ius
237 1705 269 1746 se
289 1691 376 1755 manu
397 1681 513 1761 percuti
531 1693 707 1773 agnoscunt,
727 1692 758 1741 et
776 1680 857 1740 cuius
873 1680 921 1760 ira
937 1689 1098 1740 terrentur.
1124 1679 1252 1740 Priores
1270 1701 1338 1760 ergo

174 1761 239 1822 sine
259 1759 373 1840 peccati
393 1759 463 1819 odio
484 1759 542 1819 Dei
562 1759 702 1818 iudicium
721 1778 784 1816 non
804 1757 900 1816 minus
920 1754 1059 1848 fugitant,
1079 1777 1173 1836 quam
1194 1769 1338 1818 metuont:

176 1849 264 1916 atque
285 1837 326 1895 ita
345 1834 500 1894 incurabili
521 1835 608 1973 plaqa
631 1832 777 1894 vulnerati
798 1844 931 1970 ¹pereunt
949 1845 1028 1892 mter
1046 1853 1116 1893 snos
1137 1833 1273 1906 dolores.
1309 1833 1337 1892 Si

811 1931 881 1970 ocus
906 1909 999 1970 adhuc
1028 1919 1093 1968 erat
1120 1911 1336 1990 poenitentiae:

174 1989 227 2050 sed
247 1988 386 2069 quoniam
407 1986 443 2048 ab
464 2008 501 2048 eo
522 2000 641 2049 contem
663 1984 693 2046 ta
712 1987 769 2046 fuit
788 1998 848 2048 tam
867 1986 996 2068 benigna
1010 1985 1187 2046 adsalutem
1199 1988 1337 2059 invitatio,

173 2066 206 2126 in
226 2065 352 2126 Satanae
372 2063 570 2146 magisterium
590 2007 731 2139 traditur,
751 2065 802 2156 qui
823 2085 889 2126 eum
909 2064 939 2122 in
960 2063 1205 2143 desperationem
1224 2063 1333 2154 praeci·
1378 2095 1379 2104 κ

173 2143 257 2224 pitct.
298 2143 455 2214 Caeterum
474 2142 598 2208 sirecte
619 2141 656 2201 de
683 2142 868 2221 poenitentia
893 2140 1035 2201 docerent
1059 2139 1204 2219 Papistae
1228 2163 1256 2198 nr
1276 2140 1333 2198 suis
1378 2137 1379 2160 ¹

172 2219 292 2293 scbolis,
311 2219 341 2278 in
361 2219 435 2280 luda
455 2218 529 2279 nibil
549 2218 708 2280 desiderari
726 2229 842 2300 posset,
861 2217 893 2277 i'n
912 2239 999 2296 quem
1018 2227 1084 2276 tota
1106 2238 1215 2278 eorum
1233 2217 1332 2276 defini-

174 2298 219 2357 tio
239 2297 390 2376 competit.
429 2295 487 2355 Hic
508 2297 587 2357 enim
607 2293 737 2358 cernitur
757 2295 905 2358 etrcordis
926 2293 1079 2367 contritio,
1101 2294 1133 2354 et
1145 2295 1207 2354 oris
1223 2293 1333 2355 confes·

172 2373 230 2449 sio,
250 2384 281 2434 et
300 2373 398 2464 operis
416 2371 594 2449 satisfactio,
612 2384 646 2432 ut
665 2370 837 2451 loquuntur.
875 2371 965 2432 Unde
984 2367 1159 2450 colligimus
1185 2371 1252 2434 illos
1274 2383 1332 2428 tan·

173 2463 236 2511 tum
256 2461 396 2511 corticem
417 2449 562 2529 arripere:
582 2450 650 2530 quia
671 2449 820 2524 omittunt,
840 2448 923 2528 quod
941 2447 1136 2528 praecipuum
1149 2461 1228 2523 erat,
1247 2449 1332 2508 bomi-
1378 2473 1379 2480 ¹

172 2527 218 2588 nis
238 2527 275 2586 ad
293 2525 390 2591 Deum
411 2527 650 2603 conversionem,
676 2525 744 2586 dnm
769 2527 884 2605 pudore
905 2537 935 2584 et
954 2531 1035 2584 metti
1059 2522 1176 2586 fractus
1202 2535 1334 2606 peccator

172 2603 229 2666 sibi
248 2603 409 2678 renuntiat,
428 2615 461 2663 ut
479 2624 511 2665 se
530 2603 645 2666 addicat
664 2604 696 2662 in
716 2601 891 2682 obsequium
910 2601 1045 2661 iustitiae.
1378 2609 1379 2658 t

248 2687 276 2746 4.
295 2709 300 2732 t
319 2677 400 2763 Quid
414 2678 458 2741 ad
473 2687 546 2740 nos?
585 2680 643 2740 Hic
664 2677 841 2740 describitur
859 2677 1169 2759 sacerdotumstupor
1187 2690 1219 2739 et
1238 2699 1334 2738 recor·
1378 2663 1379 2756 l

173 2757 231 2833 dia,
251 2758 320 2819 dum
339 2755 519 2820 formidabili
538 2756 629 2826 Iudae
649 2755 783 2837 exemplo
804 2755 956 2829 admoniti,
975 2774 1037 2814 non
1058 2765 1164 2815 tamen
1185 2757 1225 2815 ad
1245 2775 1276 2814 se
1294 2755 1333 2834 ip·
1378 2767 1379 2812 l

170 2855 219 2896 sos
239 2834 373 2894 redeunt.
411 2833 524 2894 Fateor
542 2833 677 2912 quidem,
701 2832 777 2894 sicut
801 2833 973 2914 hypocritae
998 2829 1055 2891 sibi
1076 2831 1213 2892 blandiri
1234 2833 1334 2902 solent,

172 2909 306 2972 colorent
325 2911 384 2972 illis
401 2909 489 2970 fnisse
510 2910 540 2969 in
566 2921 721 2990 promptu,
748 2930 808 2988 quo
828 2930 908 2984 suam
928 2929 1043 2968 cansam
1063 2918 1096 2966 et
1116 2907 1216 2969 Iudae
1238 2910 1333 2970 distin-

194 2999 310 3048 ucrent:
330 2988 399 3066 quia
417 2985 535 3046 sceleris
554 2987 651 3048 socios
670 3007 702 3048 se
721 3007 784 3046 non
797 2979 950 3066 putabant,
970 2983 1041 3044 licet
1050 2983 1137 3044 abusi
1156 2998 1261 3046 essent
1270 3008 1334 3065 pro-

171 3009 275 3124 ditonis
300 3063 433 3154 perfidia.
470 3062 563 3143 Atqui
596 3063 683 3124 Iudas
707 3083 770 3123 non
795 3061 885 3122 modo
910 3082 942 3122 se
961 3061 1071 3120 fatetur
1097 3081 1259 3140 peccasse,
1288 3063 1332 3122 sed

172 3137 285 3200 Christi
302 3140 502 3200 mnocentiam
544 3139 687 3200 medicat:
708 3140 786 3200 unde
805 3138 953 3218 sequitur,
974 3136 1087 3198 bomini
1114 3137 1198 3198 iusto
1218 3139 1334 3206 ,exitium
1378 3211 1379 3214 Ἴ

170 3214 306 3292 molitos,
332 3217 462 3297 ideoque
485 3161 616 3278 helariae
643 3213 739 3278 caedis
762 3236 830 3276 reos
851 3235 922 3276 esse.
960 3215 1025 3275 Nec
1043 3234 1118 3274 vero
1141 3213 1270 3276 dubium
1289 3227 1336 3286 est,
1378 3255 1379 3264 κ

171 3291 243 3372 quin
255 3293 337 3354 Deus
356 3293 488 3354 cauterio
507 3295 645 3354 mordere
664 3291 793 3354 voluerit
813 3293 943 3383 ipsorum
958 3291 1171 3365 conscientias,
1191 3293 1277 3372 quod
1289 3313 1335 3352 oc·
1378 3327 1379 3352 l

169 3367 278 3431 cultafn
296 3371 407 3431 saniem
427 3372 493 3431 dete
516 3381 588 3434 eret.
626 3371 689 3430 Nos
709 3391 782 3430 vero
804 3372 962 3441 discamus,
987 3367 1105 3446 quoties
1126 3370 1239 3428 terreri
1258 3369 1337 3429 side·
1378 3367 1379 3440 f

169 3469 233 3509 mus
251 3447 422 3522 sceleratos,
440 3390 612 3526 quibuscum
632 3446 743 3526 aliquid
763 3447 850 3507 nobis
869 3464 1026 3506 commune
1047 3456 1103 3518 est,
1122 3445 1255 3506 totidem
1275 3467 1338 3506 esse
1378 3469 1379 3516 j

169 3524 206 3584 ad
225 3523 440 3603 poenitentiam
462 3523 664 3596 incitamenta,
684 3545 812 3602 quorum
831 3520 1098 3606 neglectuculpam
1110 3521 1151 3581 du
1176 3522 1265 3582 licant
1280 3522 1335 3581 ob-

169 3600 279 3661 stinati.
318 3601 495 3662 Tenendum
516 3600 602 3660 etiam
623 3613 677 3673 est,
697 3599 782 3660 unius
802 3600 914 3662 scelere
933 3598 1053 3658 minime
1073 3545 1191 3659 absolvi
1203 3619 1254 3658 eos
1267 3619 1337 3658 onr-

63 3697 66 3708 ’
169 3697 233 3752 nes,
253 3677 353 3768 quise
374 3677 477 3758 quovis·
497 3676 824 3756 modo·implicuerint:
850 3675 944 3735 molto
971 3695 1043 3734 vcro
1068 3677 1169 3734 minus
1188 3673 1340 3754 proficere

169 3755 287 3816 sceleris
307 3767 452 3834 auctores,
472 3753 523 3836 qui
541 3775 573 3815 se
587 3774 603 3814 a
616 3753 755 3828 ministris¹
773 3754 831 3814 suis
851 3753 1031 3832 disiungunt,
1051 3772 1091 3812 ne
1105 3752 1232 3812 eandem
1248 3753 1340 3812 susti-

169 3843 260 3892 neant
279 3851 416 3913 poenam.
800 3863 803 3870 Δ
967 3879 969 3888 ⁴

244 3915 273 3974 5.
311 3907 432 3987 Laqueo
450 3931 481 3970 sa
498 3905 654 3984 suspendit.
695 3909 763 3968 Hoc
792 3907 889 3986 pretio
916 3903 1018 3966 vendit
1043 3903 1137 3965 Satan
1169 3905 1340 3972 illecebras,

168 3983 275 4064 quibos
295 3984 400 4065 impios
421 3988 457 4046 ad
477 3989 592 4066 tempus
612 3983 769 4058 demulcet,
789 3983 870 4064 quod
889 3981 955 4042 illos
975 3982 1006 4040 in
1025 3980 1160 4042 furorem
1181 3983 1287 4055 vertit,
1308 3995 1339 4040 ut

167 4061 223 4139 ipsi
242 4082 323 4140 spem
342 4061 441 4122 salutis
462 4062 539 4122 ultro
559 4060 615 4121 sibi
635 4061 841 4121 abscindentes
860 4076 923 4120 non
942 4057 1013 4119 alibi
1026 4079 1113 4137 quam
1125 4059 1156 4116 in
1172 4071 1274 4118 morte
1286 4080 1335 4118 so-

167 4134 268 4195 latium
287 4138 447 4198 inveniant.
486 4138 572 4198 Iudas
590 4137 713 4219 triginta
733 4149 901 4220 argenteos,
922 4135 1025 4226 quibus
1046 4156 1109 4194 non
1132 4137 1233 4196 minus
1252 4157 1335 4196 stram
1378 4203 1379 4208 ἵ

166 4207 288 4300 salutem
309 4235 395 4290 quam
421 4215 570 4278 Christum
583 4213 765 4294 prodiderat,
785 4211 987 4293 ipseproiscit,
1007 4233 1176 4290 quanquam
1193 4211 1335 4290 peralius

167 4283 225 4370 frus
244 4284 368 4348 lacebat:
393 4311 448 4351 nec
467 4293 558 4352 modo
579 4313 609 4351 se
630 4290 726 4370 privat
746 4313 849 4352 curum
870 4311 932 4364 usu,
950 4288 1001 4349 sed
1012 4310 1079 4347 cum
1090 4288 1237 4368 sacrilega
1248 4310 1331 4348 mor·
1378 4289 1379 4304 ³

167 4369 202 4417 trs
225 4358 334 4420 Clnisti
353 4367 490 4428 mercede
510 4368 599 4428 vitam
625 4388 743 4448 quoque
770 4389 850 4432 suam
871 4364 1001 4446 proiicit
1041 4364 1087 4425 lta
1114 4366 1248 4445 quamvis
1270 4385 1333 4426 ma·
