2756 4838
141 253 225 315 186*
270 222 273 228 ¹
421 247 537 346 SECT.
557 247 637 354 XVI,
677 263 756 312 aras
775 261 810 310 m
831 261 1031 310 mansurent.

142 401 246 484 vulgus
266 387 417 462 hominnm
437 401 594 477 abhorret,
623 414 710 481 atque
735 401 765 462 id
785 403 953 483 priusquam
972 421 1008 461 ro
1031 413 1106 462 etur.
1130 401 1207 464 =Sed
1230 404 1303 464 nihil

143 478 250 537 mirum
269 478 294 538 si
315 479 372 538 hoc
392 479 509 540 honore
520 480 669 571 dignetur,
689 498 775 558 quem
795 480 853 539 iam
873 478 992 566 occulto
1010 421 1142 558 {pintus
1161 491 1249 539 motu
1269 483 1303 542 ad

143 574 175 614 se
193 553 293 614 traxit:
314 554 381 634 quia
402 566 595 636 praestantius
608 555 664 615 fuit
675 557 796 630 donum,
816 555 847 614 in
866 552 929 615 eius
950 556 1040 615 corde
1061 553 1195 615 habitare
1218 577 1302 636 qnam

142 630 261 690 domum
281 630 309 689 in
349 632 405 692 edi.
447 633 510 692 Hac
532 643 628 692 autem
647 652 722 692 voce
742 643 862 692 testatus
881 643 941 706 est,
970 651 1001 692 se
1022 631 1130 691 frustra
1150 647 1214 691 nun
1239 655 1301 692 uam

144 707 245 786 quaeri
264 704 301 766 ab
343 703 504 784 ominibus,
533 709 583 787 qui
607 708 721 768 sincere
746 729 813 768 eum
837 705 1019 788 cognoscere
1047 708 1181 788 cupiunt.
1217 654 1300 768 ham

142 782 234 864 longe
254 783 318 862 plus
339 805 425 864 quam
445 796 613 866 speraverat
632 785 779 846 Zachaeus
799 785 921 866 adeptus
941 795 993 844 est
1015 783 1113 844 Porro
1148 785 1210 846 nod
1223 797 1299 844 tanta

141 859 375 940 promptitudine
386 861 558 950 ohquuitur
570 861 728 941 Zachaeus,
747 873 778 921 et
790 861 926 921 celeriter
946 881 978 920 ex
991 859 1100 921 arbore
1121 806 1301 920 descendens

142 957 207 996 cum
228 935 336 1017 gaudio
357 935 506 997 Christum
526 936 642 1018 excipit,
661 937 693 996 in
713 958 751 997 eo
772 936 875 998 clarius
896 937 990 996 adhuc
1032 936 1190 1017 erspicitur
1207 937 1300 1016 Spiri-

141 1022 188 1100 tus
207 1011 300 1072 sancti
318 1013 361 1072 vis
382 1025 413 1074 et
432 1013 566 1074 directio.
604 1014 679 1074 Nam
699 1014 755 1072 etsi
774 1013 924 1104 puralide
944 957 1076 1074 nondum
1088 1013 1217 1072 imbutus
1229 1025 1301 1088 erat,

141 1087 199 1146 furt
217 1099 316 1148 tamen
336 1090 409 1150 haec
429 1090 562 1150 docilitas
584 1101 614 1149 et
634 1089 805 1150 obedientia
826 1089 894 1149 fidei
934 1089 1101 1170 rincipium.

218 1171 245 1230 7.
287 1164 436 1301 punarque
453 1163 588 1226 uma.
626 1167 811 1226 lllurmurant
831 1111 934 1247 oppidi
949 1166 1077 1240 incolae,
1098 1178 1130 1224 et
1149 1165 1224 1224 forte
1243 1165 1298 1225 ali·

142 1239 192 1318 qui
212 1257 246 1300 ex
266 1239 291 1301 C
314 1243 376 1302 risti
396 1241 562 1318 comitibus,
582 1243 662 1322 quod
682 1245 718 1303 ad
738 1242 885 1302 hominem
907 1241 975 1302 mali
995 1253 1026 1302 et
1045 1239 1182 1322 probrosi
1197 1243 1292 1301 nomi-

141 1317 187 1376 nis
205 1317 340 1394 divertat,
360 1340 449 1410 quum
467 1329 567 1378 tamen
587 1333 676 1380 nemo
696 1319 790 1398 ipsum
803 1319 978 1380 invitarerit.
998 1319 1044 1378 lta
1055 1317 1191 1393 mundus,
1209 1340 1296 1397 quum

142 1393 305 1474 expositum
324 1394 380 1456 sihr
390 1395 450 1454 Dei
470 1395 593 1478 gratiam
613 1395 756 1488 negligat,
776 1415 839 1455 eam
860 1397 895 1456 ad
916 1395 990 1456 alios
1009 1394 1162 1454 transferri
1181 1415 1298 1454 morose

142 1469 296 1550 obstrepit.
332 1470 396 1532 Sed
414 1471 573 1546 videamus,
594 1493 680 1554 quam
699 1472 831 1551 iniquum
851 1472 941 1533 fuerit
960 1493 1098 1530 murmur.
1131 1470 1300 1530 Absurdum

142 1567 205 1607 esse
224 1557 339 1627 putant,
362 1549 442 1627 quod
463 1549 611 1609 hominem
631 1545 803 1610 sceleratuui
824 1548 963 1640 dignetur
983 1545 1118 1607 Christus
1137 1559 1225 1606 tanto
1245 1547 1299 1606 ho-

140 1643 225 1684 nore.
264 1624 409 1686 Peccator
429 1625 508 1685 enim
529 1625 588 1698 hic,
606 1637 640 1685 nt
658 1625 791 1705 pluribus
812 1623 875 1685 alirs
895 1625 977 1698 locis,
997 1643 1057 1683 non
1077 1623 1126 1682 vul
1152 1624 1196 1682 ari
1216 1625 1298 1682 sehsu

140 1699 264 1779 capitur,
283 1702 334 1760 sed
346 1700 494 1760 hominem
514 1700 607 1780 turpis
628 1721 661 1761 ac
680 1700 845 1782 flagitiosae
865 1701 942 1762 vitae
963 1700 1104 1781 designat
1157 1721 1240 1759 emus
1256 1711 1298 1757 ta-

140 1775 199 1834 lem
219 1776 306 1836 fuisse
319 1777 498 1836 zachaeum:
518 1777 597 1855 prius
616 1788 715 1837 tamen
737 1777 936 1856 quaerendum
956 1787 1028 1850 erat,
1048 1797 1108 1854 quo
1125 1776 1253 1839 consilio
1266 1775 1299 1832 il-

139 1851 199 1910 lum
218 1849 276 1910 sihi
296 1852 441 1931 hospitem
461 1851 587 1933 eligeret
597 1852 738 1914 Christus.
764 1853 840 1912 Nam
861 1855 929 1914 dum
948 1853 1022 1912 foris
1041 1863 1239 1924 murmurant,
1256 1851 1298 1910 in-

139 1938 187 1986 tus
205 1927 360 2018 magnifice
378 1928 458 1988 Deus
479 1928 608 1988 nominis
627 1930 671 1988 sui
712 1927 815 1988 loriam
834 1929 990 2003 illustrans,
1009 1927 1179 2009 improbam
1201 1949 1298 1988 eorum

140 1999 313 2064 calumniam
333 2003 450 2064 refutat.
489 2004 559 2063 Fuit
578 2005 656 2064 enim
677 1950 847 2066 admirabile
857 2006 917 2066 Dei
936 2027 1009 2086 opus
1026 2006 1154 2066 Zachaei
1175 2025 1296 2064 conser-

139 2079 200 2139 sio:
239 2101 295 2141 nec
314 2091 413 2140 tamen
433 2081 506 2140 iusta
526 2081 602 2162 ratio
624 2092 702 2155 erat,
734 2103 785 2141 cur
805 2082 970 2142 Zachaeum
989 2081 1127 2142 infamiae
1150 2091 1294 2141 notarent

140 2156 447 2238 Vectigaliumredem
470 2169 607 2216 roserat:
628 2169 658 2217 at
679 2158 709 2216 ui
722 2158 881 2240 uectigalia
902 2159 1042 2240 colligere
1061 2177 1116 2237 per
1135 2179 1168 2218 se
1190 2155 1296 2216 nohum

140 2243 184 2292 est
202 2231 308 2306 scelus,
322 2179 602 2324 sedapudludaeos
618 2179 693 2296 ordo
705 2234 755 2294 ille
776 2235 844 2296 ideo
864 2235 983 2294 infamia
1004 2245 1034 2294 et
1052 2234 1122 2294 odio
1144 2233 1296 2316 flagrabat,

139 2309 220 2389 quod
240 2309 315 2370 nihil
334 2331 426 2391 magis
446 2310 599 2392 indignum
619 2309 763 2391 putabant
782 2331 868 2446 guam
887 2332 918 2371 se
939 2331 1000 2371 esse
1020 2309 1203 2370 tributarios.
1238 2309 1295 2368 Sed

139 2387 349 2526 ppaliscunque
374 2398 451 2448 esset
474 2387 639 2463 Zachaeus,
670 2384 787 2448 laudahi
801 2387 824 2447 is
849 2399 964 2462 tamen,
990 2405 1052 2450 non
1077 2387 1225 2468 culpanda
1244 2386 1297 2444 fnit

168 2464 250 2524 hristi
271 2463 443 2540 humanitas,
483 2464 543 2524 uod
562 2463 670 2525 misero
690 2464 804 2522 homini
824 2483 913 2544 opem
932 2484 1013 2524 suam
1033 2484 1095 2523 non
1116 2463 1248 2548 negavit,
1266 2475 1296 2520 ut

138 2539 175 2601 ab
196 2539 284 2602 exitio
304 2560 370 2600 eum
390 2541 420 2600 in
441 2485 563 2600 salutem
584 2541 750 2601 adduceret.
774 2541 879 2620 Itaque
901 2561 1040 2600 eumnon
1054 2540 1201 2599 deterruit
1232 2559 1296 2598 rara

139 2617 285 2691 offensio,
319 2617 388 2696 quin
410 2618 447 2678 ad
467 2617 688 2696 obsequendum
708 2615 803 2677 Patris
822 2617 989 2676 mandatum
1009 2627 1160 2708 pergeret.
1229 2627 1296 2694 tque

137 2693 192 2755 hac
212 2695 301 2754 animi
320 2713 365 2752 ma
390 2695 522 2754 nitudine
541 2693 690 2773 praeditos
711 2713 773 2753 esse
793 2703 914 2774 oportet
933 2710 1035 2783 omnes
1055 2713 1118 2752 erus
1137 2692 1296 2760 ministros,

138 2781 171 2830 nt
191 2770 282 2851 pluris
307 2770 344 2830 sit
363 2715 420 2832 titis
436 2770 549 2829 animae
561 2769 646 2828 unius
659 2768 734 2828 salus
756 2789 841 2848 quam
862 2767 962 2829 obstre
986 2789 1027 2828 err
1049 2768 1183 2828 omnium
1204 2769 1295 2846 impe-

137 2847 261 2906 ritorum
281 2867 459 2920 sermones„
475 2867 511 2905 ac
529 2844 671 2923 proinde,
697 2843 769 2904 licet
792 2846 869 2906 facta
893 2867 944 2905 sua
964 2791 1099 2926 dictaque
1127 2845 1228 2904 omnia
1248 2865 1294 2904 ca-

138 2923 254 2984 lumniis
274 2943 337 2983 esse
357 2921 484 2982 obnoxia
503 2921 636 2994 videant,
656 2941 717 2979 non
738 2933 837 2982 tamen
857 2923 997 2982 desistant
1017 2921 1053 2980 ab
1075 2920 1188 2981 officio.

214 3005 242 3066 8.
280 2999 371 3059 Stans
388 3011 482 3058 autem
500 2993 664 3056 Zachaeus.
703 2994 751 3055 Ab
773 2997 830 3058 hoc
856 2998 933 3058 exitu
957 2997 1021 3057 heri
1042 2997 1181 3056 indicium
1202 2999 1291 3056 elece-

139 3077 192 3136 hat
210 3077 246 3138 de
258 3074 369 3136 Christi
388 3069 479 3148 facto,
498 3071 598 3132 sedita
610 3084 801 3206 praepostere
822 3074 962 3134 festinant
982 3073 1125 3145 homines,
1144 3083 1179 3131 ut
1199 3073 1292 3132 locum

137 3155 206 3214 Deo
226 3152 338 3212 nullum
357 3149 533 3240 relinquant
566 3148 661 3208 Porro
703 3149 804 3210 achaei
822 3151 975 3210 conversio
996 3171 1011 3209 a
1031 3150 1177 3209 fructibus
1198 3160 1229 3208 et
1248 3169 1291 3208 er-

137 3230 228 3290 ternis
248 3229 339 3312 signis
359 3226 547 3288 describitur:
568 3225 635 3303 quia
653 3224 810 3305 probabile
831 3239 904 3298 erat,
924 3247 990 3286 eum
1009 3247 1072 3286 suas
1094 3245 1166 3306 opes
1187 3225 1292 3285 multo-

136 3327 202 3368 rum
222 3308 328 3368 damno
349 3303 470 3376 auxisse,
489 3302 611 3380 siquem
625 3301 811 3377 fraudaverit,
832 3302 1026 3382 quadruplum
1039 3303 1165 3362 reddere
1176 3314 1290 3382 paratus

137 3395 195 3445 est:
214 3394 367 3464 praeterea
387 3379 535 3440 dimidiam
551 3378 699 3438 bonorum
718 3399 836 3443 suorum
856 3391 969 3458 partem
990 3377 1169 3460 pauperihus
1190 3397 1291 3438 conse-

137 3471 208 3524 crat.
230 3461 335 3520 Posset
355 3455 472 3550 quidem
492 3476 542 3515 sua
562 3454 660 3514 omnia
679 3455 709 3513 in
730 3475 873 3536 pauperes
916 3455 1036 3536 uispiam
1056 3475 1109 3514 ero
1134 3475 1194 3527 are,
1214 3454 1289 3514 cuius

136 3550 235 3599 tamen
255 3535 413 3598 liberalitas
432 3533 515 3592 nihili
536 3543 611 3592 esset
630 3551 729 3592 coram
749 3531 832 3591 Deo:
857 3477 913 3592 sed
930 3530 1059 3622 quamvis
1079 3474 1160 3590 milla
1181 3532 1227 3590 hic
1245 3529 1286 3587 in-

136 3613 253 3676 terioris
272 3608 474 3694 poenitentiae
494 3610 544 3668 liat
562 3607 685 3682 mentio,
703 3607 797 3668 Lucas
816 3619 913 3668 tamen
933 3607 1084 3689 intelligit,
1107 3627 1141 3666 er
1161 3607 1222 3668 visa
1240 3605 1284 3664 illa

135 3691 233 3752 radice
252 3689 397 3772 prodiisse
417 3687 498 3766 pium
515 3684 652 3755 studium,
672 3684 751 3772 quod
771 3683 802 3743 in
823 3684 957 3743 Zachaeo
977 3683 1174 3744 commendat.
1199 3679 1285 3742 Sicuti

135 3767 242 3828 Paulus
262 3766 386 3848 (Ephes.
405 3771 440 3838 d,
458 3761 521 3839 28)
546 3762 582 3821 de
603 3760 787 3838 poenitentia
807 3759 949 3820 disserens
970 3760 1007 3819 ad
1027 3759 1099 3819 haec
1119 3761 1217 3819 officia
1235 3777 1287 3816 nos

110 3885 117 3892 .
135 3845 280 3919 hortatur,
300 3863 333 3902 ex
354 3840 458 3921 quibus
478 3835 645 3916 intelligant
664 3836 806 3912 homines,
825 3855 880 3895 nos
900 3835 930 3893 in
949 3835 1052 3895 melius
1073 3855 1136 3896 esse
1156 3847 1289 3894 mutatos.

137 3921 199 3995 Qui
218 3920 379 3992 furabatur,
398 3916 456 3976 iam
475 3933 538 3973 non
559 3911 687 3971 furetur:
706 3933 752 3971 ma
776 3913 798 3971 is
818 3923 914 3972 numm
933 3910 1066 3971 manibus
1087 3912 1145 3970 suis
1166 3911 1290 3984 laboret,

135 4007 170 4054 ut
188 3996 342 4056 subveniat
360 3989 538 4073 pauperihus
558 3998 589 4048 et
607 3989 717 4070 egenis.
793 4009 848 4071 rgo
869 4009 886 4048 a
906 3989 995 4049 corde
1015 3987 1218 4122 incipiendum
1239 3978 1290 4059 est,

134 4070 186 4131 sed
206 4091 224 4130 o
248 4071 345 4131 eribus
355 4067 502 4134 stestanda
525 4063 610 4124 simul
635 4075 679 4124 est
702 4075 803 4127 nostra
826 4062 883 4124 resi
905 4063 1035 4124 iscentia.
1103 4075 1219 4123 oternus
1239 4083 1289 4121 au-

133 4157 209 4218 tem,
226 4093 391 4206 Zachaeum
411 4143 529 4204 minime
549 4161 584 4200 ex
602 4139 660 4200 suis
679 4161 711 4200 ra
734 4139 790 4201 inis
809 4085 947 4221 praedam
967 4140 1034 4200 Deo
1055 4139 1186 4214 offerre,
1206 4138 1288 4198 sicuti

134 4219 218 4278 multi
238 4220 340 4280 divites
361 4241 394 4280 ex
411 4220 469 4280 suis
489 4216 573 4278 furtis
591 4228 704 4297 partem
747 4238 783 4278 eo
804 4217 960 4300 assignant,
981 4237 1040 4296 quo
1061 4215 1176 4275 maiore
1196 4215 1288 4274 licen-

134 4295 174 4354 tia
193 4295 224 4352 in
244 4305 395 4384 posterum
415 4294 608 4376 praedentur,
628 4303 715 4371 atque
735 4305 769 4352 ut
786 4291 982 4373 impuneillis
1002 4293 1110 4352 cedant
1129 4289 1286 4371 superioris

134 4381 275 4449 tempores
294 4367 427 4432 iniuriae.
451 4370 544 4450 Atqui
555 4367 703 4432 Zachaeus
721 4369 762 4432 ita
770 4369 838 4431 Deo
858 4368 1001 4436 sacrificat
1020 4367 1169 4430 dimidiam
1190 4367 1285 4430 bono·
