2790 4838
291 264 356 342 (77.
381 259 488 324 Mulier
508 223 710 359 vmtinhr'rtapm
731 263 797 346 iesu
817 239 965 346 tangens.)
1138 273 1199 336 m

60 415 193 482 domm
223 439 323 482 suam.
366 409 439 483 '42
475 417 637 503 Quoniam
665 421 763 484 unica
787 417 857 486 titia
886 431 954 486 erat
982 424 1013 486 ei
1039 441 1196 495 annornm

58 517 246 595 duodecim,
269 528 302 584 ct
322 519 405 584 baec
424 518 630 610 moriebatur.
672 522 793 586 Verum
814 524 899 586 inter
920 521 1061 587 eundum
1082 520 1197 589 turbae

59 615 275 683 coarctabant
297 641 379 685 eum.
421 619 472 684 43.
498 619 541 684 Et
560 621 691 702 mulier,
717 643 801 707 quae
824 633 892 688 erat
915 621 1057 688 obnoxia
1075 621 1198 709 proflu-

57 723 112 782 rio
137 723 312 803 sanguinis.
329 717 371 784 ab
393 723 484 806 annis
506 721 687 800 duodecim,
708 743 790 808 qnae
811 725 845 789 in
867 724 1011 791 medicos
1031 721 1199 810 impende-

59 828 106 882 rat
129 837 263 884 omnem
285 819 501 912 substantiam,
522 843 585 888 uec
608 821 648 887 ab
670 822 739 888 ullo
761 835 908 910 potuerat
930 826 1042 902 curari,
1063 825 1114 890 44,
1136 827 1199 889 Ac-

59 921 159 984 cessit
184 931 293 998 retro,
313 933 348 988 et
368 925 469 1008 tetigit
489 920 648 1008 fimbriam
667 926 848 992 vestimenti
869 929 955 1004 eius,
977 935 1009 992 et
1029 925 1200 992 confestim

59 1025 149 1086 stetit
170 1021 277 1088 fluxus
298 1027 461 1108 sanguinis
484 1026 562 1090 eius.
602 1025 654 1092 45.
680 1025 722 1090 Et
742 1029 787 1092 ait
806 1030 909 1104 lesus,
943 1025 1028 1112 Quis
1048 1037 1112 1104 est,
1142 1029 1200 1112 qni

59 1143 111 1186 me
142 1125 268 1208 tetigit?
309 1122 516 1210 Negantibua
531 1136 635 1190 autem
658 1125 821 1210 omnibus,
855 1125 933 1193 dixit
952 1129 1067 1193 Petrus
1089 1137 1121 1192 et
1142 1127 1200 1212 qut

61 1247 135 1288 cnm
162 1221 223 1289 iiio
253 1235 362 1304 erant,
392 1227 604 1313 Praeceptor,
633 1226 747 1292 turbae
768 1221 801 1292 ie
823 1229 1044 1313 constringunt
1065 1238 1097 1293 et
1118 1224 1207 1294 attii-I

61 1335 165 1402 etant,
194 1337 227 1390 et
250 1325 349 1403 dicis,
376 1326 460 1412 Quis
481 1348 533 1393 me
551 1329 674 1412 tetigit?
716 1329 766 1392 46.
788 1327 830 1392 Et
853 1327 931 1392 dixit
948 1328 1051 1406 iesus,
1078 1327 1203 1410 Tetigit

62 1447 113 1490 me
137 1426 272 1513 aliquis:
297 1447 371 1492 nam
393 1447 455 1514 ego
475 1429 566 1505 nori,
591 1430 739 1492 virtutem
760 1449 779 1492 a
800 1449 851 1492 me
871 1447 1028 1492 manasse.
1068 1427 1121 1491 47.
1141 1427 1201 1490 Vi·

63 1525 145 1592 dens
177 1538 286 1594 autem
313 1527 443 1608 muiier,
481 1527 570 1616 quod
597 1548 665 1594 non
692 1525 851 1606 latuisset,
882 1537 1021 1592 tremens
1045 1531 1135 1594 venit
1161 1548 1200 1592 ac

61 1631 205 1714 procidit
227 1639 303 1696 ante
325 1627 427 1715 pedes
448 1631 534 1708 eius,
559 1637 592 1694 et
611 1626 656 1694 ob
678 1649 773 1716 quam
796 1647 922 1698 causam
941 1630 1097 1716 tetigisset
1118 1629 1201 1707 enm,

63 1731 222 1796 indicavit
244 1733 275 1796 ei
297 1721 496 1795 coram'toto
518 1727 656 1815 populo,
691 1740 723 1795 et
737 1728 1010 1816 ¹quemadmodum
1033 1731 1201 1798 confestim

64 1843 176 1897 sanata
198 1841 293 1896 esset
336 1833 387 1898 48.
411 1831 453 1894 At
473 1829 532 1894 itte
552 1829 630 1896 dixit
652 1831 697 1912 ei,
718 1829 863 1898 Confide
885 1828 967 1912 iiiia,
985 1829 1070 1898 fides
1089 1842 1147 1898 tua
1168 1841 1201 1898 te

65 1937 223 2023 servavit:
243 1930 331 1998 vade
353 1933 386 1996 in
406 1952 499 2018 pace.

142 2091 250 2152 uaria
275 2094 325 2154 as
362 2089 450 2150 naa
472 2111 560 2168 aaa
581 2087 642 2148 rus
665 2085 837 2168 tasum.
877 2089 939 2163 Qus
958 2088 1043 2151 attam
1061 2109 1078 2152 a
1098 2091 1201 2152 naras
1323 2067 1328 2080 '

67 2179 99 2229 et
120 2167 205 2230 Luca
225 2187 315 2248 quam
334 2185 350 2224 a
369 2166 520 2226 biattbaeo
541 2164 691 2226 historiam
710 2165 816 2229 reterri
836 2165 966 2246 fingunt,
994 2167 1099 2229 clarius
1118 2167 1201 2227 resu-

66 2257 169 2304 tantur
193 2245 230 2306 ab
255 2244 324 2324 ipso
349 2253 503 2318 contextu,
533 2263 619 2332 quarn
644 2252 677 2299 nt
699 2263 746 2302 res
770 2241 861 2324 ionga
887 2241 1085 2321 disputatione
1105 2253 1200 2326 egeat.
1257 2283 1259 2290 ,

66 2323 143 2388 Tres
162 2342 227 2382 nno
246 2339 302 2381 ore
321 2331 457 2402 rogatum
475 2342 491 2380 a
511 2318 647 2400 principe
665 2337 778 2400 synago
800 2338 834 2380 ac
855 2317 1004 2380 Christum
1023 2321 1140 2395 dieunt,
1167 2331 1203 2380 ut

68 2399 189 2458 domurn
214 2398 332 2460 reniret
354 2397 499 2456 sanandae
524 2394 603 2454 filiae
628 2413 722 2454 causa.
800 2415 837 2456 oc
861 2395 952 2454 modo
978 2408 1021 2456 est
1045 2398 1202 2472 diversum,

69 2477 148 2554 quod
169 2495 281 2536 nomen
302 2474 372 2534 lairi
391 2495 408 2534 a
427 2473 577 2532 Matthaec
597 2490 784 2549 suppressum
803 2472 881 2562 apud
900 2472 1031 2531 Marcum
1051 2473 1202 2532 etbucarn
1291 2481 1300 2504 ⁸
1329 2515 1330 2520 η

68 2553 258 2704 hibbithnihsutl,²
265 2549 542 2708 rgaliiqffledpgipgtpc
554 2545 1203 2696 ssithishgqfflbbhbhmisddlihih'nbpiiibrffiavssb

69 2705 229 2766 initinere
251 2703 539 2776 interamnanam,
569 2701 638 2760 duna
659 2699 809 2761 Christum
828 2701 995 2764 adduceret.
1033 2703 1094 2768 Sed
1112 2705 1144 2764 in
1164 2725 1202 2766 eo

71 2781 144 2842 nihil
163 2782 299 2858 absurdi,
333 2783 415 2862 quod
432 2780 598 2838 Matthaeus
617 2775 794 2857 compendio
811 2778 931 2840 studens
949 2779 1040 2841 semel
1060 2781 1205 2862 perstrin-

71 2859 125 2940 git,
144 2879 221 2939 quae
238 2859 289 2918 alii
308 2858 444 2920 distincte
463 2855 521 2918 suis
540 2853 614 2916 iocis
632 2853 780 2937 digerunt.
812 2855 970 2917 Caeterum
989 2878 1078 2937 quum
1089 2858 1205 2938 reiiqua

71 2937 168 2996 omnia
187 2948 248 2996 tarn
269 2948 337 3016 apte
356 2935 546 3007 cohaereant,
565 2952 653 3012 quum
671 2943 720 2992 tot
736 2930 769 2990 in
787 2953 878 2992 unum
897 2945 1065 3016 congmant
1079 2935 1206 2997 circurn-

70 3009 211 3086 stantiae,
243 3024 277 3072 nt
299 3024 359 3074 tres
383 3010 469 3094 digiti
491 3009 646 3072 videantur
668 3007 754 3068 simui
774 3008 878 3070 directi
897 3029 959 3071 esse
978 3012 1016 3072 ad
1035 3033 1097 3072 rern
1116 3033 1205 3074 unarn

72 3090 302 3164 monstrandam,
321 3089 402 3150 nulla
421 3087 496 3148 ratio
517 3086 628 3167 patitur
646 3087 844 3146 narrationem
863 3088 939 3147 hane
956 3088 992 3147 ad
1005 3089 1204 3151 diversatem-

74 3187 144 3246 pora
169 3163 297 3228 traberei
344 3167 474 3228 Narrant
498 3183 559 3224 uno
585 3181 638 3221 ore
662 3161 882 3245 Evangeiistae,
911 3183 1000 3242 quum
1026 3166 1162 3227 Christus
1185 3189 1204 3234 a

94 3243 208 3324 rincipe
227 3261 399 3325 synagogae
419 3261 454 3301 ro
477 3252 539 3300 atus
557 3240 589 3298 in
609 3238 727 3298 domum
747 3239 809 3299 eius
829 3239 954 3315 veniret,
973 3241 1004 3302 in
1020 3243 1126 3304 itinere
1138 3265 1203 3304 mu-

74 3264 176 3380 berem
202 3319 323 3380 occuito
346 3318 435 3380 vestis
456 3261 536 3378 brius
559 3325 640 3376 tactu
658 3327 788 3376 sanatam
807 3314 895 3377 irrisae
914 3337 931 3376 a
949 3317 1028 3380 iluru
1044 3321 1207 3402 sanguinis,

43 3413 48 3424 ·
75 3409 175 3475 postea
188 3395 351 3472 Christum,
369 3415 459 3476 quum
478 3393 509 3454 in
528 3393 647 3453 domum
687 3391 806 3472 rincipis
825 3393 961 3470 venisset,
980 3395 1107 3474 pueliam
1122 3418 1204 3457 mor.

75 3484 151 3534 tuam
175 3473 339 3535 suscitasse.
388 3471 480 3533 Certe
505 3470 599 3560 longo
623 3413 783 3560 verborum
807 3469 931 3560 circuitu
954 3491 1029 3552 opus
1053 3493 1205 3535 essenon

76 3563 164 3628 puto,
183 3563 217 3610 nt
236 3548 397 3631 probemus
415 3548 493 3611 idern
513 3569 529 3608 a
548 3545 641 3606 tnbus
659 3545 774 3606 rescrrr.
812 3547 971 3610 Veniamus
989 3569 1069 3614 nunc
1088 3551 1126 3610 ad
1143 3552 1205 3610 sin..

77 3627 152 3706 guia.
199 3627 280 3688 Ecce
298 3629 414 3702 primas
433 3625 564 3708 prddmr.
615 3621 793 3704 Quanquam
818 3643 853 3682 ex
875 3623 939 3684 aliis
962 3625 1078 3686 duobus
1101 3625 1209 3706 liquet,

76 3723 135 3762 non
161 3724 295 3784 eousque
314 3722 500 3784 progressam
520 3703 608 3763 inisse
626 3699 703 3761 iilius
722 3698 873 3776 fiduciam,
901 3712 935 3762 ut
950 3702 1041 3762 ritam
1061 3701 1137 3761 iiiiae
1156 3723 1205 3762 re„

77 3781 153 3868 stimi
172 3801 262 3862 posse
282 3790 431 3871 speraret,
444 3801 517 3842 mon
537 3778 658 3839 dubium
676 3789 775 3838 nmen
796 3787 855 3852 est,
880 3777 987 3857 quina
1008 3776 1128 3867 Christo
1148 3778 1205 3840 ob-

78 3854 721 4011 tttffat'tt‘t'a't‘t,titt'ttt
737 3851 1207 4012 thititttttt‘thrit

79 4012 129 4086 nit,
149 4013 231 4092 quod
250 4011 394 4091 temporis
411 4009 672 4072 successu‘iacturn
691 4021 745 4072 est.
773 4006 824 4066 Sic
842 4018 941 4068 tamen
951 4005 1071 4068 historia
1084 4012 1208 4076 terenda

79 4101 129 4162 est,
148 4089 231 4168 qnod
252 4088 348 4168 primo
359 4088 451 4149 lairus
470 4088 590 4170 petierit
608 4089 702 4148 sanari
721 4085 811 4146 filiam
830 4105 910 4144 suam
931 4083 1077 4147 amorbo:
1098 4089 1207 4151 deinde

80 4185 95 4224 a
116 4178 213 4226 morte
240 4165 271 4224 in
290 4163 378 4224 vitam
397 4165 528 4240 restitui,
559 4175 714 4256 postquam
733 4161 845 4231 scilicet
863 4161 905 4220 itti
925 4160 1051 4220 animum
1072 4165 1208 4228 Christus

80 4243 197 4302 addidit.
245 4241 394 4302 Adorntio
419 4263 475 4333 pro
500 4242 707 4324 genuflexione
732 4262 764 4301 ca
788 4241 860 4311 itur,
890 4237 975 4298 sicuti
1000 4259 1033 4298 ex
1058 4245 1150 4304 Marci
1177 4255 1207 4303 et

82 4315 175 4380 Lucae
201 4317 301 4379 verbis
326 4315 504 4402 colligimus:
536 4340 634 4397 neque
657 4319 735 4378 enirn
761 4263 891 4376 ‹hvinum
915 4313 1034 4376 Christo
1061 4319 1206 4382 honorem

83 4387 339 4468 uhibuit'lairtu‚
369 4399 420 4460 sed
440 4395 533 4460 coluit
550 4408 583 4460 ut
601 4397 661 4457 Dei
680 4394 863 4478 prophetam.
903 4394 1079 4459 Genuilexio
1100 4409 1206 4470 auten,
1293 4485 1297 4490 .
1357 4399 1373 4420 '⁵
