2764 4854
177 195 236 260 368
406 191 523 266 sect,
543 193 624 254 xtx.
664 206 798 256 cnntsrr
817 205 936 256 rassto
957 208 1000 256 ετ
1019 207 1122 257 noas.

179 371 265 427 sum,
292 349 451 430 Domino,
477 361 639 417 memento
660 353 738 440 mei,
766 373 864 440 quum
886 353 1015 418 veneris
1035 351 1071 419 ln
1092 371 1230 436 regnum
1252 361 1344 420 tunm

179 452 231 518 43.
257 452 346 622 {ixit
373 447 422 518 illi
443 453 548 529 lesus,
589 452 694 522 Arnen
721 449 797 522 dic'o
828 451 903 534 tibi,
942 453 1043 521 hodic
1066 473 1196 522 mecum
1223 458 1290 522 eris
1316 459 1347 523 in

177 579 254 644 para
280 577 339 624 rso.

256 749 360 810 Matth.
384 754 432 815 39.
476 749 693 811 Praetercursis
720 765 825 812 mecm.
875 751 929 813 llis
954 750 1183 812 circumstantiis
1209 769 1345 832 magnum

181 827 407 906 inesopondus:
427 847 495 887 nam
515 841 583 888 ante
605 827 709 889 oculos
728 823 815 890 nobis
835 829 958 918 ponitur
976 841 1105 888 extrema
1115 825 1187 886 Filii
1198 825 1262 886 Dei
1272 827 1347 886 exin·

181 903 284 978 anitio,
305 921 365 982 quo
384 904 486 964 melius
507 917 662 985 appareat,
687 904 789 984 quanti
808 904 851 964 illr
871 905 1039 966 constiterit
1056 903 1136 964 salus
1161 914 1285 962 nostra:
1312 903 1346 962 si-

114 1019 118 1028 ·
179 977 299 1058 mulque
319 991 489 1058 reputantes
509 1001 564 1042 nos
585 981 731 1055 omnibus,
753 1001 823 1060 quas
835 981 983 1055 sustinuit,
1002 979 1187 1061 poenisinre
1210 999 1278 1039 esse
1297 979 1348 1038 ob-

160 1055 300 1130 inoxios,
330 1057 421 1137 magis
447 1077 481 1116 ac
506 1059 598 1138 magis
624 1057 780 1118 incitemur
803 1059 840 1118 ad
865 1058 1088 1137 poenitentiam.
1133 1057 1215 1116 Nam
1243 1057 1276 1116 in
1296 1056 1349 1116 laoe

179 1131 673 1271 ll⁶lllll¹⁰nl³iil⁰dilii¹i⁰¹¹⁸
692 1134 880 1270 “cilicini
899 1131 1349 1271 mmmmm

182 1284 332 1360 (iliricum,
366 1286 404 1345 ad
423 1231 606 1348 levationeni
622 1232 753 1348 illistram
772 1233 880 1348 relicti
894 1233 1019 1348 delirent.
1030 1231 1128 1346 qulloc
1149 1229 1348 1346 ccateponni-

182 1361 236 1422 bus
256 1361 411 1423 tormentis
432 1375 579 1450 certamen
599 1363 657 1426 snit
675 1363 790 1439 durius,
814 1363 895 1444 qnod
921 1383 1025 1425 omnes
1045 1361 1128 1448 qnasi
1150 1381 1167 1422 a
1186 1361 1262 1422 Deo

180 1439 289 1498 lectum
310 1459 343 1498 ac
364 1439 509 1500 desertum
531 1438 649 1521 probris
675 1451 706 1500 et
735 1439 921 1502 contumeliis
939 1451 1090 1500 vexarunt.
1130 1382 1347 1530 Ideoqueili-

180 1515 230 1574 vid
248 1514 367 1576 Psalmo
393 1517 466 1594 (⁶22,
485 1517 546 1594 7.),
579 1515 688 1576 Christi
711 1535 869 1597 personam
894 1536 1017 1600 gerens,
1049 1516 1107 1576 lroc
1133 1537 1300 1595 praecipue
1320 1515 1348 1573 in

169 1591 239 1668 xsuis
250 1591 341 1652 malis
362 1592 506 1672 deplorat.
545 1595 585 1652 Et
610 1605 691 1654 certe
717 1591 791 1652 nihil
810 1605 855 1654 cst
895 1593 955 1653 uod
974 1593 1102 1654 atrocius
1126 1592 1273 1652 vulneret
1291 1593 1346 1671 piat

112 1759 118 1772 -
173 1667 635 1808 ‘sarracenerum
648 1615 1345 1816 ttltrtclzctlclrntc

182 1841 239 1902 qna
259 1819 366 1879 Paulus
385 1821 470 1899 (Gal.
482 1830 511 1897 t,
530 1767 593 1901 25)
614 1822 700 1898 dicit,
719 1791 853 1882 veritum
873 1823 960 1884 luisse
980 1821 1062 1882 Isaac
1082 1821 1120 1881 ab
1207 1843 1224 1881 a
1260 1844 1268 1880 ε
1288 1841 1344 1880 non

182 1897 264 1976 quod
284 1895 384 1978 gladio
405 1907 435 1956 et
454 1899 483 1956 vi
503 1911 612 1958 armata
633 1899 664 1958 in
685 1919 752 1960 eom
771 1900 908 1970 saeviret,
926 1899 977 1959 sed
990 1899 1058 1978 quia
1070 1897 1133 1958 Dei
1142 1899 1268 1980 gratiam
1278 1897 1341 1958 sub-

179 1989 317 2047 sannam,
335 1983 465 2033 tentaret
484 1974 544 2035 eins
565 1975 650 2035 fidem
670 1975 853 2036 subvertere.
890 1975 988 2036 Porro
1007 1975 1058 2036 has
1073 1975 1260 2036 tentationes
1279 1993 1342 2052 per-

203 2068 281 2110 essus
302 2059 346 2108 est
363 2047 460 2109 David
477 2049 616 2132 primum,
637 2052 744 2113 deinde
759 2050 893 2114 Christus
911 2052 986 2132 ipse,
1005 2071 1044 2112 ne
1063 2071 1118 2112 sua
1139 2051 1270 2112 nositate
1288 2069 1342 2108 nos

180 2071 271 2186 indie
290 2124 412 2186 nimium
432 2136 571 2188 terreant.
623 2129 728 2207 Neque
755 2129 833 2188 enim
860 2150 899 2188 un
922 2148 987 2188 nam
1012 2127 1144 2188 deerunt
1166 2127 1261 2208 impii,
1291 2125 1341 2204 qni

181 2202 290 2264 nostris
309 2202 432 2262 miseriis
459 2203 610 2264 insultent.
648 2206 689 2264 Et
714 2205 771 2266 hoc
797 2215 842 2266 est
864 2150 999 2266 sollenne
1026 2203 1158 2265 Satanae
1182 2203 1342 2276 artificium,

183 2280 298 2360 quoties
318 2299 379 2339 noo
397 2279 478 2340 adest
498 2279 585 2341 nobis
599 2281 681 2342 Deus
696 2301 753 2362 pro
763 2293 848 2357 roto,
866 2283 917 2343 sed
937 2280 1073 2341 auxilium
1093 2301 1180 2341 sunm
1199 2279 1342 2360 paulisper

181 2356 321 2430 occultat,
340 2355 482 2432 obiicere,
501 2378 557 2418 nos
568 2357 674 2418 frustra
686 2377 829 2439 sperasse,
868 2357 930 2418 nasi
941 2356 1024 2418 irrita
1036 2357 1075 2417 sit
1094 2357 1159 2418 eius
1202 2355 1340 2416 comissis.

257 2437 304 2498 te
345 2431 397 2492 Tu
414 2437 465 2524 poi
482 2428 644 2496 &ruebas
662 2433 806 2510 ternplum.
874 2434 991 2495 unitatis
1010 2445 1142 2516 arguunt
1187 2433 1271 2493 bristi
1289 2432 1339 2491 do-

90 2563 92 2570 .
181 2508 298 2584 trinam,
318 2510 384 2588 quia
405 2521 552 2584 virtutem,
572 2531 657 2591 quam
678 2509 735 2571 sibi
755 2511 886 2586 assernit,
906 2533 985 2572 nunc
1004 2512 1074 2573 dum
1094 2531 1220 2571 necesse
1240 2521 1295 2582 nst,
1311 2527 1340 2566 re

181 2585 191 2644 i
213 2607 244 2645 sa
263 2605 324 2644 non
346 2585 490 2646 ostendat
527 2587 619 2667 Atqui
639 2587 695 2646 nisi
713 2597 814 2648 mente
841 2600 871 2648 et
890 2587 999 2648 iudicio
1020 2607 1073 2647 eos
1091 2589 1240 2667 privasset
1256 2583 1341 2646 nale-

203 2661 300 2722 icendi
321 2659 432 2736 libido,
479 2663 546 2724 aulo
565 2675 635 2744 post
654 2663 711 2723 illis
729 2663 888 2744 conspicua
908 2664 1009 2724 inisset
1027 2663 1090 2724 eins
1109 2661 1280 2724 sententiae
1297 2681 1341 2722 re·

182 2739 260 2812 ritas
297 2736 422 2798 Dixerat
447 2683 596 2816 doristus,
625 2739 777 2800 Destruite
801 2740 943 2821 templum
972 2739 1045 2815 hoc,
1076 2751 1107 2799 et
1130 2739 1236 2801 triduo
1261 2737 1341 2798 snsci·
1371 2793 1372 2798 ,

182 2813 255 2875 taho
284 2815 390 2908 ipsum:
433 2815 533 2907 ‘Nunc
562 2817 640 2876 inter
664 2815 768 2876 ruinae
791 2816 938 2954 principia
952 2835 1142 2908 ‘praecocem
1167 2815 1341 2897 uirnnplrun

183 2893 895 3058 scissentscaturrirent„
915 2893 1340 3062 reiterasset

183 3043 240 3103 rllrs
260 3044 431 3124 praecidere
452 3056 606 3106 conantur.
645 3043 707 3104 Ubi
727 3045 896 3126 (inquiunt)
915 3045 965 3106 illa
985 3057 1030 3106 est
1047 3045 1226 3128 immortalis
1242 3047 1341 3128 gloria,

66 3180 70 3192 Χ
169 3121 269 3256 'am
291 3119 423 3186 homines
449 3120 537 3181 stulte
562 3121 673 3182 creduli
698 3121 828 3182 iactant?
881 3144 949 3182 uum
974 3122 1088 3182 iaceant
1113 3121 1210 3182 sere'
1256 3120 1340 3182 obilcs

236 3197 378 3286 despecti,
396 3196 445 3256 alii
465 3198 597 3258 tenuitur
608 3197 753 3273 victitent,
771 3198 821 3258 alii
840 3220 873 3258 su
916 3198 1062 3260 continuis
1080 3197 1223 3281 languora
1247 3221 1281 3259 ns
1298 3217 1341 3256 ae-

183 3274 552 3424 iiriilitiimtilllestcliritinilii
562 3274 1136 3444 acllimpbetistinitilcinleiisnlllidigiirltiir'
1151 3274 1213 3412 Saitli
1225 3276 1342 3412 cigreti:

77 3471 85 3478 .
183 3435 287 3486 coecat
305 3446 443 3508 praesens
469 3428 582 3506 erterni
607 3425 733 3488 hominis
756 3427 851 3488 nostri
870 3439 1040 3565 corruptio,
1067 3437 1101 3487 ut
1124 3449 1139 3488 s
1161 3447 1211 3488 em
1229 3427 1342 3488 tumne

181 3503 259 3564 vitae
283 3503 484 3565 renovationis
507 3515 669 3596 vanamet
691 3489 842 3595 ridiculam
868 3523 931 3564 esse
977 3515 1077 3585 ngant.
1157 3503 1233 3594 obis·
1249 3515 1342 3594 auten

182 3580 406 3732 ttttttlfft'
415 3591 644 3720 „tlt‘lttt
658 3580 954 3733 ‘ilill‘i'lli‘d
974 3581 1345 3747 ‘detegentes

182 3745 287 3814 postea
306 3733 393 3794 simus
413 3745 575 3794 consortes.
639 3735 651 3792 i
674 3732 774 3793 mtto
797 3733 859 3794 Dei
882 3755 920 3794 cs.
958 3732 1034 3794 Tale
1054 3753 1070 3792 a
1092 3731 1214 3793 Christo
1234 3744 1344 3814 poten·
1369 3769 1370 3784 κ

181 3812 241 3871 tiae
261 3829 329 3870 suae
349 3811 557 3870 documentum
578 3809 698 3892 exigunt
716 3809 810 3901 impii,
829 3821 862 3870 ut
878 3831 910 3871 ae
923 3808 1031 3870 Filium
1042 3807 1102 3870 Dei
1118 3808 1286 3889 ‚probando
1299 3807 1343 3898 l'j-
1369 3787 1370 3851 l

181 3886 238 3947 lius
257 3885 315 3946 Dei
336 3904 399 3948 esse
419 3885 541 3946 desinat.
579 3885 644 3946 llac
664 3885 733 3967 lege
759 3887 898 3948 induerat
912 3906 1031 3948 carnem
1053 3885 1228 3961 humanam,
1260 3897 1293 3946 et
1316 3905 1341 3942 sn

181 3963 323 4022 mundum
334 3962 535 4037 descenderat,
555 3972 588 4022 ut
603 3961 747 4022 sacrificio
767 3961 870 4024 mortis
889 3982 959 4024 suae
978 3960 1191 4023 reconciliaret
1210 3963 1342 4022 homines

180 4039 249 4098 Deo
270 4037 360 4100 Patri.
398 4040 481 4121 Ergo
501 4049 535 4098 ut
553 4036 660 4098 Filium
672 4037 731 4098 Dei
772 4049 923 4115 raestaret,
942 4057 1062 4100 necesse
1084 4038 1190 4098 habuit
1206 4040 1238 4098 in
1261 4057 1341 4098 cruce

180 4113 320 4192 pendere.
358 4115 446 4176 Nunc
464 4113 588 4195 reprobi
605 4114 655 4175 isti
672 4113 730 4176 sibi
748 4060 817 4176 ioco
835 4114 906 4174 'Filii
923 4114 983 4176 Dei
1002 4113 1069 4176 lore
1088 4127 1204 4207 negant
1215 4115 1340 4176 Redem-

181 4198 307 4266 ptorem,
321 4191 384 4282 ‘nisi
402 4213 419 4251 a
439 4211 526 4251 cruce
546 4191 728 4282 descendens
747 4191 885 4282 mandato
896 4190 1005 4282 Ῥςῑςίξ
1019 4203 1185 4282 mnnntret,
1204 4189 1340 4252 acsccle·

178 4283 244 4396 lull
260 4266 1339 4426 ttttltt‘lilitljtts,tttttlltll'ttt“steterit
1368 4273 1369 4339 l
