2766 4834
415 280 481 358 (as.
519 273 673 341 somr-
691 279 839 362 uuepts)
909 246 914 256 ’
1146 297 1196 360 vao

46 439 165 504 uuuet,
192 429 274 521 quia·
289 429 407 491 toacim
433 417 519 568 pater
541 431 621 568 relg'o
639 391 940 502 loaehiu*eommnne
958 431 1117 504 Iech'oniae
1134 459 1193 506 uo-

46 528 110 596 neu
131 527 205 566 cum
229 505 298 572 filio
318 527 374 566 suo
394 507 432 567 ha
455 511 760 586 uerit(er.27,26.
781 513 1123 607 11.·1t·eg.as,‚c.1s):
1152 524 1193 584 Et

46 595 187 720 ἓξὲξ
200 582 349 644 Roherto
361 583 516 664 Stephano
527 605 649 666 graecus
669 587 772 666 codex,
791 587 843 648 uhr
862 596 1064 684 mterponrtur
1082 615 1192 660 nomen
1233 650 1235 660 ,

121 743 174 801 12.
217 734 298 796 Post
315 735 454 796 exsilium
463 731 683 815 Babylonicum.
722 739 790 802 Hoc
802 753 855 816 est,
874 754 1030 878 postquam
1039 744 1144 810 Iudaei
1162 750 1194 812 iu

48 813 258 892 captivitatem
285 811 406 872 abducti
431 823 508 872 sunt.
556 814 714 896 Significat
736 819 815 888 enim
838 821 959 904 Evange
972 821 1040 899 ista,
1071 825 1195 890 navidis
1323 823 1327 833 ⁴

51 903 189 968 posteros
219 900 295 948 tune
330 909 365 948 ex
392 886 513 972 regibus
537 899 639 950 servos
663 891 755 954 iactos
787 915 849 956 esse
875 907 906 956 et
931 899 1050 960 exsules.
1095 902 1194 964 Porro

53 987 137 1057 quum
160 963 394 1100 illancaptivitas
415 965 556 1045 quaedam
576 977 652 1026 esset
670 968 805 1030 interitus
828 971 957 1106 species,
986 976 1114 1038 mirabili
1132 979 1195 1041 Dei

53 1043 247 1120 prandeum
283 1052 381 1100 actum
402 1053 456 1116 est,
476 1061 538 1101 non
557 1044 647 1103 modo
667 1056 701 1105 ut
719 1067 831 1108 rursum
860 1050 945 1110 udaei
964 1051 995 1110 in
1014 1075 1104 1114 unum
1125 1077 1194 1116 cor-

53 1139 102 1198 pus
121 1119 349 1190 coalescerent,
368 1118 420 1177 sed
441 1117 531 1180 etiam
548 1131 581 1179 ut
599 1119 715 1198 aliquae
736 1124 915 1204 principatus
935 1126 989 1188 reli
1011 1130 1076 1192 uiae
1089 1153 1193 1194 mane-

54 1207 117 1254 rent
137 1197 169 1254 in
191 1192 310 1256 familia
321 1193 456 1254 Davidis.
479 1194 554 1254 Nam
567 1197 618 1275 qui
629 1197 748 1256 domum
763 1202 872 1260 reversi
891 1215 968 1279 sunt,
1020 1217 1066 1266 tro
1086 1230 1195 1289 parue,

54 1283 118 1330 runt
142 1272 184 1330 im
211 1271 281 1330 erio
306 1268 484 1331 Sernhabei.
532 1270 686 1332 Duras-unt
711 1295 744 1334 er
766 1293 785 1334 ο
809 1272 887 1337 hunc
916 1279 947 1338 in
972 1283 1091 1344 modum
1117 1285 1196 1368 regii

54 1350 162 1438 sceptri
183 1293 370 1430 i'ragmenta,
389 1367 483 1427 usque
502 1347 570 1408 dum
592 1347 704 1409 Christi
724 1293 864 1412 niverno
884 1353 1015 1430 instaret,
1034 1362 1195 1422 seeundum

55 1426 227 1486 nucinium
248 1423 362 1498 Iacob,
380 1423 450 1482 Nou
471 1423 562 1484 exibit
579 1435 727 1504 sceptrum
748 1447 763 1486 e
783 1428 871 1504 Iuda,
890 1449 946 1490 nec
967 1431 1023 1490 dux
1043 1453 1059 1493 e
1080 1435 1196 1498 femore

57 1501 123 1574 cius,
142 1503 249 1560 donee
269 1499 373 1560 veniat
393 1499 495 1559 Schilo
514 1501 754 1582 (Gen.49,16.).
779 1505 878 1584 Atque
889 1505 920 1566 in
939 1505 992 1568 illa
1011 1514 1195 1588 quantumvis

57 1579 155 1638 uisera
177 1577 262 1638 tristi
283 1596 322 1636 ue
343 1574 449 1656 populi
470 1576 659 1658 dissipatione
679 1599 739 1638 nun
762 1601 827 1642 uam
847 1593 945 1642 tamen
966 1583 1082 1666 fulgere
1103 1587 1194 1649 desti-

57 1667 151 1714 terunt
168 1597 325 1714 scintihae
345 1652 490 1732 quaedam
509 1654 622 1736 gratiae
640 1655 710 1714 Dei.
742 1601 899 1719 ‹hiraecum
918 1679 1029 1721 nomeu
1056 1666 1197 1741 (μηοιχε.

59 1733 137 1804 σίας),
157 1751 219 1811 pro
235 1750 299 1810 quo
319 1741 404 1790 vetus
425 1730 569 1810 interpres
588 1731 887 1814 transmigrationem,
906 1735 1042 1798 Erasmus
1064 1739 1196 1800 exsilium
1220 1755 1223 1768 ·

59 1807 167 1882 reddit,
187 1806 333 1887 'proprie
352 1817 491 1865 mutatam
512 1807 724 1870 habitationem
742 1809 897 1892 significat
935 1813 1083 1898 iutelligit
1108 1835 1140 1877 er
1255 1831 1262 1854 ⁸

59 1881 180 1974 ludaeos
201 1905 221 1942 e
242 1883 341 2019 patria
359 1880 488 1966 migrare
497 1881 625 1945 'coactus
646 1884 744 1963 fuisse,
762 1898 796 1946 ut
814 1886 885 1948 alibi
903 1899 1042 1969 tanquam
1055 1837 1196 1973 aquiiii

126 2044 178 2104 16
219 2031 309 2127 Iesus
338 2039 391 2116 put
417 2049 535 2126 wopau
567 2033 702 2100 Gdn‘stus.
754 2040 791 2100 In
819 2041 999 2122 cognomine
1030 2043 1196 2107 Matthaeus

61 2114 186 2175 officimn
208 2113 365 2195 designat,
385 2123 419 2172 ut
437 2126 530 2172 serant
547 2112 689 2192 lectores,
708 2137 770 2176 non
791 2137 854 2178 esse
875 2117 952 2178 hunc
971 2120 1116 2200 privatum
1135 2121 1193 2182 hu-

59 2193 180 2266 minem,
214 2191 270 2250 scd
292 2201 414 2250 unctum
435 2187 572 2249 divinitus
596 2191 634 2250 ad
653 2187 834 2272 implendum
853 2193 1060 2276 Redemptoris
1079 2218 1195 2258 munus.

61 2267 160 2343 Qualis
179 2279 285 2328 autem
306 2265 397 2324 suerit
416 2277 446 2325 ct
464 2287 603 2344 quorsum
622 2269 763 2348 spectarit
781 2270 842 2329 eius
861 2271 980 2346 noetio,
1011 2273 1143 2355 pluribus
1162 2274 1196 2334 in

61 2345 228 2424 praesentia
248 2363 314 2402 non
334 2342 483 2402 disseram.
520 2342 569 2402 De
594 2363 668 2404 voce
693 2345 755 2423 ipsa
775 2345 817 2405 sic
835 2344 1002 2408 hahendum
1024 2362 1080 2410 est:
1111 2361 1197 2431 post-
1285 2367 1291 2374 ·

62 2443 141 2500 quam
162 2419 315 2480 abolitum
328 2418 529 2502 iuitregnum,
549 2440 603 2479 coe
627 2421 682 2481 isse
702 2422 738 2480 ad
758 2441 847 2480 unum
868 2421 948 2481 illum
967 2425 1085 2499 referri,
1105 2445 1195 2504 aquo

61 2521 71 2557 s
106 2498 202 2558 cauda
225 2507 294 2556 erat
333 2494 401 2555 lena
420 2495 519 2555 salutis
544 2441 678 2587 perditae
705 2495 888 2556 instauratio.
929 2497 1026 2572 Quam
1046 2501 1096 2560 diu
1116 2501 1197 2562 enim

63 2517 158 2634 penit
184 2574 220 2633 in
247 2517 361 2632 samriia
379 2570 500 2632 Davidis
521 2570 616 2649 aliqua
636 2571 784 2647 maiestas,
813 2571 911 2654 Reges
936 2575 1038 2634 vd'cari
1057 2574 1195 2634 solebant

64 2651 180 2710 Christi.
221 2649 319 2728 Atqui
339 2668 378 2706 ne
398 2647 537 2708 deformis
555 2648 682 2723 vastitas,
703 2667 778 2726 quae
788 2658 910 2727 sequuta
927 2652 1001 2721 est,‘
1022 2650 1116 2710 'orum
1132 2649 1197 2708 ani-

62 2749 120 2787 mos
143 2728 177 2786 iu
207 2723 448 2806 desperationem
473 2723 651 2797 coniiceret,
681 2723 769 2784 unico
788 2723 984 2803 Redemptori
1029 2745 1066 2786 oe
1086 2744 1197 2786 nomen

63 2805 151 2882 aptari
164 2805 253 2863 Deus
273 2801 379 2876 voluit,
397 2801 482 2862 sicuti
503 2822 536 2860 ex
545 2799 673 2860 Daniele
693 2811 824 2892 apparet.
863 2800 995 2861 Historia
1014 2803 1199 2862 veroEvau-

64 2880 153 2960 gelica
164 2879 275 2961 passim
287 2876 428 2950 ostendit,
446 2877 594 2960 vulgatum
605 2889 676 2941 time
696 2878 785 2942 fusse
803 2876 946 2960 loquendi
962 2899 1086 2956 morem,
1106 2899 1196 2959 quum

65 2957 208 3018 exhibitus
228 2965 276 3016 est
292 2955 317 3014 F
319 2953 385 3015 ilius
404 2953 464 3016 Dei
482 2953 514 3016 iu
534 2975 632 3015 carne.

100 3190 184 3270 (¹5.)
225 3188 399 3254 ΜΑΤΤΗ.
425 3189 449 3255 1.
496 3188 547 3255 18.
579 3189 682 3255 Porro
716 3189 789 3253 Iesu
814 3187 937 3258 Christi
967 3192 1117 3258 nativitas
1149 3191 1197 3255 sic

66 3289 185 3355 hahuit.
209 3287 322 3376 Quum
344 3295 429 3355 euim
450 3301 551 3356 mater
564 3291 633 3354 eius
646 3289 752 3354 Maria
774 3288 936 3378 desponsa
958 3303 1043 3357 esset
1064 3289 1196 3376 loseph,
1311 3365 1318 3376 ι

71 3403 239 3479 antequam
275 3393 504 3468 convenirent,
546 3390 748 3476 deprehensa
779 3401 828 3458 est
860 3391 991 3478 gravida
1023 3411 1043 3457 e
1075 3390 1198 3475 Spiritu

72 3504 194 3560 undo:
214 3493 267 3557 ts.
288 3487 409 3576 Ioseph
430 3501 534 3556 antem
555 3481 688 3557 maritus
710 3493 779 3556 eius
800 3513 898 3578 quum
922 3493 1140 3568 acuminatus,
1164 3497 1198 3554 et

71 3591 169 3660 tollet
191 3613 263 3658 eam
285 3591 465 3668 traducere,
485 3589 588 3656 voluit
604 3589 732 3657 occulte
745 3590 904 3658 dimittere
927 3587 1007 3657 eam.
1033 3591 1085 3656 20.
1106 3591 1199 3653 Haec

72 3695 171 3780 intem
194 3715 236 3758 eo
258 3695 436 3778 cogitante,
466 3713 542 3756 ecce
564 3690 708 3778 Angelus
728 3689 862 3758 Domini
883 3713 943 3778 per
963 3693 1121 3757 somnium
1144 3711 1199 3773 ap·

71 3797 170 3882 paruit
191 3792 256 3871 illi,
290 3793 419 3872 diceus,
448 3791 566 3879 loseph
593 3791 642 3857 fili
663 3792 785 3870 David,
817 3815 860 3858 ne
887 3802 1011 3858 metuas
1036 3807 1198 3854 assumere
1232 3863 1240 3886 κ

71 3893 200 3960 hiarium
222 3914 355 3959 uxorem
378 3902 479 3958 tuam:
511 3913 583 3958 nam
606 3891 695 3980 quod
722 3895 755 3958 in
779 3915 818 3958 ea
847 3903 1038 3978 conceptum
1061 3897 1125 3968 est,
1158 3907 1199 3952 ex

74 3995 186 4078 Spiritu
207 4003 320 4062 sancto
345 4003 401 4058 est.
442 3995 492 4058 21.
512 3992 619 4057 Pariet
640 4004 746 4058 autem
771 3993 892 4072 filium,
927 4003 958 4056 ct
984 3985 1118 4054 vocabis
1138 4009 1198 4054 no-

74 4117 138 4160 meu
164 4098 235 4162 eius
261 4097 372 4159 lesum.
421 4094 452 4158 ls
480 4096 565 4158 enirn
592 4089 713 4158 salvum
747 4093 844 4158 faciet
871 4087 1027 4177 populum
1060 4107 1150 4154 suum
1179 4109 1199 4153 a

75 4199 206 4280 peccatis
222 4205 352 4262 eorum.
393 4195 445 4260 22.
465 4195 567 4259 Porro
588 4201 690 4256 totum
710 4193 774 4258 hoc
791 4194 909 4258 iactum
932 4199 994 4266 est,
1029 4199 1064 4252 ut
1087 4187 1228 4274 imple·'

75 4308 154 4362 retur
176 4297 267 4384 quod
290 4295 410 4360 dictum
431 4305 479 4360 est
500 4315 519 4358 a
539 4290 683 4358 Domino
705 4315 765 4378 per
785 4278 992 4378 Prophetnm,
1028 4288 1200 4366 dicentem,

75 4395 116 4460 id
140 4398 244 4479 Ecca,
272 4399 365 4482 virgo
390 4399 572 4482 praegnans
599 4395 673 4470 erit,
710 4403 742 4458 et
767 4395 871 4476 pariet
897 4388 1016 4466 filium,
1048 4400 1081 4454 et
1105 4410 1201 4454 voca-

95 4502 183 4550 cuun
194 4501 414 4550 maun.
429 4500 473 4549 ιι.
491 4500 574 4548 sorr.
671 4521 679 4532 -
975 4474 994 4532 4
