2778 4838
970 15 979 57 l

163 245 221 354 sm
392 283 510 346 seen.
528 281 611 348 xlv.
649 295 828 348 musaeu
849 297 892 344 ur
912 281 1096 346 sermones.
1159 246 1185 300 '¹

37 419 45 440 '
167 436 318 512 obtineat,
342 457 418 518 qnae
437 439 527 500 semul
548 436 646 520 agnita
665 420 762 498 luerat
780 439 896 496 veritas.
936 435 1034 496 Porro
1056 432 1137 526 quod
1157 431 1253 492 Luras
1273 433 1334 491 hor

167 512 261 574 turbis
281 514 389 575 dietum
410 537 471 576 esse
491 515 590 588 tradit,
610 535 625 574 a
645 513 785 574 Matthaei
806 525 838 572 et
856 505 948 573 Marci
968 523 1140 572 narrataone
1159 521 1223 568 nea
1244 509 1332 569 dissi-

167 589 485 728 deteealpuialprohahile
498 603 551 664 est,
562 589 729 726 Chr-ippum
740 590 781 726 inl
791 589 952 650 scribarum
968 588 1111 724 pesulan!
1124 608 1158 646 ac
1171 585 1333 666 discipulos

115 735 122 766 ·
150 675 1332 834 ·„a.t?⁸32„tulisti‘llltt‘stldt2trittililt‘ttitttlttss

168 841 235 880 oona
259 821 360 882 etehat
378 822 450 882 haec
470 823 653 902 querimonia
673 821 720 881 sel
740 820 919 900 obiurgatio.

294 898 349 957 tth.
365 906 394 962 4.
432 899 524 958 Natio
538 919 637 973 presure
655 913 706 959 eto.
746 897 802 960 Hie
822 897 903 958 locus
925 896 1071 976 expositus
1092 893 1148 952 luit
1167 891 1266 982 eapite
1285 898 1332 958 12

172 969 292 1034 Summa
323 986 419 1034 autem
451 987 510 1050 est,
544 975 670 1034 ludaeos
697 973 783 1034 nullis
808 973 899 1052 signis
928 973 1141 1061 acquiescere,⁶
1166 989 1237 1058 quus
1262 966 1332 1060 sph-

167 1047 238 1108 lnde
259 1069 310 1113 eos
330 1051 429 1112 titillet
448 1049 606 1132 pravaDei
624 1051 758 1112 tentandi
778 1051 929 1131 cupiditas.
967 1050 1071 1128 Neque
1092 1067 1172 1106 emm
1191 1043 1333 1126 surplrcs·

169 1135 217 1184 tur
237 1143 289 1186 eos
307 1139 395 1188 vocat
415 1141 535 1212 gentem
555 1127 727 1202 adulteram,
748 1127 814 1207 quia
826 1129 941 1206 signnm
952 1125 1158 1205 qualecunque
1171 1121 1333 1202 postulent,

169 1202 251 1294 flupd
271 1202 418 1264 interdum
437 1205 583 1266 Dominus
602 1205 659 1264 suis
679 1204 827 1285 permisit,
854 1205 906 1264 sed
932 1203 998 1280 quia
1019 1202 1116 1261 Deum
1142 1219 1175 1260 ex
1196 1197 1332 1278 professo

167 1289 305 1367 irritent,
316 1281 385 1341 ideo
404 1281 511 1342 saillis
531 1282 623 1340 instar
632 1283 727 1342 Ionae
746 1280 907 1342 redivivum
925 1279 1107 1358 Prophetam
1129 1275 1195 1336 lore
1213 1277 1332 1332 desun-

166 1365 232 1414 trat·
272 1355 323 1418 sic
350 1357 469 1438 quidem
494 1357 585 1418 habet
610 1357 787 1432 Matthaeus,
813 1359 895 1436 apud·
914 1357 1045 1416 Marcum
1072 1353 1152 1412 nulla
1180 1351 1212 1412 ht
1235 1351 1331 1410 lonae

168 1432 297 1523 mentio:
322 1433 401 1496 idem
426 1446 525 1496 umen
551 1445 594 1494 est
620 1455 736 1509 sensus,
762 1434 832 1513 quia·
853 1454 892 1493 ne
917 1433 975 1492 hoo
996 1425 1333 1518 qtriderrrpropri‘sillip

168 1521 249 1648 :lgcm
268 1510 423 1649 llffiffl’
449 1510 599 1648 cipp-istum
624 1531 641 1572 a
665 1523 762 1573 morte
781 1510 935 1572 excitatum
952 1528 1093 1570 sonoram
1113 1503 1276 1588 hvangehs
1291 1525 1334 1562 sm

218 1606 273 1660 ‚ern
335 1609 405 1668 aque
425 1605 483 1648 emt
510 1607 569 1648 ere.

245 1840 357 1931 raes.)
381 1841 570 1911 ‘ussum
597 1843 683 1908 xvr.
731 1845 761 1910 s.
777 1855 780 1862 ·
798 1845 840 1912 ut
866 1865 964 1932 quam
988 1843 1154 1910 venissent
1182 1823 1332 1924 usuras

167 1937 237 2012 eius
269 1946 309 2020 in,
336 1941 525 2039 ulteriorem
538 1995 543 2002 .
557 1947 674 2031 ripam,
708 1967 769 2032 per
800 1945 998 2012 oblivionem
1030 1963 1099 2012 nort
1130 1952 1331 2029 sumpserant

166 2067 278 2134 panes.
318 2047 349 2112 6.
381 2049 470 2113 lesus
496 2059 602 2114 autem
631 2049 712 2113 dixit
739 2047 818 2128 illis,
853 2049 992 2128 Videte,
1024 2059 1058 2114 et
1083 2059 1198 2114 cavete
1226 2069 1245 2111 a
1272 2043 1330 2108 ler-

165 2157 276 2216 mento
298 2147 544 2235 Pharisaeorum
567 2163 601 2216 et
621 2141 894 2221 Sadducaeorum.
939 2155 968 2220 7.
1005 2153 1047 2218 ht
1068 2151 1117 2218 illi
1139 2145 1330 2238 reputabant

164 2253 250 2320 intra
283 2274 371 2332 sese,
408 2253 568 2334 dieentes,
599 2255 704 2329 Panes
731 2277 798 2324 non
825 2259 1025 2342 sumpsimus.
1078 2257 1115 2322 Sa
1142 2252 1248 2340 Quod
1275 2248 1329 2316 uhi

166 2358 320 2440 eognovit
340 2356 445 2435 lesus,
476 2358 554 2424 dixit
581 2357 663 2434 illis,
698 2357 789 2446 Quid
813 2343 1063 2452 cogitatisintra
1084 2359 1273 2443 vosipsos,
1309 2371 1328 2418 ⁰

163 2475 278 2544 parum
305 2455 460 2540 fidentes,
497 2459 586 2550 quod
618 2483 732 2552 panes
757 2485 824 2532 non
859 2467 1066 2550 sumpseritis
1112 2465 1142 2528 9.
1176 2455 1329 2526 Nondum

4 2525 5 2594 l
113 2611 119 2639 .·
162 2561 361 2648 intelligas,
376 2582 486 2650 neque
506 2568 663 2632 memorie
683 2567 803 2632 tenetis
823 2571 968 2656 quinque
988 2567 1067 2634 illos
1086 2587 1202 2654 panes,
1228 2581 1327 2656 quum

162 2661 312 2732 homines
334 2677 443 2734 essent
464 2670 637 2755 quinquies
657 2667 755 2750 mille,
778 2681 810 2735 et
831 2681 911 2758 quot
933 2664 1328 2757 cophinossustnleritis?

163 2767 214 2835 10.
247 2769 366 2863 lffleque
386 2779 510 2856 septem
532 2769 607 2838 illos
635 2793 748 2860 panes,
774 2795 873 2858 quum
900 2775 1048 2843 homines
1076 2781 1184 2840 essent
1212 2773 1328 2855 quater

161 2869 268 2951 mille,
294 2883 329 2938 et
355 2886 435 2960 quot
461 2885 600 2958 sportas
617 2878 827 2961 acceperitis?
867 2878 916 2944 11.
950 2876 1016 2967 Qui
1042 2877 1093 2956 fit,
1122 2885 1258 2941 utnon
1280 2870 1328 2934 in-

115 3007 120 3016 -
162 2973 331 3060 telligatis‚
359 2995 411 3040 me
433 2994 500 3041 non
523 2975 565 3041 de
585 2999 672 3064 pane
694 2979 813 3046 dixisse
835 2979 928 3050 vohis
948 2979 1046 3059 illud,
1072 2975 1327 3052 utestvereli⁸²

162 3075 323 3146 fermento
358 3077 602 3146 Pharisaeorum
636 3094 669 3150 et
699 3083 982 3152 Sadducaeorum?
1024 3085 1074 3151 12
1092 3068 1204 3164 illisne
1235 3073 1329 3144 intel-

160 3175 327 3260 lexerunt,
354 3182 444 3268 quud
466 3203 534 3251 non
554 3186 698 3251 iussisset
720 3208 836 3253 cavere
864 3211 882 3253 a
909 3190 1069 3258 fermento
1090 3187 1199 3276 panis,
1226 3178 1286 3246 sed
1307 3198 1328 3241 Ι

161 3279 308 3350 doctrina
331 3281 577 3354 Pharisaeorum
600 3297 633 3355 et
653 3289 928 3359 Sadducaeorum.

242 3449 376 3518 Maec.
396 3453 484 3522 Vlll.
527 3457 578 3528 14.
610 3457 653 3525 Et
680 3457 776 3525 obliti
804 3459 933 3528 inerant
959 3481 1086 3526 sumere
1114 3475 1234 3543 pant-¹⁸2
1261 3469 1323 3516 ¹¹²⁰

158 3563 289 3639 praeter
316 3577 414 3626 unum
443 3581 560 3647 panem
582 3561 747 3628 habebant
767 3585 875 3629 seeum
898 3568 932 3628 in
953 3567 1036 3630 navi.
1079 3562 1129 3625 15.
1162 3562 1212 3622 Ac
1231 3571 1323 3640 1³¹⁸*

159 3659 246 3743 oepit
266 3655 331 3726 illis
353 3659 480 3744 dicens,
507 3665 644 3745 Videte,
666 3675 777 3731 cavete
800 3687 818 3730 a
841 3666 1001 3734 fermento
1021 3665 1265 3732 Pharisaeorum
1288 3661 1322 3726 et

159 3761 364 3862 alermento
393 3765 545 3836 Herodis.
594 3769 643 3835 16.
674 3768 716 3843 El
745 3767 951 3858 disputabant
979 3774 1177 3842 inteream,
1211 3763 1321 3828 dicen-

156 3873 215 3942 tes,
234 3857 339 3938 Panes
359 3889 428 3936 non
454 3870 620 3938 habemus.
664 3873 713 3941 li.
744 3872 787 3937 Et
814 3895 855 3940 oo
884 3876 1030 3957 cognito,
1061 3854 1259 3939 lesus‘dicit
1285 3864 1321 3930 il·

157 3963 215 4032 lis:
238 3971 328 4054 Quid
351 3972 533 4066 disputatis,
562 3973 652 4062 quod
673 3997 775 4062 panes
796 3998 862 4044 non
886 3977 1031 4044 hahetis?
1052 3975 1198 4046 nondum
1224 3972 1320 4038 anim·

159 4067 345 4150 advertitis,
376 4098 441 4152 nee
471 4077 669 4165 intelligitis?
710 4077 817 4144 adhue
855 4092 1068 4151 oecoeeatum
1099 4077 1230 4149 hahetis
1265 4097 1319 4144 eor
1380 4085 1381 4092 ’

155 4179 318 4242 vestrum?
360 4176 410 4243 18.
446 4166 571 4249 Oculos
600 4181 756 4264 hahentes
782 4203 851 4249 non
873 4187 1004 4252 cernitis
1024 4197 1057 4252 st
1078 4205 1175 4252 aures
1196 4182 1317 4248 hahen-
1380 4201 1381 4228 ¹

154 4282 205 4340 tes
225 4295 293 4343 non
316 4279 456 4372 auditis,¹
476 4295 510 4350 et
537 4305 606 4352 non
627 4287 834 4353 meministis?
877 4289 927 4354 19.
962 4289 1072 4376 Quum
1095 4291 1241 4377 quinque
1261 4305 1315 4372 pa·

4 4427 6 4438 .
92 4409 100 4427 ι
152 4395 213 4445 nea
244 4377 410 4468 fregissem
440 4387 478 4454 in
508 4387 676 4458 hominum
705 4392 849 4480 quinque
880 4391 996 4474 millia,
1037 4404 1119 4482 quot
1155 4391 1314 4480 soptim
