2768 4834
370 253 435 332 (w.
461 249 543 314 lesus
559 261 651 353 sanat
661 217 745 340 l’etri
762 255 905 334 socrum)
1148 265 1207 330 133

140 401 213 464 Luc.
236 407 289 470 33.
333 401 440 464 Homo
460 399 566 464 derbeus
592 407 726 482 spirim
755 403 912 468 doma.
955 406 1038 470 Haec
1069 408 1206 492 loquutio

62 481 244 540 tantundem
264 469 346 540 vltet
366 479 426 540 acsi
446 479 560 540 dixisset
577 481 686 558 Lucas,
715 482 817 542 afflatu
837 481 947 544 diaboli
965 485 1054 546 luisse
1074 488 1205 549 concita-

59 567 133 614 tum.
173 557 236 616 Dei
258 557 339 617 euim
360 556 502 637 permissu
522 557 636 619 anbnae
656 560 804 638 potentias
824 575 1020 640 occupaverat
1037 562 1146 638 Satan,
1171 578 1206 626 ut

58 653 112 691 suo
133 633 267 694 arbitrio
294 645 355 696 um
383 633 421 692 ad
447 632 629 712 loquendum·
653 655 738 724 quam
767 635 803 696 ad
824 635 895 696 alios
915 649 1012 698 motus
1030 638 1205 718 impelleret.

59 709 165 787 ltaque
191 731 285 788 quum
306 709 471 788 loquuntur
491 711 683 784 daemoniaci,
702 711 757 770 ini
779 711 816 772 sis
830 723 860 770 et
871 733 926 791 per
944 712 954 772 i
976 735 1024 776 sos
1044 713 1206 794 loquuntur

58 783 237 858 daemones,
258 785 367 863 quibus
387 786 524 864 permissa
544 798 588 846 est
608 734 924 849 dominamli'licentia.
954 735 1093 872 blogium
1104 791 1207 854 Sancti

57 859 117 919 Da·
146 861 314 942 probabile
345 874 391 920 est
420 881 455 920 ex
484 863 633 922 communi
663 875 692 923 et
721 876 792 924 tunc
823 876 945 944 recepto
967 866 1119 946 ⁴loquendi
1150 891 1205 930 usu

58 951 214 1018 sumptum
235 959 307 998 esse.
347 939 422 997 Ideo
442 949 538 998 autem
554 939 596 999 sic
608 939 742 1002 Messium
754 941 909 1016 vocabant,
930 944 1010 1021 quod
1021 943 1057 1004 ab
1071 947 1204 1020 omnium

59 1013 191 1074 aliorum
212 1033 341 1074 numero
361 1015 560 1095 segregandus
581 1029 665 1090 esset,
684 1028 718 1076 ut
731 1011 870 1098 singulari
890 1017 984 1100 gratia
1005 1022 1153 1102 praeditus
1173 1037 1204 1087 et

57 1091 150 1150 totius
172 1090 330 1151 Ecclesiae
356 1100 452 1169 caput.
606 1113 608 1116 ·
887 1106 890 1118 ·
958 1105 961 1116 ·
1021 1111 1025 1119 ’

132 1167 234 1226 blare.
254 1173 301 1231 36.
351 1167 447 1245 Ouum
469 1163 663 1242 discerpsisset
684 1189 756 1228 em.
799 1166 918 1228 Mitiore
933 1170 1035 1231 »uerbo
1061 1185 1129 1234 us'us
1156 1187 1203 1236 est

57 1243 155 1302 Lucas
179 1249 283 1322 (quum
298 1245 498 1320 proiectam),
518 1243 654 1304 insensu
674 1256 772 1304 tamen
792 1245 902 1324 optime
921 1248 1113 1324 conveniunt
1134 1251 1202 1330 quia

59 1333 190 1398 uterque
212 1320 324 1380 docere
344 1319 448 1393 voluit,
466 1319 629 1380 violentum
641 1319 728 1380 luisse
740 1320 888 1380 daemonis
902 1323 1017 1380 exitum.
1056 1324 1106 1384 Sic
1127 1347 1201 1408 ergo

59 1397 203 1456 miserum
225 1397 377 1455 bominem
395 1395 562 1474 prostravit,
583 1395 955 1476 quasidiscerpereuellet:
976 1395 1090 1458 irritum
1103 1413 1203 1463 tamen

61 1473 149 1532 luisse
173 1483 315 1532 conatum
335 1471 409 1533 dicit
426 1472 534 1546 Lucas,
554 1493 615 1532 non
637 1473 717 1552 qnod
736 1471 774 1532 im
798 1486 860 1532 etus
880 1471 929 1531 ille
949 1493 1070 1552 prorsus
1089 1477 1201 1567 absque
1279 1495 1283 1520 ⁴

61 1549 195 1610 laesione
217 1548 318 1620 luerit,
337 1549 384 1608 vel
405 1548 505 1607 saltem
526 1548 635 1628 absque
656 1548 717 1608 ullo
739 1493 850 1610 doloris
869 1569 970 1626 sensu,
992 1549 1045 1609 sed
1065 1552 1132 1630 quia
1153 1577 1202 1614 ru-

62 1637 145 1706 trger
166 1637 272 1704 postea
294 1625 351 1684 luit
370 1624 461 1685 hom'o
481 1645 498 1683 a
517 1623 638 1686 diabolo
659 1625 810 1684 liberatus.
969 1625 970 1630 '
1056 1627 1058 1634 '
1165 1664 1167 1672 ι

135 1701 211 1760 Luc.
231 1707 279 1766 36.
317 1701 430 1760 Factam
454 1715 494 1760 est
516 1723 618 1788 pavor.
655 1701 780 1762 Fructus
804 1699 952 1776 miraculi,
983 1704 1063 1782 quod
1088 1705 1199 1786 aliquid

61 1779 124 1858 plns
146 1800 237 1858 quam
259 1778 419 1837 humanum
439 1777 467 1836 in
480 1775 599 1836 Christo
611 1778 757 1857 suspicere
778 1789 934 1860 coguntur.
973 1781 1017 1838 Ac
1037 1781 1200 1858 prudenter

61 1855 194 1914 miraculi
216 1854 342 1946 gloriam
364 1874 398 1914 ac
417 1853 555 1912 virtutem
579 1855 616 1914 ad
638 1855 801 1914 doctrinam
822 1853 965 1914 referunt:
1005 1855 1079 1929 Quis
1099 1881 1198 1920 sermo

61 1931 122 2003 bic,
151 1933 306 2010 inqmnnt,
327 1930 376 1989 cui
395 1950 498 2008 parere
519 1943 666 2012 coguntur
685 1931 771 1990 etiam
791 1931 846 2010 ipsi
866 1931 1044 1992 daemones?
1083 1936 1199 1996 Nouam

59 2006 223 2068 &errimus
241 2005 397 2088 appellant
414 2007 533 2084 (llattb.
552 2009 615 2082 27.)
636 2027 697 2066 uon
719 2006 915 2086 exprobrandi
936 2015 1037 2082 causa,
1057 2014 1109 2086 sed
1129 2014 1196 2091 quia

63 2084 171 2174 aliquid
198 2085 229 2144 in
256 2105 290 2144 eu
310 2081 462 2141 insolitum
489 2094 519 2140 et
539 2083 797 2142 extraordinarium
817 2083 991 2168 agnoscurit.
1030 2087 1099 2146 Non
1122 2111 1195 2170 ergo

61 2160 230 2220 insimulant
250 2181 314 2219 earn
335 2157 488 2232 novitatis,
516 2171 549 2216 nt
575 2159 660 2218 fldem
688 2159 849 2241 derogent,
882 2159 933 2217 scd
959 2161 1056 2239 potius
1078 2164 1131 2223 ista
1153 2175 1197 2224 est

63 2258 126 2316 pars
146 2235 368 2308 admirationis,
399 2235 478 2316 quod
497 2236 545 2294 vul
569 2256 647 2295 arem
667 2246 717 2295 aut
742 2237 895 2294 humanam
916 2254 978 2294 esse
999 2250 1119 2318 negant.
1160 2241 1197 2298 ln

63 2335 97 2372 eo
117 2327 232 2372 tantum
253 2320 397 2391 peccant,
418 2312 498 2390 quod
517 2255 678 2372 subsistunt
695 2311 726 2370 in
747 2333 796 2370 sua
819 2310 1030 2388 haesitatione,
1050 2335 1139 2393 quum
1159 2318 1196 2378 ad

63 2391 231 2450 ulteriorem
251 2387 421 2469 proiectum
440 2387 499 2448 Dei
518 2387 594 2450 filios
614 2387 755 2468 progredi
776 2389 886 2448 deceat.

98 2631 181 2710 (39.)
221 2627 395 2696 ΜΑΤΤΗ.
421 2629 503 2694 Vlll.
546 2627 595 2698 14.
620 2625 663 2692 Et
689 2639 786 2713 quum
807 2627 952 2693 venisset
972 2626 1061 2690 lusus
1082 2629 1115 2692 in
1137 2627 1196 2694 do-

64 2753 141 2796 mum
154 2733 256 2809 Petri,
276 2728 359 2794 vidit
380 2749 505 2822 socrum
525 2725 614 2792 illius
635 2731 668 2792 in
691 2726 777 2792 lecto
790 2725 1045 2804 decumbentem,
1066 2735 1098 2791 et
1110 2724 1197 2792 febri

63 2829 271 2898 laborantem.
321 2831 372 2896 15.
400 2829 584 2916 Tetigitque
617 2849 745 2894 manum
781 2833 865 2905 eius,
901 2837 934 2892 et
961 2827 1092 2914 reliquit
1125 2847 1196 2894 enm

64 2931 164 3010 lebria,
186 2943 221 2997 et
241 2933 391 3006 surrexit,
413 2951 451 2993 ac
471 2928 671 2994 ministrabat
693 2927 765 2994 illis.
807 2926 857 2994 16.
879 2929 988 3014 Quum
1010 2939 1116 2993 autem
1138 2949 1196 3015 ap-

62 3035 188 3118 petisset
198 3053 347 3118 vespera,
371 3029 571 3096 adduxerunt
585 3028 634 3093 illi
648 3028 874 3095 daemoniacos
895 3027 1020 3105 multos,
1043 3039 1076 3094 et
1096 3032 1193 3095 eiecit

62 3137 187 3220 spiritus
207 3133 328 3210 verbo,
348 3152 527 3218 omnesque
548 3129 632 3195 male
652 3128 809 3196 babentes
831 3133 971 3196 sanavit:
1000 3132 1049 3196 17.
1071 3131 1115 3195 Ut
1135 3133 1193 3194 im·
1230 3159 1233 3179 ι

61 3234 214 3318 pleretnr,
236 3232 328 3320 quod
351 3231 538 3296 dictumest
559 3228 771 3316 perlesatam
794 3229 998 3326 prophetam,
1020 3251 1117 3314 quum
1139 3233 1193 3308 alt,

62 3335 118 3400 llic
131 3335 334 3400 infirmitates
345 3345 470 3398 nostras
484 3334 631 3416 suscepit,
650 3341 682 3395 et
693 3330 825 3396 morbos
838 3327 995 3418 portavit·
1011 3331 1060 3397 18.
1082 3330 1193 3416 Quum

61 3435 186 3500 vidisset
207 3445 315 3500 autem
337 3435 427 3499 lesus
447 3436 566 3498 circum
588 3430 701 3496 multas
722 3430 847 3511 turbas,
878 3435 986 3509 iussit,
1008 3439 1043 3495 ut
1064 3430 1192 3497 abirent

61 3535 92 3600 in
110 3535 302 3602 ulteriorem
322 3537 434 3621 ripam.
832 3541 835 3550 '
994 3537 1001 3556 ⁸

136 3669 278 3736 Mutae.
301 3669 325 3734 l.
366 3668 418 3734 29.
443 3667 492 3732 Et
514 3667 662 3752 protinus
689 3687 707 3728 e
734 3685 898 3751 synagoge
927 3666 1061 3752 egressi,
1093 3683 1223 3752 vene-x

61 3780 128 3834 runt
154 3773 186 3836 in
216 3770 350 3835 domum
373 3769 514 3834 Simonis
544 3778 575 3832 et
596 3765 748 3832 Andreae
771 3788 841 3831 cum
864 3765 985 3832 lacobo
1008 3773 1039 3828 et
1061 3764 1192 3826 lonnne.

62 3869 105 3933 30.
131 3869 253 3936 Socrtu
281 3881 388 3935 atttem
413 3867 559 3933 Simonis
593 3863 809 3932 decumbebat
835 3856 926 3931 'febri
961 3865 1126 3939 laborans,
1159 3873 1193 3928 et

63 3973 209 4036 continuo
233 3970 346 4036 dieunt
369 3973 400 4034 ei
421 3969 464 4034 de
484 3967 550 4032 illa.
591 3969 642 4032 31.
670 3968 711 4032 Et
736 3967 896 4032 accedens
916 3967 1020 4028 erexit
1042 3983 1111 4026 eam
1134 3984 1191 4050 ap-

62 4069 212 4151 prebensu
233 4091 331 4135 manu
352 4073 429 4146 eius,
450 4080 482 4135 et
495 4067 626 4154 reliquit
648 4091 718 4132 eam
739 4066 841 4154 febris
859 4065 959 4142 illico,
981 4085 1018 4126 ac
1034 4065 1191 4162 ministru-

62 4165 109 4232 bat
129 4173 190 4234 eis:
231 4171 284 4234 32.
304 4171 444 4256 Vesperi
464 4176 564 4246 vero,
596 4190 693 4254 quum
720 4167 771 4233 sol
793 4165 977 4240 occidisset,
1015 4162 1190 4230 attulerunt

63 4267 188 4334 adeum
211 4289 325 4335 omnes
347 4268 430 4334 male
452 4269 625 4366 babentes,
653 4281 685 4334 ct
706 4272 802 4354 quia
823 4265 1001 4332 daemoniis
1027 4263 1189 4350 agitaban-

62 4377 113 4435 tur.
153 4371 208 4435 33.
236 4359 288 4434 Et'
306 4371 415 4434 civitas
441 4381 508 4436 tota
538 4377 728 4455 congregata
755 4378 823 4436 erut
844 4366 885 4432 ad
908 4369 1032 4432 ostium.
1073 4363 1124 4428 31
1144 4365 1188 4428 Et

86 4473 173 4519 cavus
187 4486 273 4520 ωιιι.
288 4473 532 4525 stemmata.
547 4475 569 4549 ι.Ι
966 4452 986 4510 9
