2790 4838
397 229 465 356 (95.
485 275 578 336 Dirae
597 275 629 335 iii
649 274 737 338 urbes
757 273 934 355 Galilaeae.)
1064 250 1066 258 ¹
1123 345 1128 356 ¹
1175 283 1235 348 m

95 432 238 498 fuissent
258 433 404 509 virtutes,
426 454 510 520 quae
532 431 636 498 factae
657 441 732 498 suut
752 435 787 499 in
804 431 909 516 vobis,
930 432 1009 500 olim
1029 435 1064 500 in
1084 453 1180 502 sacco
1202 447 1235 503 et

90 538 206 598 cinere
230 533 393 617 scelerum
414 556 543 608 suorum
566 537 798 622 poenitentiam
821 538 968 621 egissent.
1011 537 1063 600 22.
1084 534 1234 603 Attamen

89 635 169 700 dico
192 631 304 712 vobis,
338 620 431 718 Tyro
458 645 489 700 et
516 635 631 700 Sidoni
657 633 858 702 tolerabilius
885 640 945 702 erit
973 641 1006 704 in
1034 637 1088 704 die
1112 638 1233 718 iudicii,
1262 703 1267 710 ,

89 759 189 824 quain
213 733 320 800 vohis.
361 737 413 802 Ἦ.
436 735 477 799 Et
497 746 532 800 tu
554 726 774 818 Capern'aum,
804 759 887 822 quae
911 759 945 804 cs
967 759 1069 824 usque
1096 737 1136 802 ad
1158 759 1233 804 coe-

87 835 331 914 lum-exaltata,
353 857 454 923 usque
477 835 517 901 ad
538 833 661 904 inferos
682 827 875 906 detraheris:
896 839 1048 925 quoniam
1069 842 1096 904 si
1116 842 1151 905 in
1173 839 1232 907 So·
1353 842 1355 852 '

89 939 199 1005 domis
221 936 329 1004 editae
351 935 484 1000 fuissent
504 939 649 1012 virtutes,
688 960 771 1023 quae
794 939 901 1006 editae
922 943 1051 1006 suntin
1073 952 1119 1018 te,
1145 963 1234 1008 maii·

89 1042 213 1106 sissent
233 1058 339 1124 usque
360 1039 392 1102 in
415 1036 607 1102 hodiernum
631 1034 724 1100 diem.
766 1040 816 1103 24„
839 1041 1060 1120 Veruntamen
1082 1039 1156 1108 dico
1174 1064 1233 1110 vo-

87 1139 156 1218 bis,
188 1137 281 1226 quod
308 1142 414 1204 terrae
435 1137 651 1204 Sodomorum
673 1137 875 1206 tolerabilius
898 1143 958 1207 erit
979 1145 1012 1208 in
1036 1141 1089 1208 die
1109 1141 1231 1224 iudicii,

86 1263 187 1328 quain
208 1237 280 1304 tibi.
417 1295 421 1306 i

175 1355 282 1425 Luc.
301 1359 340 1422 X.
382 1359 432 1424 13.
469 1359 541 1424 Vae
569 1355 628 1424 tibi
650 1358 832 1437 Chorazin,
868 1381 927 1425 vae
953 1359 1013 1426 tibi
1041 1361 1232 1429 Bethsaida?

88 1463 165 1547 quia
197 1463 225 1524 si
252 1462 288 1524 iri
317 1459 409 1544 Tyro
443 1473 475 1526 et
503 1458 626 1526 Sidone
662 1457 769 1526 editae
790 1460 931 1550 ‚fuissent
957 1464 1105 1540 virtutes,
1144 1483 1229 1550 quae

88 1561 201 1627 editae
222 1559 354 1626 suntin
374 1558 485 1638 vobis,
511 1559 589 1625 olim
616 1563 650 1626 in
671 1579 767 1626 sacco
790 1571 823 1626 et
845 1564 953 1626 cincre
974 1562 1126 1628 sedentes
1150 1565 1231 1649 egis-

86 1673 161 1728 sent
184 1662 441 1749 poenitentiam.=
470 1661 522 1727 14.
554 1662 773 1728 Veruntamen
796 1661 890 1748 Tyro
920 1671 952 1726 ct
979 1661 1093 1729 Sidoni
1120 1668 1231 1736 reinis-

87 1768 154 1830 sius
165 1767 241 1838 ,crit
261 1765 295 1827 iii
317 1761 446 1840 iudicio,
468 1783 563 1848 quain
584 1761 687 1829 vohis.
731 1763 780 1850 15.Ι
803 1762 845 1828 Et
862 1761 1123 1849 tuCapernaum,
1143 1787 1229 1853 quae

87 1887 193 1952 usque
222 1867 257 1928 in
280 1861 407 1930 coelum
431 1863 565 1930 exaltata
592 1884 641 1943 es,
677 1866 836 1951 usquein
857 1863 1018 1930 infernum
1040 1866 1228 1937 detraheris.

88 1968 136 2030 16.
161 1963 230 2050 Qui
250 1985 311 2030 vos
333 1965 430 2042 audit,
452 1985 502 2031 me
525 1965 630 2032 audit:
652 1975 683 2031 et
705 1968 760 2052 qui
782 1986 842 2030 vos
863 1968 997 2051 spernit,
1019 1989 1070 2034 me
1087 1972 1226 2055 spernit:

86 2070 143 2154 qui
166 2075 274 2132 autem
296 2089 347 2132 ine
369 2071 505 2155 spernit,
526 2071 649 2156 spernit
671 2089 744 2134 eum
766 2071 822 2156 qui
843 2069 927 2133 misit
947 2059 1008 2136 ir'ie.

164 2181 270 2240 Matth.
296 2187 343 2248 20.
383 2173 481 2244 'stac
510 2188 602 2260 coepit
631 2181 820 2260 erpi-odron.
858 2181 953 2244 Lucas
984 2183 1135 2274 exprimi,
1166 2203 1225 2263 quo

88 2271 226 2340 tempore
254 2269 284 2318 et
308 2279 365 2337 qua
390 2259 427 2320 iic
449 2281 533 2325 causa
558 2262 600 2322 sic
620 2261 754 2321 invectus
774 2258 865 2320 fuerit
884 2257 1017 2320 Christus
1036 2281 1067 2319 in
1087 2261 1156 2319 istas
1175 2282 1226 2320 ur-

87 2335 149 2396 bes.
189 2337 308 2418 Nempe
335 2357 424 2416 quum
445 2337 610 2417 discipulos*
629 2337 661 2397 in
681 2337 775 2398 varias
796 2336 924 2397 Iudaeae
944 2346 1042 2415 pai-tes
1062 2337 1226 2418 ablegaret,

88 2413 172 2472 utin
192 2421 362 2476 transcursu
381 2415 554 2474 nuntiarent
573 2414 675 2474 adesse
694 2433 726 2473 re
770 2433 822 2472 um
837 2410 913 2486 Dei,
945 2432 1048 2472 corum
1067 2413 1225 2492 ingratitu-

89 2491 187 2550 dinem
208 2501 360 2570 reputans‚
380 2491 458 2570 apud
473 2511 553 2660 ppos
574 2489 623 2550 diu
642 2491 707 2550 sine
731 2501 816 2549 ructu
828 2487 996 2568 Prophetae
1016 2509 1120 2550 munus
1141 2489 1239 2549 exer?

87 2577 206 2704 dirim,
238 2577 270 2657 et
293 2567 398 2658 multas
423 2567 471 2627 edi
511 2579 557 2627 rat
580 2567 719 2704 rii-tripes,
749 2565 782 2702 {in
796 2565 853 2700 llpas
873 2585 962 2699 vipces
982 2565 1135 2698 piprupit‚
1166 2565 1226 2700 aspi
1284 2578 1287 2586 ’

88 2654 671 2809 ψῒὲᾡῖῗωῗὲᾂὲἰῖᾝέἰέιέἶε
688 2651 1122 2808 ῗεὶιέηὲἶωῖῖῗῶἶῖἷῖῑῑξ
1141 2659 1225 2796 iiie

87 2798 217 2872 meotes,
256 2795 307 2856 ubi
334 2796 527 2882 Evangelium
558 2796 730 2878 praedicare
761 2806 792 2856 et
818 2794 958 2856 meacula
989 2791 1079 2884 edere
1107 2813 1226 2884 exorsus

86 2874 192 2936 fuerat.
233 2873 295 2965 §ed
315 2873 351 2934 dc
371 2874 507 2966 doctrina
519 2885 626 2966 'facem
647 2871 821 3012 exprobrat,
847 2873 928 2952 quod
946 2869 1225 2962 miracubsv'inducti

86 2950 609 3088 itti‘ttslitltttttttit
633 2951 1002 3107 ‘trinitatis
1017 2948 1225 3088 nstitit?

87 3124 139 3164 ries
160 3103 293 3195 inritati
315 3103 398 3195 atqui
419 3125 508 3184 quum
528 3118 631 3166 natura
651 3104 745 3166 aversi
765 3103 826 3164 sint
845 3102 881 3162 ah
903 3070 949 3165 eo,
961 3122 1078 3194 omnes,
1107 3101 1224 3162 initium

86 3192 312 3270 apoenitenua
333 3182 397 3242 fieri
418 3202 538 3242 necesse
559 3193 611 3273 est.
652 3181 803 3244 Chorazin
825 3192 855 3241 et
873 3179 1033 3272 Bethsaida
1053 3177 1140 3240 urbes
1161 3199 1224 3242 esse

87 3257 121 3316 ad
142 3277 238 3398 „iiam
248 3256 340 3425 dicii
358 3256 759 3426 gepeezwiperippussfflppppm
773 3268 924 3409 {huniam
949 3329 1024 3425 Tyri
1048 3343 1079 3394 et
1104 3333 1224 3425 bidonis

86 3409 144 3500 illic
164 3421 292 3500 prpptcr
310 3431 449 3472 viciniam
468 3411 584 3472 infamis
605 3424 669 3472 erat
687 3423 839 3502 impietas,
858 3410 1013 3549 superbia3
1033 3412 1175 3502 luxuries,
1193 3420 1226 3470 et

85 3487 141 3545 aha
160 3499 250 3561 vitia,
282 3487 348 3548 data
369 3507 461 3578 opera
482 3489 557 3550 hanc
577 3499 831 3568 comparationem
850 3489 886 3548 ad
908 3489 969 3556 ucdt
989 3489 1137 3562 Christus,
1163 3505 1231 3568 quo

84 3583 152 3622 suos
178 3562 305 3624 ludaeos
331 3585 377 3623 nia
1129 3565 1136 3579 '

83 3638 327 3730 haberet'l'yrios
339 3583 522 3702 ethidonios
542 3663 598 3722 pro
620 3641 754 3702 nefandis
766 3641 825 3701 Dei
846 3639 1111 3721 contemptoribus.
1138 3641 1223 3728 Ergo

83 3715 322 3777 maledictionem
348 3733 434 3781 suarii
454 3737 516 3777 non
542 3739 646 3798 parum
668 3719 829 3800 amplificat
849 3716 1001 3793 Christus,
1032 3736 1121 3795 quum
1141 3715 1223 3788 dicit,

83 3793 147 3872 plus
166 3795 345 3872 sperandum
371 3795 459 3856 fuisse
486 3794 681 3856 correctionis
707 3795 818 3856 mittis
837 3795 928 3868 locis,
956 3795 986 3853 in
1016 3790 1121 3871 quibus
1141 3789 1222 3880 nulla
1274 3817 1279 3824 ·

83 3881 145 3961 erat
164 3869 291 3952 religio,
309 3890 409 3962 iquain
434 3883 585 3962 appareat·
600 3871 631 3930 in
656 3872 718 3953 ipsa
743 3872 860 3933 iudaea.
906 3873 1065 3932 Caeterum
1090 3886 1129 3926 ne
1156 3887 1221 3945 quis

81 3967 217 4027 spinosas
237 3947 274 4007 de
293 3967 406 4008 arcanis
417 3945 475 4008 Dei
496 3947 611 4038 iudiciis
631 3945 818 4028 quaestiones
837 3943 1222 4081 moveat·tpiippdppipnpisnt,i
1305 3973 1309 3987 ·

80 4025 493 4192 :stewartius
518 4025 978 4192 resiariu-isaurici
1155 4119 1220 4160 a„

80 4176 180 4268 Tyriis
201 4188 232 4239 et
252 4177 398 4269 S.¹‘i⁰¹¹¹¹⁵’
428 4197 489 4269 nou
515 4179 660 4270 disputat,
691 4177 761 4268 quid
788 4177 968 4313 praeviderit
986 4173 1068 4234 Deus
1089 4173 1219 4268 futupurn
1317 4184 1322 4194 '

81 4254 117 4313 de
137 4277 174 4316 iis
194 4253 242 4318 rel
261 4253 328 4329 illis,
347 4255 400 4315 sed
440 4255 491 4314 nid
512 4255 617 4316 facturi
636 4254 749 4316 fuerint
769 4265 866 4330 atem,
886 4264 1029 4342 quatenus
1050 4271 1084 4312 er
1104 4273 1137 4318 re
1157 4273 1220 4343 ipsa

80 4329 195 4410 percipi
228 4334 355 4411 poterat
434 4351 478 4392 ain
526 4331 586 4392 uod
612 4343 670 4402 tam
695 4331 829 4411 corrupti
854 4339 939 4391 erant
964 4329 1081 4388 illarum
1101 4329 1236 4390 urbium„

81 4426 193 4486 mores,
225 4429 259 4469 ac
278 4417 338 4470 tam
363 4406 484 4470 effrenis
506 4353 681 4486 dissolutio,
711 4407 900 4492 ignorantiae
926 4405 1065 4489 imputari
1090 4415 1219 4486 poterat,

410 3585 423 3623 s
450 3571 570 3648 pungat.
610 3565 726 3626 Horum
753 3565 831 3638 eninr
857 3586 947 3625 nemo
973 3576 1052 3638 erat,
1086 3581 1224 3643 quinon
1349 3618 1353 3629 ,
