2764 4854
72 233 75 240 -
154 207 225 272 ³7⁶«
304 163 307 170 ⁴
383 193 598 260 secum„
637 205 770 256 cusum
788 207 969 284 russanen
986 175 1091 256 trous.

161 316 305 416 admoniti
324 348 448 410 illudere
467 367 530 408 non
555 347 733 439 desinerent.
772 337 834 439 ⁸5³
860 345 909 408 hic
928 357 974 410 est
998 345 1120 438 spiritus
1145 347 1279 438 stuporis
1300 360 1328 408 et

161 428 330 512 vertiginis,
345 443 410 518 ‚⁸³9⁰
429 424 511 484 Deus
528 421 678 517 reprobos
697 424 842 500 enebriat,
867 436 1023 504 postquam
1043 424 1095 486 dru
1115 436 1245 514 certarit
1264 446 1329 516 caup
1371 495 1372 498 Ἴ

163 527 266 570 eorum
284 503 403 563 malitia.
442 502 566 562 interim
578 501 729 576 discamus,
749 513 904 591 postquam
917 500 1043 561 Satanae
1056 511 1230 636 praestrgns
1242 501 1330 562 saser-
1371 569 1372 572 Ἴ

163 583 226 644 nati
244 592 321 658 sunt,
341 579 465 661 gloriam
484 578 554 653 Dei,
574 579 766 658 quamtumvis
786 597 945 657 conspicua
966 577 1014 652 sit,
1034 577 1092 638 ilis
1113 597 1181 638 esse
1201 577 1328 638 abscon·
1371 584 1372 606 ¹

166 661 269 722 ditem:
290 657 393 718 saltem
412 653 620 716 obtenebratas
641 675 702 714 esse
723 675 827 716 eorum
845 664 975 728 mentes,
992 665 1029 722 ‚ut
1046 652 1183 716 videndo
1203 675 1270 714 non
1288 656 1330 715 ri-

129 738 264 798 «deme.
303 732 460 793 Caeterum
481 732 547 809 qnia
568 731 714 814 generalis
731 730 779 790 illa
794 731 851 790 l'nit
859 730 1034 802 admonitio,
1054 729 1145 790 nobis
1157 731 1330 822 hodiepro-

166 813 248 872 desse
268 809 369 882 debet,
388 819 421 866 ut
439 809 560 868 sciamus
579 808 763 881 sacrificium,
782 826 842 886 quo
862 828 961 868 sumus
975 808 1075 867 redens
1100 806 1135 879 ti,
1156 827 1223 868 non
1236 829 1331 868 mmo-

166 889 207 949 ris
225 885 368 947 momenti
388 883 475 944 luisse
496 901 582 1021 quam
601 882 626 944 si
645 885 690 946 sol
711 905 727 945 e
748 883 834 944 coelo
855 883 1019 958 cecidisset,
1038 828 1097 946 vel
1108 884 1248 964 collapsa
1265 884 1331 944 inis-

168 977 214 1024 set
231 975 295 1026 tota
314 960 416 1022 mundi
433 981 497 1022 mac
521 961 579 1038 ina.
617 960 663 1022 Ita
684 961 762 1026 enim
783 959 835 1020 liet
853 971 888 1019 ut
905 971 1026 1040 peccata
1045 961 1141 1042 magis
1151 961 1332 1022 horreamus

168 1041 266 1101 Porro
286 1037 367 1118 quod
388 1037 463 1096 hauc
483 1036 553 1097 solis
574 1036 772 1099 delectionem
793 1037 911 1115 quidam
928 1037 965 1097 ad
982 1058 1085 1096 omnes
1106 1037 1215 1096 mundi
1235 1039 1333 1172 plagas

170 1112 437 1188 extendunt,mil1i
458 1123 688 1174 consentaneum
707 1135 776 1174 non
795 1112 921 1175 videtur.
958 1113 1035 1173 Nam
1056 1113 1111 1173 etsi
1133 1114 1233 1173 hoca
1274 1135 1333 1174 uno

170 1205 220 1254 aut
239 1189 332 1251 altero
352 1188 497 1269 scriptore
517 1189 666 1269 proditum
686 1189 752 1263 fuit,
771 1189 867 1270 magis
883 1200 981 1250 tamen
1001 1188 1131 1252 celebris
1145 1190 1204 1249 suit
1217 1191 1332 1252 illorum

170 1281 339 1350 temporum
359 1265 497 1340 historia,
526 1285 612 1357 quam
631 1279 664 1327 ut
681 1266 853 1327 miraculum
871 1277 931 1326 tam
950 1265 1066 1349 insigne
1086 1267 1184 1328 taceri
1204 1269 1335 1358 potuerit

130 1403 132 1411 ,
170 1343 207 1406 ab
229 1345 292 1404 aliis
334 1341 480 1417 ermultis,
500 1364 550 1423 qur
569 1355 704 1404 accurate
745 1341 893 1421 ersequuti
917 1354 1001 1418 sunt,
1027 1354 1103 1422 qnae
1125 1363 1192 1402 non
1214 1357 1257 1403 rta
1275 1365 1332 1404 me-

172 1432 289 1481 moratu
330 1419 398 1502 ‘gna
417 1429 511 1484 erant
549 1419 635 1481 Adde
655 1363 761 1500 quolsi
780 1418 837 1478 toti
856 1418 966 1478 mundo
987 1420 1156 1479 communis
1169 1417 1333 1481 suissetde-

171 1499 275 1572 fectio,
316 1497 363 1556 uia
382 1495 494 1556 credita
513 1494 616 1555 fuisset
635 1494 785 1568 naturalis,
804 1495 918 1554 facilius
938 1495 1091 1557 hominum
1109 1497 1336 1579 sensumlugisa

172 1587 247 1711 sebi
265 1517 336 1708 Sple
357 1583 454 1708 auteqp
471 1571 545 1662 alibi
563 1570 707 1654 fulgente,
726 1571 857 1632 tenebris
879 1571 967 1632 obrui
985 1571 1145 1647 Iudaeam,
1164 1573 1263 1658 magis
1281 1595 1331 1633 no-

439 1671 447 1706 i
481 1671 500 1706 il
531 1693 539 1707 ι

123 1722 126 1730 ’
173 1663 203 1712 la
227 1660 425 1792 limmciiicla
447 1669 551 1786 ᾗτινι
578 1743 687 1786 mnam
714 1717 857 1786 chabod.
897 1721 1076 1805 Quanquam
1106 1728 1252 1806 apparuit
1294 1728 1333 1788 lus

104 1817 106 1830 ·
174 1825 261 1884 quarn
282 1803 422 1862 humanus
446 1803 533 1893 vigor
556 1800 588 1860 in
609 1801 719 1863 Christi
739 1802 883 1876 clamore,
904 1813 1017 1862 certum
1037 1814 1141 1863 tamen
1163 1817 1226 1879 est,
1247 1751 1332 1865 vtile-

173 1877 284 1939 mentia
309 1876 421 1937 doloris
444 1876 488 1937 ills
515 1877 603 1937 luisse
628 1897 802 1957 expressum.
840 1880 881 1938 Et
898 1890 981 1938 certe
1005 1879 1054 1939 hic
1082 1879 1264 1961 praecipuus
1283 1882 1332 1940 luit

176 1955 343 2026 conflictus,
362 1963 393 2012 et
412 1951 548 2013 omnibus
569 1952 631 2012 aliis
651 1954 807 2014 tormentis
828 1953 939 2028 durior,
959 1957 1040 2033 quod
1059 1954 1092 2014 in
1110 1955 1177 2018 suis
1196 1958 1332 2040 angustiis

176 2033 251 2092 adeo
270 2030 380 2089 levatus
401 2049 463 2090 non
483 2040 527 2088 est
545 2028 640 2089 Patris
666 2030 772 2091 auxilio
793 2031 840 2091 vel
860 2031 980 2106 favore,
1006 2042 1040 2090 ut
1058 2050 1092 2092 ae
1114 2034 1330 2112 quodammodo

163 2108 305 2168 alionum
325 2104 475 2166 sentiret.»
495 2105 542 2166 Ne
565 2124 601 2165 ue
621 2107 699 2167 enirn
720 2127 827 2186 corpus
846 2107 941 2167 solum
953 2107 984 2166 in
997 2107 1128 2189 pretinm
1142 2123 1331 2170 nostraecnm

176 2185 245 2245 Deo
266 2180 517 2243 reconciliationis
538 2201 556 2240 o
579 2182 656 2256 tulit,
675 2183 725 2244 sed
738 2183 876 2244 inanima
896 2183 982 2242 etiam
1002 2185 1129 2264 pertulit
1150 2187 1258 2248 debitas
1274 2207 1331 2246 no-

178 2261 224 2322 bis
244 2279 370 2342 poenas:
390 2271 478 2338 atque
498 2258 540 2318 ita
558 2279 628 2319 vere
649 2259 741 2320 iactus
762 2271 806 2320 est
824 2261 880 2318 Vir
899 2259 1047 2336 dolorum,
1066 2261 1148 2324 sicut
1167 2263 1268 2324 lesaias
1287 2263 1332 2323 lo-

178 2337 278 2417 quitur
297 2340 376 2416 (cap.
394 2339 443 2409 63,
461 2335 515 2414 3.).
553 2336 594 2395 Et
611 2350 684 2396 vero
707 2336 794 2396 nimis
819 2335 921 2396 insulsi
944 2347 1027 2412 sunt,
1046 2337 1116 2417 qui,
1143 2339 1201 2400 hac
1225 2341 1332 2400 redem-

178 2414 288 2496 ptionis
308 2423 393 2493 parte
411 2410 590 2490 posthabita,
608 2422 721 2472 tantum
733 2411 763 2471 in
775 2424 896 2472 externo
917 2413 1053 2474 carnissu
1075 2415 1172 2494 plinio
1189 2419 1334 2477 insistunt:

178 2507 247 2550 nam
267 2500 300 2549 ut
318 2508 374 2570 pro
395 2487 481 2548 nobis
501 2487 683 2548 satisfaceret
701 2483 852 2562 Christus,
877 2509 959 2548 reum
978 2489 1016 2549 ad
1067 2491 1095 2551 ei
1120 2491 1257 2554 tribunal
1282 2493 1336 2553 sisti

181 2565 324 2648 oportuit.
362 2562 444 2624 Nihil
462 2575 559 2624 autem
578 2565 670 2646 magis
689 2565 831 2624 horribile
850 2585 936 2644 quam
952 2564 1050 2626 Deum
1062 2569 1187 2629 sentire
1207 2571 1337 2645 indicem,

182 2644 263 2704 euius
288 2643 330 2701 ira
354 2653 466 2701 mortes
490 2660 592 2700 omnes
621 2651 767 2722 superat„
787 2641 870 2732 Ergo
903 2663 991 2722 quum
1022 2643 1139 2734 species
1169 2647 1336 2708 tenutiouis

186 2720 306 2782 Christo
328 2716 445 2778 obiecta
465 2728 519 2792 est,
538 2716 620 2797 quasi
632 2717 700 2778 Deo
711 2717 832 2778 adverso
843 2737 900 2777 ram
912 2730 986 2778 esset
1005 2721 1093 2780 exitio
1115 2723 1257 2800 deuotus,
1276 2724 1338 2784 hor-

183 2816 254 2856 rore
274 2805 427 2874 correptus
452 2804 513 2868 est,
539 2814 597 2871 quo
623 2793 733 2854 centies
761 2792 860 2854 cuncti
884 2795 1022 2856 mortales
1046 2795 1176 2858 inissent
1202 2801 1337 2881 absorpti,
1371 2835 1372 2878 q

183 2874 250 2951 ipse
267 2881 363 2930 antem
383 2869 505 2929 mirifica
525 2867 651 2960 Spiritus
669 2869 778 2930 virtute
802 2870 900 2930 victor
919 2872 1045 2932 emersit„
1069 2873 1152 2958 ¹Nec
1177 2898 1255 2938 vero
1280 2879 1337 2938 litte
1371 2921 1372 2938 ι

183 2950 233 3012 vel
251 2947 394 3007 theatrice
414 2956 606 3024 conqueretur
624 2947 787 3006 seaPatre
806 2940 949 3006 relic'tum.
987 2949 1028 3008 Et
1046 2949 1130 3028 quod
1150 2955 1291 3014 nonnulli
1308 2975 1336 3013 ex
1371 2979 1372 2988 ¹

184 3023 267 3106 vulgi
287 3023 430 3102 opinione
449 3021 491 3081 sic
510 3022 664 3113 loquutum
675 3022 852 3099 obtendunt,
872 3021 1027 3103 insipidum
1040 3039 1087 3085 est
1100 3029 1261 3092 cavillum:
1279 3053 1337 3090 nan

185 3099 311 3160 interior
336 3097 425 3160 animi
450 3098 600 3159 moestitia
614 3098 644 3158 vi
664 3109 694 3159 et
715 3100 820 3159 ardore
844 3119 898 3160 suo
920 3103 1112 3184 eumcoegit
1131 3104 1163 3165 in
1185 3103 1337 3168 clamorem

159 3219 163 3252 ,
187 3195 350 3256 erumpere.
388 3175 454 3234 Nec
472 3183 584 3234 untmn
604 3174 730 3236 ocularis
750 3175 806 3235 luit
829 3175 1010 3256 redemptio,
1038 3199 1094 3258 qua
1123 3181 1285 3244 defunctus
1303 3197 1340 3245 est

186 3259 233 3326 (ut
252 3271 347 3334 nuper
367 3251 439 3330 diri)
468 3250 520 3312 sed
539 3262 572 3310 ut
589 3271 621 3310 se
640 3251 745 3314 vadem
765 3271 820 3331 pro
841 3251 927 3312 nohis
950 3245 1108 3327 obtulerat',
1128 3279 1205 3319 vere
1224 3261 1284 3333 Dei
1302 3263 1340 3320 in-
1371 3259 1372 3282 ¹

186 3327 294 3389 dicium
320 3327 419 3388 subire
457 3346 513 3388 oco
538 3339 642 3387 nostro
665 3327 769 3388 voluit
808 3327 868 3388 Sed
888 3326 1043 3389 absurdum
1062 3332 1201 3412 videtur,
1227 3338 1341 3400 Clariae

186 3405 314 3487 elapsam
334 3423 396 3464 esse
416 3404 628 3483 desperationis
637 3423 750 3466 vocem.
789 3404 1011 3467 Solutioiacilis
1023 3419 1078 3483 est,
1097 3430 1341 3492 quanquamsen-

186 3505 234 3544 sus
254 3479 349 3542 carnis
370 3480 487 3542 exitium
508 3481 754 3560 apprehenderet,
772 3481 855 3540 lixam
875 3491 973 3541 tamen
992 3483 1109 3546 stetisse
1131 3487 1223 3549 iidem
1241 3490 1274 3550 in
1286 3492 1343 3550 eins

187 3559 290 3635 corde,
308 3577 366 3694 qua
385 3557 484 3617 Deum
500 3568 688 3692 praesentem
708 3557 828 3618 intuitus
849 3568 901 3632 est,
921 3559 958 3618 de
972 3560 1053 3620 cuius
1065 3561 1202 3625 absentia
1215 3585 1343 3646 conque-

138 3655 141 3660 ·
187 3635 270 3696 ritur.
339 3634 439 3694 inimus
459 3632 496 3693 ali
521 3633 540 3708 i,
559 3635 710 3712 quomodo
727 3633 830 3694 Deitas
850 3634 947 3694 lorum
967 3637 1087 3698 cesserit
1105 3641 1206 3702 carnis
1225 3643 1345 3703 infirmi-
1371 3645 1372 3704 l

187 3713 252 3786 tati,
272 3723 414 3791 quatenus
433 3709 533 3770 salutis
553 3721 672 3770 nostrae
691 3709 836 3784 interfuit,
855 3722 888 3770 ut
906 3731 1008 3773 omnes
1020 3713 1234 3797 Redemptor'm
1251 3735 1345 3801 partes
1371 3715 1372 3718 ’

143 3817 146 3824 ’
191 3787 324 3849 Christus
342 3786 486 3879 impleret.
525 3785 691 3850 Discrimen
712 3787 799 3847 etiam
818 3788 982 3848 notavimus
1002 3791 1082 3850 inter
1093 3804 1221 3856 naturae
1231 3817 1343 3858 sensnm

190 3877 221 3926 et
238 3864 307 3925 fidei
326 3864 477 3924 notitiam:
525 3882 594 3924 uare
618 3862 694 3922 nihil
719 3863 833 3938 obstat,
863 3863 1020 3944 quominus
1050 3866 1110 3928 Dei
1136 3869 1345 3933 alienatione·

189 3953 288 4002 mente
303 3939 482 4018 ⁸conceperit
501 3883 650 4014 dirutus,
674 3951 765 4031 prout
788 3960 888 4000 seusus
908 3943 1070 4004 communis
1090 3945 1241 4024 dictabat,
1262 3963 1294 4010 et
1310 3949 1344 4009 si-

189 4017 250 4077 mul
270 4017 328 4078 fide
346 4015 608 4098 retiqueritDeum
627 4017 683 4076 sibr
703 4035 765 4077 esse
785 4014 956 4097 propitium.
997 4019 1087 4094 Quod
1106 4023 1180 4083 satis
1200 4025 1283 4086 clare
1299 4047 1345 4106 pa-

191 4103 235 4152 tet
261 4112 295 4153 ex
319 4091 434 4156 duobus
459 4092 660 4172 querimoniae
686 4093 833 4154 membris.
871 4092 948 4154 Nam
972 4108 1128 4174 antequam
1152 4103 1347 4164 tentationem

192 4169 344 4245 exprimat,
365 4166 555 4247 praelaturae
568 4170 605 4228 ad
617 4169 715 4228 Deum
734 4169 825 4229 consu
849 4189 899 4230 ere
919 4182 1056 4252 tanquam
1071 4174 1171 4236 Deum
1191 4197 1292 4254 suum,
1309 4191 1346 4238 at·

194 4262 251 4319 que
271 4243 310 4301 ita
331 4245 357 4304 cl
380 4264 438 4322 peo
460 4244 532 4306 ¹fidei
550 4243 668 4306 fortiter
687 4244 806 4326 repellit
825 4189 918 4320 diam,
961 4269 1014 4310 uae
1033 4268 1064 4310 se
1085 4271 1121 4310 er
1140 4255 1288 4344 opposito
1305 4255 1343 4313 iu-

194 4315 328 4396 gerebat,
348 4267 376 4378 d
385 4319 547 4382 relictionis
566 4322 704 4400 speciem.
743 4321 882 4403 Denique
899 4269 1001 4387 inloe
1021 4325 1087 4389 diro
1108 4341 1246 4392 cruciatu
1255 4331 1345 4392 illaesa
