2768 4856
394 317 398 324 -
466 278 558 341 aun.
583 276 805 340 amxxxrv..
1043 316 1053 352 v,
1132 293 1194 342 ιιιι

50 435 172 524 aesque
196 431 343 492 contro
370 432 581 522 augqstrntan
605 432 716 493 ordinas
742 394 989 514 [munemne
1010 443 1039 488 a
1057 431 1193 514 omma

50 533 91 600 qu
116 511 215 570 nuum
247 519 281 567 et
300 507 431 568 alterum
451 529 509 568 ram
529 529 635 568 aunum
655 507 756 570 favore
775 511 962 569 Navarrenae
987 505 1078 566 adiuti
1097 529 1193 593 nego-

49 601 111 647 tium
131 585 261 648 Cbristi
285 585 322 644 in
347 583 425 644 urbe
443 583 603 664 plurimum
627 595 851 666 promoverant,
882 605 944 646 non
963 583 1056 644 modo
1074 605 1108 644 ex
1125 586 1193 667 pul·
1236 637 1241 653 ,

67 666 103 722 ‘o
120 662 320 736 deturbatis,
349 663 403 721 sed
429 662 519 721 etiam
543 661 574 721 in
594 682 742 723 carcerem
761 662 917 722 coniectis:
947 674 977 722 et
998 679 1068 720 eous
1089 681 1127 722 ne
1146 663 1194 722 in·
1216 669 1219 674 '

81 753 191 800 mata
214 739 361 800 fascinati
376 737 529 798 Francisci
550 738 681 830 regisira
701 738 741 799 ob
761 738 881 798 schedas
921 739 1038 800 easdam
1058 682 1194 804 adversus

51 817 161 877 ilissam
185 837 250 898 per
268 815 379 875 urbem
404 835 519 894 sparsas
543 814 691 894 ipsrusquc
710 815 785 898 regii
805 759 932 876 cubiculi
952 814 1065 875 loribus
1084 817 1193 890 affixas,

52 907 81 952 ut
111 894 221 972 ablica
243 892 369 952 decreta
389 890 623 971 supplicatione,
653 893 700 953 cui
725 913 783 952 una
808 913 874 951 cum
897 891 997 952 liberis
1022 891 1080 952 suis
1099 893 1194 953 tribus

54 991 120 1061 nlo
141 969 251 1050 eapite
272 968 431 1058 ardeptem
452 968 547 1058 facem
566 968 648 1060 quasi
663 968 839 1058 ,expiationis
859 987 944 1030 causa
963 980 1079 1060 gestans
1098 964 1193 1034 interss
1245 1035 1259 1044 U

52 1041 991 1201 itt-”attttztltttlttttlttlttttttltttttttt
1006 1065 1095 1184 :tlt
1110 1057 1193 1184 tit:

53 1201 85 1259 ris
102 1201 228 1280 quidem
250 1198 314 1260 suis
335 1217 503 1276 parsurum,
521 1197 546 1256 si
565 1196 644 1258 sorte
663 1199 819 1258 teterrimis
838 1196 905 1273 illis,
923 1196 1101 1275 utrocabat,
1120 1199 1193 1260 bae-

53 1277 156 1336 resibus
182 1285 294 1336 essent
317 1271 434 1333 iniecti.
480 1273 633 1339 Eiusmodi
657 1295 755 1334 rerum
781 1285 886 1334 statum
905 1275 1022 1336 intuens
1042 1273 1193 1354 Calvinus,

83 1354 133 1414 ulo
152 1363 324 1434 postquam
344 1348 488 1410 Aureliae
504 1348 651 1432 insignem
670 1349 753 1410 illum
771 1349 903 1410 libellum
925 1351 1074 1422 edidisset,
1104 1373 1193 1434 quem

54 1375 365 1510 lipebopannychian
386 1425 537 1516 inscripsit
555 1425 691 1486 adversus
706 1426 826 1487 illorum
840 1445 981 1516 errorem,
1001 1430 1051 1508 qui
1062 1429 1193 1490 dormire

57 1583 234 1663 l'srepetito
257 1578 432 1652 docebant,
462 1580 602 1649 secedere
623 1600 657 1639 ex
677 1579 774 1640 Gallia
794 1579 919 1654 statuit‚'
950 1599 1048 1660 eoque
1069 1581 1193 1642 consilio

55 1679 105 1720 rna
122 1681 194 1719 cunr.
208 1657 284 1732 illo,
305 1655 428 1736 quicum
449 1675 516 1715 enm
535 1655 613 1736 apud
624 1655 788 1718 Sanetonas
801 1655 979 1736 aliquamdiu
997 1655 1098 1718 vixisse
1119 1657 1194 1719 dixi·
1220 1677 1228 1696 ⁸

55 1758 117 1810 urs,
134 1737 193 1796 iter
214 1733 375 1795 Basilcam
395 1751 496 1792 versus
516 1753 570 1812 per
588 1731 810 1816 Lotbariugiam
829 1734 986 1816 ingressus,
1005 1753 1068 1794 non
1087 1736 1194 1815 procul
1270 1773 1279 1786 «

53 1813 118 1872 nbc
134 1813 274 1872 blatensi
294 1809 328 1870 in
349 1808 504 1868 maximam
524 1808 727 1869 difficultatem
746 1809 867 1884 indicit,
904 1809 1022 1870 alterius
1048 1813 1206 1874 exsertis

56 1889 165 1968 pertidia
191 1886 332 1968 pecunia
359 1884 481 1964 utrique
504 1897 652 1966 surrepta,
690 1887 741 1966 qui
764 1885 858 1946 altero
885 1907 918 1946 ex
944 1887 1025 1978 equis
1048 1888 1193 1950 validiore

55 1979 135 2026 strato
153 1977 218 2025 tam
239 1972 376 2043 repente
396 1959 480 2021 sein
500 1962 516 2020 l
553 1983 598 2022 am
618 1961 714 2036 dedit,
743 1973 777 2024 ut
795 1962 977 2043 deprehendi
1000 1963 1083 2024 nullo
1102 1975 1193 2045 pacto

55 2043 194 2122 potuerit,
233 2039 385 2117 berisqne
413 2037 485 2118 ipsis
513 1982 552 2100 ii
582 2039 662 2100 omni
687 2040 793 2101 viatico
818 2039 927 2100 relictis
955 2039 1193 2130 imparatissimis,

57 2121 121 2180 adeo
140 2131 172 2178 ut
192 2117 235 2178 ab
258 2115 363 2176 altero
384 2114 502 2176 demum
521 2115 639 2177 servulo
659 2116 761 2176 decem
780 2127 882 2176 mutuo
902 2117 1193 2274 sumpiuqrcpereqpqqq
1246 2133 1251 2142 ’

58 2272 148 2332 babuit
178 2271 300 2330 amicos
334 2285 466 2329 summos
500 2267 567 2330 illos
598 2267 733 2329 homines
762 2269 914 2330 Simonem
946 2268 1132 2349 Grynaeum,
1161 2282 1193 2330 et

57 2349 278 2430 Woligangum
296 2342 493 2424 Capitonem,
510 2365 631 2482 seseque
651 2343 795 2408 hebraicis
814 2346 904 2406 literis
925 2345 1019 2406 dedit:
1040 2357 1071 2406 et
1089 2365 1194 2426 qnam
1264 2354 1268 2362 '

56 2197 96 2254 m'x
117 2193 344 2276 argentinam,
385 2191 515 2270 indeque
533 2191 676 2252 Basileam
701 2193 899 2273 pervenerint.
943 2193 959 2252 1

58 2427 94 2484 vis
114 2425 208 2485 latere
234 2422 339 2482 modis
364 2419 503 2481 omnibus
525 2419 670 2497 sanaret,
708 2423 740 2482 id
764 2422 845 2504 quod
869 2441 903 2482 er
923 2421 1047 2501 epistola
1067 2424 1192 2501 quadam

60 2502 154 2562 tacut
174 2501 215 2561 ad
238 2519 312 2560 caeru
331 2497 428 2557 altero
447 2506 519 2592 post
534 2519 613 2560 anno
634 2498 701 2558 data
720 2498 829 2577 liquet,
847 2507 945 2557 tamen
965 2499 1053 2558 edere
1073 2509 1192 2560 coactus

62 2577 299 2640 esthristianae
310 2572 481 2656 Religioms
491 2574 726 2649 Institutionem,
745 2593 831 2653 quam
842 2573 968 2646 vocavit,
987 2574 1086 2662 operis
1100 2575 1194 2666 longe
1215 2633 1222 2654 ,

64 2655 163 2716 narmi
184 2653 404 2714 rudimentum.
445 2649 545 2724 Quum
570 2651 660 2714 enim
672 2649 752 2712 illam
777 2649 926 2709 Francisci
949 2667 1027 2728 regas
1047 2650 1193 2714 earnifici-

64 2751 224 2814 maegre
236 2727 356 2788 ferrent
368 2727 513 2787 Germani
531 2726 697 2806 Principes,
737 2725 767 2786 ui
786 2723 953 2809 Evangelio
972 2744 1082 2804 nomen
1101 2726 1193 2787 dede-

61 2822 127 2885 rant,
144 2821 178 2868 et
197 2826 333 2887 quorum
352 2801 404 2863 ille
423 2815 487 2862 tum
507 2804 664 2867 amicitiam
675 2747 832 2878 ambiebat,
852 2802 908 2863 hoe
921 2821 1011 2862 numu
1030 2802 1081 2864 ille
1100 2811 1194 2886 σοφὸν

62 2891 208 2964 pippmn
228 2879 364 2944 auctore
382 2877 546 2941 Guilielmo
565 2880 682 2942 Bellaio
701 2881 843 2964 Langaeo
869 2888 1035 2960 repererat,
1071 2892 1106 2941 ut
1128 2901 1193 2942 sese

62 2961 174 3020 nonnisi
192 2959 227 3018 in
249 2955 477 3036 Anabaptistas,
505 2977 560 3044 pro
580 2956 674 3018 verbo
694 2956 794 3017 divino
813 2978 896 3017 suum
915 2967 1028 3016 tantum
1049 2957 1193 3038 Spiritum

61 3035 216 3112 iactantes,
247 3045 279 3094 et
304 3033 437 3094 omnium
461 3033 682 3114 magistratuum
712 3044 932 3114 contemptores
956 3033 1193 3096 animadvertisse

62 3113 177 3174 diceret.
218 3111 290 3170 Hoc
316 3129 390 3170 vero
415 3109 543 3172 dedecus
567 3129 656 3170 verae
686 3109 824 3192 religioni
848 3110 976 3171 inustum
1005 3130 1068 3169 non
1091 3111 1192 3172 ferens

61 3189 200 3250 Gabinus
221 3187 287 3247 eius
303 3185 417 3246 edendi
436 3184 506 3247 libri
528 3187 714 3248 occasionem
739 3186 876 3267 arripuit,
914 3207 982 3247 meo
1008 3187 1126 3266 quidem
1144 3187 1191 3246 iu-

60 3267 135 3326 ditio
155 3261 419 3342 incomparabilis:
438 3263 536 3328 addita
556 3263 718 3328 excellente
733 3263 770 3322 ad
780 3263 902 3345 regemi
924 3261 1194 3342 sumptaeiatione,

62 3363 145 3420 quam
165 3342 190 3400 si
209 3339 293 3401 sorte
313 3337 435 3418 legisset
454 3337 514 3416 ille,
533 3350 584 3400 aut
601 3359 659 3422 ego
669 3329 859 3400 debementer
874 3285 972 3413 fallu,
991 3351 1041 3398 aut
1051 3359 1192 3423 magnum

61 3429 139 3476 esset
154 3417 200 3476 illi
219 3415 372 3476 meretrici
383 3413 584 3496 Babylonicae
604 3416 734 3476 iamtum
746 3415 850 3476 vulnus
869 3415 1006 3476 illatum.¹
1028 3417 1101 3476 Erat
1112 3417 1191 3478 enim

63 3493 113 3553 ille
135 3513 185 3553 rea
209 3513 275 3554 non
301 3489 403 3571 quales
429 3511 495 3552 eum
520 3503 589 3554 sunt
607 3492 781 3574 consequuti
805 3504 926 3572 postea,
965 3493 1016 3554 sed
1035 3493 1192 3553 acerrimus

62 3591 160 3630 reram
178 3571 363 3644 aestimator,
382 3567 483 3628 iudicii
501 3571 538 3630 ad
558 3567 790 3650 dignoscendum
810 3589 910 3630 verum
929 3590 991 3630 non
1011 3569 1105 3660 parvi,
1123 3589 1191 3628 eru-

55 1509 189 1566 seinnctas
213 1526 233 1564 a
254 1501 442 1583 corporibus
466 1523 577 1562 ammas
597 1521 701 1563 errore
722 1523 738 1563 a
756 1503 1071 1584 vetustissimas-usque
1091 1525 1194 1566 saecu·-
1237 1535 1241 1542 ·
1292 1545 1300 1562 .

62 3647 189 3707 diturum
217 3645 335 3722 fautor,
366 3663 465 3724 neque
489 3667 543 3724 per
565 3665 597 3706 se
622 3664 638 3704 a
663 3643 750 3706 uobis
774 3644 895 3706 alienus.
922 3643 998 3708 .Se'd
1017 3645 1099 3706 rllnm
1119 3644 1193 3704 lraee
1291 3641 1295 3655 ¹

62 3725 179 3799 audire,
210 3723 325 3783 nedum
343 3721 464 3803 legere,
494 3741 590 3803 neque
610 3721 715 3802 populi
734 3721 858 3796 Gallici,
877 3743 974 3803 neque
993 3723 1082 3812 ipsius
1100 3720 1192 3802 Regis

83 3811 183 3862 cecata
201 3819 287 3880 passa
306 3809 387 3871 sunt,
406 3797 512 3877 quibus
530 3800 574 3859 ira
589 3797 649 3858 Dei
668 3798 727 3858 iam
745 3809 807 3857 tum
826 3819 881 3878 pro
903 3799 992 3879 inqua
1011 3797 1192 3856 imminebat.

75 3879 85 3888 '
110 3877 153 3936 'to
170 3877 234 3936 boc
251 3875 331 3935 libro
353 3895 405 3934 sua
444 3894 465 3933 e
483 3874 574 3936 veluti
593 3873 732 3956 praestita
751 3876 863 4008 patriae
882 3821 952 3950 lde,
972 3874 1127 3936 Calv'mum
1146 3874 1191 3933 vi-

63 3954 170 4014 sendae
189 3949 390 4012 ferrariensis
433 3951 551 4026 missae,
570 3950 749 4012 Ludovicill
767 3952 791 4009 Ι.
804 3952 986 4013 Francorum
995 3950 1085 4034 Regis
1103 3949 1192 4024 filiae,

66 4029 146 4089 cuins
162 4041 227 4090 tum
242 4029 342 4122 pietas
363 4025 578 4101 celebrabatur,
597 4027 739 4118 simulque
759 4029 861 4088 Italiae
879 4026 970 4088 veluti
989 4026 1094 4107 procul
1112 4027 1191 4088 salu-

66 4106 169 4165 tandae
187 4103 369 4168 desrderinm
389 4102 514 4164 incessit.
553 4104 637 4166 Illam
657 4105 747 4186 igitur
765 4105 852 4180 vidit,
881 4103 1024 4182 simulque
1050 4116 1190 4184 quantum

64 4181 94 4240 id
120 4181 196 4244 illum
221 4183 324 4246 iacere
346 4199 490 4272 praeseus
514 4199 611 4241 rerum
635 4193 724 4241 status
750 4181 878 4256 sinebat,
898 4180 941 4238 'in
971 4200 1043 4240 vero
1072 4181 1191 4315 pietatis

63 4259 159 4319 studio
177 4261 385 4333 confinnavrt,
423 4267 455 4316 ut
479 4277 546 4317 eum
570 4269 672 4337 postea
691 4257 788 4317 vivum
811 4277 926 4336 semper
945 4257 1032 4316 unice
1051 4256 1194 4328 drexerit,

62 4353 97 4394 ae
114 4357 193 4399 nanc
254 4357 337 4418 oque
357 4345 505 4471 superstes
523 4346 623 4416 gratae
641 4334 673 4392 in
693 4333 862 4395 defunctum
872 4332 1031 4394 memoriae
1043 4334 1192 4413 specimen

64 4412 129 4474 edat
147 4413 213 4478 lucu
225 4427 343 4486 ennam,
414 4421 542 4472 aeterum
562 4430 596 4472 ea
614 4409 714 4488 Italia,
738 4410 868 4479 inanius
886 4411 960 4469 lines
978 4408 1191 4488 seiugressum

329 4577 341 4610 t
