2764 4854
149 227 156 234 .
246 337 249 346 A
330 249 424 336 (w.
451 245 585 308 Christus
606 247 759 310 damnatur
778 259 808 309 et
826 247 1004 328 abducitur.)
1165 255 1243 318 '357

115 453 118 462 .
160 397 232 464 Luc.
257 406 304 466 16.
352 401 529 477 catagam
551 421 621 478 wgo
644 399 792 463 damur
831 401 865 462 Si
895 401 975 484 quod
1005 403 1070 462 leve
1102 402 1239 464 delictum

84 477 239 540 admissum
258 487 321 537 erat
341 475 452 557 absque
473 477 595 538 crimine
615 479 744 558 capitali,
764 499 830 538 eum
851 477 900 558 qui
921 479 1085 560 deliquerat
1103 479 1239 539 solebant

85 554 214 616 Romani
238 553 385 634 praesides
403 553 493 636 virgis
513 554 650 615 caedere:
677 565 766 645 atque
790 555 847 614 hoc
872 575 988 634 poenae
1012 576 1105 636 genus
1130 555 1238 615 dictum

84 631 142 692 luit
160 630 303 692 coerctio.
328 630 375 690 lni
398 650 434 690 ue
455 650 528 712 ergo
542 629 662 706 Pilatus,
681 653 732 710 qm
754 630 902 692 Christum
922 631 958 690 ab
980 631 1061 692 omni
1081 631 1166 712 culpa
1186 632 1238 692 ab·

82 709 211 782 solvens,
231 705 312 786 quasi
332 651 489 767 mediocris
508 706 608 785 delicu'
627 708 796 790 convictum
837 708 921 770 unhc
939 709 1011 768 vult
1035 709 1140 787 Neque
1160 709 1239 768 enim

83 785 178 845 solum
198 794 335 857 testatur,
363 781 475 841 nullum
494 803 526 844 se
546 783 657 844 crimen
682 795 780 844 morte
829 804 919 864 gnum
940 784 970 842 in
993 805 1029 846 eo
1050 785 1261 866 comperisse„

82 862 134 921 sed
155 859 217 922 eius
235 857 435 922 innocentiam
454 859 565 939 absque
585 860 758 941 exceptione
778 859 888 920 asserit.
928 860 990 920 Cur
1010 881 1082 942 ergo
1098 883 1164 922 eum
1184 863 1240 922 lla-

81 935 207 1020 gellat'r'¹
231 935 293 996 Sed
312 935 352 996 ita
371 935 471 996 solent
488 936 600 996 terreni
620 937 769 1010 homines,
796 957 869 1017 quos
888 937 947 997 Dei
967 937 1094 1018 Spiritus
1113 939 1144 1000 in
1165 959 1238 999 cona
1309 997 1312 1006 ,

81 1013 171 1074 stanti
191 1011 265 1074 recti
283 1012 380 1071 studio
401 1033 463 1072 non
483 1013 648 1084 confirmat,
667 1013 780 1074 etiamsi
795 1013 971 1092 aequitatem
991 1015 1089 1075 colere
1108 1015 1238 1094 cupiant,

81 1089 119 1150 ad
138 1089 268 1150 modicas
287 1087 407 1149 iniurias
427 1089 522 1150 coacti
541 1089 708 1150 deflectere.
743 1089 807 1148 Nec
826 1091 917 1150 modo
939 1091 994 1151 hoc
1013 1089 1069 1151 sibi
1089 1113 1144 1170 pro
1165 1092 1236 1152 iusta

82 1165 271 1226 excusatione
290 1165 418 1239 ducunt,
441 1164 522 1243 quod
541 1187 603 1226 non
623 1165 788 1248 gravissime
808 1167 973 1245 peccarint,
993 1169 1044 1226 sed
1065 1189 1098 1227 ex
1118 1189 1155 1227 eo
1176 1167 1238 1226 tle-

81 1242 209 1304 urentiae
228 1241 343 1304 laudem
362 1241 419 1301 sibi
438 1251 595 1324 arrogant,
613 1243 694 1321 quod
714 1243 901 1322 pepercerint
920 1243 1015 1324 aliqua
1035 1265 1068 1304 ex
1089 1256 1171 1333 parte
1191 1245 1238 1302 in-

81 1319 186 1379 noxiis.
225 1317 342 1378 Interea
357 1338 420 1378 non
432 1329 581 1398 reputant,
601 1319 730 1411 quamvis
750 1318 825 1378 absit
844 1333 970 1379 extrema
990 1321 1156 1394 crudelitas,
1175 1341 1238 1380 non
1358 1371 1362 1384 .

81 1393 169 1456 aliter
186 1395 275 1478 virgis
296 1415 383 1474 quam
402 1393 497 1454 securi
515 1394 619 1456 violari
638 1394 786 1470 iustitiam,
807 1416 881 1475 quae
901 1396 1059 1474 pretiosior
1078 1410 1122 1456 est
1141 1395 1249 1456 homi-¹

80 1493 152 1532 num
170 1470 239 1536 vita.
279 1471 371 1546 Quod
389 1471 426 1531 ad
444 1469 552 1531 Filium
570 1469 629 1532 Dei
648 1483 776 1552 spectat,
806 1472 865 1532 hoc
883 1473 972 1532 modo
993 1473 1140 1546 dimissus,
1165 1493 1238 1553 pro-
1311 1503 1321 1516 ·

32 1557 36 1565 “
80 1547 168 1608 bruna
186 1548 341 1629 virgarum,
352 1545 414 1607 sine
433 1545 533 1608 salutis
552 1559 670 1608 nostrae
690 1547 826 1627 proiectu
844 1569 943 1609 secum
953 1548 1077 1609 tulisset:
1097 1549 1128 1608 in
1149 1570 1236 1610 cruce

79 1645 165 1700 vero,
184 1645 246 1684 non
266 1645 349 1686 secus
369 1634 456 1702 atque
475 1623 506 1683 in
526 1622 682 1705 splendido
703 1645 800 1699 curru,
821 1625 857 1684 de
869 1625 1001 1686 hostibus
1016 1621 1074 1685 suis
1085 1647 1119 1685 ac
1130 1626 1238 1686 nostris

79 1700 277 1781 triumpharit.
326 1699 447 1760 Utinam
472 1720 544 1760 vero
569 1721 631 1760 non
656 1699 753 1760 multis
778 1699 865 1760 hodie
885 1701 985 1761 Pilatis
1009 1701 1135 1762 refertus
1160 1713 1236 1761 esset

78 1779 214 1838 mundus.
253 1775 315 1837 Sed
338 1777 417 1837 idem
440 1775 569 1838 videmus
588 1777 619 1836 in
638 1775 778 1837 membris
797 1775 957 1858 compleri,
986 1779 1066 1857 quod
1090 1777 1238 1858 incapite
1288 1847 1290 1856 A

83 1865 224 1935 coeptum
249 1863 301 1914 est.
344 1852 456 1914 Eadem
477 1874 534 1933 qua
551 1852 667 1914 Judaici
692 1852 865 1914 sacerdotes
883 1853 1001 1915 saeuitia
1026 1853 1174 1916 Christum
1201 1855 1238 1913 ad

81 1941 209 1991 mortem
228 1930 402 2010 raptandum
422 1949 484 1990 esse
497 1929 668 2004 clamarunt,
688 1930 753 2009 pios
774 1929 835 1990 eius
853 1951 952 1992 servos
972 1929 1158 2010 persequitur
1176 1930 1237 1991 ele-

80 2028 130 2068 rus
149 2005 270 2087 papalis.
294 2005 380 2065 hlulti
399 2005 516 2086 quidem
537 2028 570 2067 ex
589 2006 732 2066 indicibus
750 2005 932 2068 voluntarios
947 2027 978 2067 se
989 2007 1138 2067 carnifices
1149 2029 1236 2087 prae·

82 2081 156 2144 bent
168 2081 390 2146 eoruml'urori:
409 2083 461 2144 sed
479 2083 547 2162 quia
566 2083 729 2143 abhorrent
748 2103 764 2142 a
783 2083 925 2164 sanguine
945 2083 1107 2155 lundendo,
1128 2097 1159 2142 ut
1179 2083 1237 2144 eri-

81 2160 166 2238 piant
183 2159 317 2219 bomines
337 2158 471 2219 innoxios
491 2169 633 2232 ammte,
654 2158 801 2218 Christum
822 2159 915 2237 ipsum
936 2159 1066 2236 (unicam
1076 2159 1136 2219 Dei
1154 2159 1238 2218 iusti-

81 2235 170 2314 tiam)
189 2233 349 2316 flagellant.
386 2233 471 2308 ¹Quid
491 2235 568 2292 enim
589 2233 666 2292 aliud
687 2244 741 2306 est,
760 2233 819 2292 Dei
839 2235 966 2294 cultores
986 2233 1173 2294 redimendae
1192 2235 1237 2295 vi-

81 2323 130 2373 tae
151 2331 235 2372 causa
255 2311 291 2370 ad
311 2309 466 2398 Evangelii
486 2308 716 2388 abnegationem
735 2329 855 2388 cogere,
874 2329 960 2388 quam
979 2308 1126 2390 virgarum
1146 2311 1237 2370 dede-

82 2387 147 2448 cori
173 2384 318 2446 subiicere
345 2384 454 2445 Christi
475 2385 603 2444 nomen?
627 2384 745 2443 Interea
763 2383 890 2444 bostium
911 2385 971 2444 eins
990 2385 1160 2446 uiolentiam
1180 2385 1236 2446 ob-

80 2463 223 2524 tendunt:
284 2459 344 2519 nasi
367 2460 424 2520 hoc
450 2459 552 2520 colore
578 2459 673 2539 probe
698 2471 815 2542 tegatur
839 2461 951 2540 perlida
971 2482 1071 2522 eorum
1092 2461 1239 2538 timiditas,

82 2559 170 2620 quae,
189 2535 263 2597 siin
301 2534 372 2595 ilato
393 2555 454 2596 non
475 2534 531 2596 luit
550 2535 875 2608 excusabilis,summam
888 2538 918 2596 in
932 2537 1001 2616 ipsis
1012 2537 1236 2600 detestationem

81 2625 221 2676 meretur.
261 2613 419 2674 Caeterum
439 2633 605 2692 quanquam
625 2611 682 2672 hoc
701 2623 891 2694 praetereunt
909 2622 968 2673 tres
988 2615 1080 2672 nostri
1099 2617 1235 2694 Evange-

82 2693 177 2766 listae,
197 2711 231 2750 ex
241 2689 355 2750 Ioanne
365 2699 461 2748 manen
475 2701 598 2763 constat,
618 2687 707 2769 virgis
726 2711 839 2750 caesum
861 2689 947 2750 luisse
968 2687 1128 2764 Christum,
1148 2711 1236 2780 quum

7 2817 8 2820 ,
80 2769 178 2830 adhuc
198 2767 234 2828 de
253 2765 393 2826 servanda
418 2765 479 2825 eius
503 2763 562 2826 vita
582 2766 776 2826 contenderet
795 2765 919 2840 Pilatus,
950 2777 982 2824 nt
1005 2767 1164 2827 srectacuh
1184 2767 1237 2826 de-

7 2887 9 2894 >
81 2843 215 2906 tornius
234 2862 274 2924 po
298 2841 339 2901 uli
357 2842 468 2902 rabiem
489 2839 631 2922 placaret:
661 2841 746 2902 simul
768 2853 866 2906 tamen
894 2842 1005 2903 addidit
1022 2789 1156 2904 lloannes
1181 2842 1236 2902 im·

7 2943 9 2968 1
82 2920 258 3004 placabilem
277 2863 381 2996 luisse,
406 2919 502 2980 donec
523 2918 680 2981 exstinctus
699 2930 776 2980 esset
793 2919 869 2982 ritae
889 2930 1000 2982 auctor.

7 3261 8 3340 }
84 3311 87 3318 ,
185 3251 289 3330 (209.)
330 3251 500 3318 ΜΑΤῚῊ.
526 3251 655 3314 xxvtt.
701 3249 752 3314 24.
797 3250 919 3316 Videns
961 3260 1066 3316 autern
1108 3245 1238 3327 Pilatus,

83 3352 174 3439 quod
195 3351 276 3418 nibil
297 3353 486 3440 proliceret,
506 3352 565 3418 sed
587 3354 685 3438 magis
705 3351 857 3418 tumultus
877 3353 979 3434 lieret,
999 3365 1130 3440 accepta
1151 3374 1236 3438 aqua

7 3483 9 3514 ε
84 3455 187 3521 abluit
213 3477 325 3522 manus
351 3477 459 3522 eoram
488 3455 626 3543 populo,
668 3456 794 3534 dicens,
833 3459 993 3522 brnocens
1027 3478 1087 3541 ego
1119 3477 1188 3519 sum
1216 3477 1236 3518 a

7 3589 8 3592 ¹
82 3561 238 3645 sanguine
263 3558 359 3624 buius
386 3561 474 3624 iusti:
503 3579 563 3624 vos
589 3558 743 3623 videritis.
793 3561 844 3625 25.
877 3559 918 3624 Et
943 3558 1145 3644 respondens
1165 3560 1236 3623 uui·

82 3683 196 3728 versus
216 3660 357 3748 populus
379 3660 471 3739 dixit,
504 3662 639 3748 Sanguis
653 3644 735 3725 ¹eius
761 3682 859 3748 super
885 3683 947 3728 nos
974 3672 1006 3726 et
1030 3679 1128 3745 super
1148 3658 1236 3725 lilios

83 3777 220 3834 nostros
261 3766 313 3830 26.
339 3763 434 3829 Tunc
461 3763 580 3830 dimisit
608 3762 890 3850 illisBarabbamr
923 3764 1025 3854 lesum
1052 3771 1158 3826 autem
1179 3761 1236 3826 ssa-

7 3947 10 3962 ·
83 3865 235 3951 gellatum
261 3865 408 3946 tradidit,
438 3878 473 3934 ut
499 3867 747 3952 crucifigeretur.
794 3869 845 3932 27.
878 3868 973 3932 Tunc
998 3863 1115 3930 milites
1141 3865 1237 3930 Prac-

7 4025 9 4032 s
83 3969 161 4036 sidia
181 3973 392 4057 suscipientes
410 3971 515 4036 Iesum
536 3972 570 4034 in
592 3971 774 4050 Praetorio,
805 3979 1080 4051 congregaverunt
1100 3966 1140 4032 ad
1162 3989 1236 4034 oum

7 4111 9 4128 r
84 4075 264 4138 universam
286 4071 460 4136 cohortem.
523 4073 574 4136 28.
600 4069 648 4136 'ttt
675 4093 773 4156 quum
799 4071 958 4136 exuissent
984 4091 1071 4150 eum,
1103 4074 1237 4138 circum·

85 4173 244 4242 dedorunt
266 4179 298 4239 ei
318 4172 519 4258 chlamydem
541 4178 733 4239 coccineam.
774 4174 824 4238 29.
856 4173 899 4238 Et
924 4193 1076 4238 coronam
1104 4171 1146 4239 de
1172 4176 1235 4259 spi·

7 4279 9 4362 ζ
84 4276 134 4339 nis
161 4287 338 4343 contextam
368 4279 589 4362 imposuerunt
612 4299 710 4362 super
738 4285 832 4360 caput
859 4276 942 4354 eius,
986 4285 1018 4341 et
1045 4275 1234 4364 arundinem

7 4405 12 4440 r
84 4377 118 4444 iu
139 4375 247 4447 dextra
268 4382 351 4448 eius:
385 4392 418 4448 et
438 4401 523 4467 genu
546 4379 633 4446 llero
657 4387 731 4446 aute
753 4399 825 4445 etun
846 4377 1028 4446 illudebant
1049 4382 1095 4460 ci,
1126 4380 1233 4446 dieen-
