2764 4846
137 233 141 247 '
190 272 250 319 m
498 255 704 322 semrom
722 257 1022 322 nsmcaruam
1116 280 1117 289 κ

192 435 264 482 cnm
288 433 477 502 progressus
503 412 623 482 iaciant
654 414 709 482 vel
733 403 845 482 saltem
877 415 1017 484 airndem
1048 393 1226 504 sequantur
1255 435 1339 479 cur·
1376 405 1377 418 ¹

95 557 98 562 ·
126 547 130 556 0
192 532 286 582 sumt»
312 514 429 601 Neque
450 526 556 582 tamen
583 518 725 600 omnium
747 515 865 604 quibus
887 515 1043 582 excellitis
1063 519 1216 582 virtutum
1240 526 1338 582 eata-

116 693 119 698 ,
193 614 302 702 logum
329 626 437 682 texere
464 615 542 682 mihi
566 620 765 703 propositum
795 627 857 693 est,
885 616 1062 682 sedunam
1084 618 1337 704 inpraesentia
1376 673 1377 682 ,

193 715 327 782 laudare
348 715 496 796 sufficiet,
519 739 607 804 quae
624 739 675 782 me
697 729 730 782 et
750 717 932 804 complures
955 717 1078 785 Christi
1098 739 1210 784 servus
1232 721 1337 805 quasi

195 819 354 882 sanctiore
375 816 506 884 vinculo
528 816 623 884 vobis
651 817 802 884 devinxit.
843 819 995 904 Magnum
1020 817 1102 884 illud
1131 819 1207 898 luit,
1237 817 1340 906 quud
1376 839 1377 848 ¹

77 971 86 988 s
195 929 269 984 ante
291 918 544 1005 quinquennium
566 917 714 984 horribili
742 929 865 986 terrore
887 923 1003 1007 passim
1026 917 1177 986 omnihus
1197 923 1339 1000 iniecto,
1376 939 1377 962 ι

194 1041 291 1105 quum
332 1028 365 1083 et
393 1017 595 1085 Germanicis
628 1018 783 1086 Ecclesiis
823 1023 971 1086 miseram
1012 1019 1255 1106 dissipationem
1299 1031 1339 1088 et

192 1117 372 1202 Evangelio
393 1122 555 1184 interitum
583 1141 688 1206 prope
715 1123 915 1188 minitaretur
943 1133 1074 1237 accepta
1104 1121 1226 1202 clades,
1270 1145 1337 1188 vos

194 1218 235 1290 ad
257 1223 377 1314 primus
398 1237 563 1308 quosque
571 1219 710 1304 telorum
736 1223 855 1290 iaetus·
866 1225 1019 1309 expositi,
1059 1225 1094 1316 iu
1123 1220 1227 1288 libera
1248 1222 1343 1290 fidei·

193 1319 400 1387 confessione
425 1335 503 1386 tuuc
528 1320 640 1388 valde
648 1314 762 1400 odiosa
789 1321 874 1425 lirini
892 1324 1040 1403 stetistis,
1082 1345 1121 1392 ac
1143 1334 1338 1388 constanter

192 1399 368 1488 retinuistis
394 1444 488 1509 quam
516 1425 612 1487 eratis
621 1413 776 1524 amplexi
803 1415 960 1489 sinceram
987 1425 1115 1510 pietatis
1139 1423 1337 1502 doctrinam,

104 1541 112 1548 ·
193 1531 230 1586 ut
250 1520 347 1588 lacile
369 1533 545 1610 constaret
585 1520 681 1600 vobis
705 1525 791 1588 iuter
815 1546 956 1592 summas
977 1547 1068 1590 curas
1090 1534 1122 1592 et
1145 1524 1335 1590 discrimina

193 1622 393 1710 nihilpluris
413 1645 492 1701 esse,
513 1645 608 1710 quum
629 1625 766 1690 militare
785 1620 846 1690 sub
860 1623 982 1690 Christi
1004 1617 1131 1690 vexillo.
1175 1623 1241 1690 Sed
1263 1623 1334 1690 hoe

193 1723 292 1808 magis
314 1722 356 1788 ad
376 1727 563 1790 memoriam
584 1729 723 1812 insigne,
765 1726 854 1812 quod
883 1747 950 1790 nou
973 1725 1071 1792 modo
1093 1730 1177 1791 inter
1198 1747 1257 1791 vos
1279 1725 1334 1791 lo-

192 1829 276 1890 vetis
301 1847 443 1946 purum).
437 1825 508 1900 Dei
530 1825 665 1906 cultum,
703 1809 902 1912 fidelemque
929 1847 1076 1912 operam
1089 1825 1186 1904 datis,
1228 1835 1265 1890 ut
1291 1847 1333 1892 se

193 1929 307 1991 vestri
320 1924 407 1991 cilios
432 1901 519 1992 inter
545 1927 672 2010 Christi,
692 1939 783 2014 septa
817 1931 1019 2006 contineant,
1049 1925 1118 1991 sed
1153 1925 1332 2020 dissipatae

193 2026 361 2094 Ecclesiae
382 2025 537 2116 reliquias
558 2026 689 2096 aliunde
712 2027 874 2116 expulsas
880 2023 1031 2114 tanquam
1052 2026 1172 2094 lacera
1182 2015 1332 2092 membra

59 2157 63 2162 ’
169 2127 352 2212 colligitis.
388 2129 466 2195 Hoc
492 2117 580 2195 certe
606 2141 640 2196 ut
667 2133 700 2196 in
729 2129 828 2218 rpbus
854 2126 994 2194 acerbis
1014 2147 1082 2195 non
1109 2151 1221 2216 parum
1249 2127 1332 2193 mihi

195 2229 299 2296 attulit
326 2229 448 2310 solatii,
488 2247 602 2319 quum
614 2231 774 2310 audirem,
816 2232 890 2316 pios
916 2229 981 2296 Dei
1008 2229 1165 2322 cultores,
1207 2223 1263 2315 qui
1289 2251 1332 2294 ex

192 2329 312 2416 Anglia
338 2330 468 2420 prulugi
495 2342 528 2398 et
555 2331 639 2398 aliis
651 2331 798 2419 partibus
825 2329 1042 2410 advenerant,
1082 2333 1154 2396 istic
1173 2313 1331 2416 benignu

193 2431 294 2498 iuisae
319 2432 462 2519 hospitio
489 2443 656 2519 exceptos,
695 2431 931 2520 usquemodo
959 2435 1040 2501 tristi
1069 2451 1181 2504 eurum
1211 2429 1329 2496 exsilio

154 2567 157 2572 ·
190 2544 321 2620 portum
344 2553 415 2600 esse
437 2533 559 2614 datum,
591 2536 651 2601 sed
677 2539 795 2600 iustum
817 2552 948 2619 quoque
973 2531 1132 2599 honorem
1152 2530 1238 2596 Filio
1260 2531 1329 2598 Dei

193 2633 294 2699 luisse
315 2633 472 2714 habitum,
511 2645 546 2701 ut
573 2637 613 2701 in
635 2635 718 2702 urbe
745 2644 852 2702 vestra
880 2637 951 2698 eius
972 2631 1181 2719 Evangelium
1209 2633 1329 2722 linguis

194 2735 493 2820 exterispersunet.
534 2737 612 2802 Non
639 2735 793 2810 absimilis
813 2749 919 2820 nuper
940 2731 1089 2818 'ligurini
1110 2733 1248 2800 Senatus
1269 2735 1330 2801 hu-

157 2860 170 2908 s
193 2837 328 2904 manitas
350 2857 425 2921 erga
446 2840 580 2909 miseros
595 2839 820 2906 Locarneuses
842 2835 964 2911 enituit,
985 2833 1104 2920 quihus
1125 2855 1191 2902 uon
1214 2833 1327 2902 urbem

92 2957 99 2968 ¹
191 2933 293 3006 modo
320 2957 408 3001 suam
435 2939 588 3024 patelecit
619 2940 711 3025 (quia
739 2937 829 3003 dumi
854 2933 1018 3001 Christum
1047 2957 1086 3000 ex
1120 2941 1217 3004 animi
1244 2949 1327 3006 voto

195 3034 305 3101 colere
326 3057 394 3102 nou
414 3037 566 3119 licebat),
587 3039 668 3104 'sed
688 3037 842 3124 templum
862 3057 993 3125 quoque
1015 3037 1173 3117 attribuit,
1188 3041 1238 3104 ¹iu
1259 3060 1326 3126 qun

194 3159 302 3209 sacros
323 3159 399 3206 suos
422 3150 600 3206 conventus
620 3138 770 3215 habeant,
792 3159 854 3205 nec
876 3159 933 3203 eus
955 3139 1114 3206 deterruit
1129 3137 1257 3224 liuguae
1272 3139 1327 3208 'di-

174 3243 343 3320 ·versitas‚
375 3243 452 3330 quin
474 3237 638 3306 Christum
660 3240 747 3327 apud
769 3261 805 3305 se
827 3238 936 3320 ltalice
958 3261 1091 3328 quoque
1117 3241 1211 3331 loqui
1231 3263 1327 3328 oupe-

194 3353 274 3408 rent.
317 3341 363 3408 Ut
384 3354 489 3408 autem
511 3341 633 3410 advos
654 3351 807 3420 revertar,
829 3361 889 3426 ego
902 3341 1036 3408 simulac
1050 3343 1179 3430 linguae
1196 3355 1325 3410 nostras

195 3440 379 3512 hominihus
388 3453 494 3508 vestra
514 3442 711 3508 humanitate
732 3445 919 3529 permissum
942 3463 1013 3510 esse
1028 3444 1146 3523 audivi,
1167 3456 1202 3510 ut
1224 3445 1327 3511 eccle·

196 3546 274 3610 siam
294 3547 366 3610 istic
385 3546 598 3634 instituerent,
619 3546 766 3630 privatim
787 3565 838 3611 me
858 3542 953 3611 vohis
975 3541 1164 3611 obstrictum
1177 3547 1326 3626 sentiens,

195 3644 259 3710 hoo
278 3665 427 3724 munere,
441 3661 444 3672 ’
458 3643 548 3732 quud
573 3665 662 3710 nunc
689 3645 810 3722 ollero,
839 3663 941 3710 meam
963 3647 1189 3734 gratitudinem
1211 3659 1326 3728 testan-

196 3743 269 3830 dam
297 3747 417 3814 censui.
462 3746 544 3812 Nam
579 3757 615 3811 ut
646 3748 762 3814 merito
790 3745 943 3812 deflenda
970 3751 1073 3832 gentis
1094 3759 1224 3814 nostrae
1252 3769 1326 3816 con-

195 3845 277 3913 ditio
304 3855 367 3926 est,
408 3848 461 3911 cui
487 3845 532 3915 ub
558 3847 745 3935 sacrilegam
772 3848 908 3934 Pepatu's
934 3847 1141 3936 tyrannidem
1169 3845 1325 3916 habitatio

132 4019 134 4025 ,
180 3951 317 4042 'patriae
339 3943 484 4020 exsilium
505 3949 575 4014 fere
597 3960 687 4016 esta
707 3971 808 4036 regnu
829 3949 911 4030 Dei,
952 3953 997 4014 lta
1017 3951 1156 4016 vicissim
1182 3971 1254 4016 non
1272 3973 1325 4038 pa-

194 4071 264 4118 rum
285 4051 389 4128 iuvat,
409 4052 443 4116 in
464 4049 572 4118 alieno
593 4050 666 4118 solo
691 4049 829 4138 aliquam
851 4050 921 4116 dari
942 4042 1126 4131 statidnem,
1147 4049 1209 4118 nbi
1226 4051 1325 4140 legiti-

194 4171 279 4214 mum
297 4149 372 4215 Deo
395 4150 513 4220 cultum
542 4163 714 4240 praestent.
763 4154 852 4218 llaec
874 4161 961 4218 certe
988 4164 1097 4218 sancta
1119 4144 1324 4240 hospitalitas,

193 4271 261 4316 non
282 4261 344 4316 tam
365 4251 550 4321 hominihus
571 4275 672 4372 quam
685 4258 749 4342 ipsi
771 4255 902 4322 Christo
925 4251 1050 4331 oblata,
1081 4263 1140 4321 vtis
1168 4263 1230 4324 iam
1251 4275 1323 4340 pro·

196 4371 293 4440 spero
315 4363 401 4427 statu
420 4353 575 4428 tloreutes
588 4353 690 4427 novis
712 4359 763 4436 (ut
783 4359 898 4449 spero)
913 4355 979 4424 Dei
999 4354 1168 4428 beneficiis
1190 4355 1322 4435 ornabit,

27 4485 44 4518 Χ

996 4558 998 4566 ’
1006 4547 1013 4588 t
