2766 4834
382 253 535 379 (pp-pp,
567 291 716 358 Simeonis
735 295 926 378 propina.)
951 374 955 382 ¹
1139 235 1154 396 '¹
1176 298 1215 365 ⁷7

64 451 196 526 solatio,
218 469 297 532 qnae
318 471 384 512 reni
405 449 504 513 sensui
522 461 626 510 nostro
647 439 779 510 odiosam
798 451 928 534 mitiget:
956 451 1014 512 boc
1034 451 1112 511 enini
1131 451 1215 512 miste

65 541 106 588 est
128 530 258 602 auditu,
279 529 304 589 si
325 525 401 588 nibil
424 527 502 587 aliud
521 527 654 601 addatur,
675 525 825 588 Christum
845 549 908 589 esse
928 528 1056 608 lapidem
1075 528 1216 604 scandali,

64 606 112 684 qni
146 629 205 666 sua
240 607 351 666 duritie
385 625 520 684 magnam
552 603 704 664 bominiiiii
730 617 841 682 partem
867 605 986 686 franget
1011 626 1044 664 ac
1071 615 1214 664 conteret.

63 684 146 766 Ergo
172 685 213 743 ad
237 684 388 743 diversum
411 683 472 740 eins
492 681 621 740 ollicium
642 701 697 740 nos
716 693 836 742 reuocat
855 681 1028 772 Scriptura,
1048 682 1128 759 quod
1147 680 1215 738 sim-

63 760 128 819 data
159 761 195 819 in
223 781 266 820 co
295 759 450 818 bominum
474 757 549 816 saliis
574 758 727 829 consistat,
758 759 834 821 sicut
852 759 958 819 lesaias
978 756 1065 818 etiam
1086 757 1217 836 loquitur

62 842 105 913 (a,
125 842 214 912 13),
248 835 414 906 Dominum
441 833 618 896 exercituum
637 833 833 908 sanctificate,
864 836 901 895 sit
920 834 984 915 ipse
1002 835 1094 894 timor
1113 843 1218 908 vester,

67 927 95 974 ct
120 915 185 974 erit
211 913 303 974 vobis
326 913 358 970 iri
383 911 578 972 sanctuarium
602 911 648 972 vel
674 932 769 970 arcem
795 913 944 972 munitam.
1004 911 1120 972 Clarius
1144 929 1215 970 vero

63 993 185 1064 Petrus,
208 991 262 1052 Ad
282 1010 370 1068 quein
391 990 564 1053 accedentes
583 987 710 1068 lapidem
729 989 836 1062 rivum,
857 989 893 1048 ab
915 987 1082 1050 bominibus
1097 987 1216 1080 quidem

64 1069 288 1147 reprobatum,
322 1087 337 1124 a
361 1065 432 1125 Deo
457 1076 554 1125 autem
580 1065 703 1125 electum
729 1079 759 1130 ct
786 1065 949 1128 honorifice
976 1077 1125 1140 erectum,
1159 1062 1216 1144 ipsi

63 1157 215 1224 tanquam
249 1143 362 1222 lapides
386 1142 447 1203 vivi
470 1141 761 1222 superaedificamini.
805 1143 880 1202 Nam
904 1143 947 1203 sic
973 1138 1216 1202 continet·Scri-
1262 1147 1266 1166 ’

66 1235 172 1302 ptura,
194 1223 277 1280 Ecce
298 1237 382 1299 pono
403 1219 433 1278 iii
448 1217 523 1278 Sion
544 1218 672 1298 lapidem
692 1215 872 1298 angularem,
893 1219 1060 1298 probatum,
1079 1216 1216 1289 electum,

65 1299 256 1378 pretiosum:
292 1294 343 1376 qui
369 1295 528 1356 crediderit
547 1294 578 1355 in
599 1315 651 1366 co,
681 1315 743 1353 iioii
764 1293 902 1373 pudebet
940 1292 1035 1354 Vobis
1056 1313 1128 1377 ergo
1149 1312 1216 1354 cre-

67 1375 216 1435 dentibus
242 1372 392 1454 pretiosus
417 1383 473 1432 cst:
506 1392 568 1432 iioii
594 1369 783 1431 credentibus
807 1383 920 1446 autem,
940 1370 1028 1505 -lapis
1055 1391 1141 1449 quem
1166 1389 1216 1429 rc-

87 1453 282 1512 robarerunt
306 1449 513 1524 aedificantes,
545 1460 602 1510 etc.
627 1448 674 1524 (l.
699 1448 781 1506 Petr.
799 1453 834 1521 ⁸2,
859 1451 955 1512 4-8.
1003 1469 1042 1506 es.
1067 1453 1122 1519 28,
1146 1447 1215 1522 16.)

66 1473 155 1608 brgo
178 1547 219 1588 ne
241 1526 393 1588 Christum
415 1525 502 1585 nobis
522 1523 740 1584 formidabilem
760 1525 864 1584 reddat
883 1523 1014 1606 elogium
1034 1521 1123 1597 illud,
1155 1541 1222 1600 quo,

68 1617 199 1664 vocatur
220 1603 357 1664 Christus
378 1603 404 1661 la
429 1603 451 1662 is
471 1602 614 1675 scandali,
643 1602 740 1661 statim
761 1621 776 1660 e
796 1603 920 1694 regione
941 1611 1092 1675 occurrat,
1120 1599 1216 1680 ipsum

69 1702 195 1760 qnoque
216 1681 317 1741 uocari
337 1623 466 1760 lapidem
486 1677 666 1760 angularem,
686 1698 747 1758 quo
766 1689 925 1739 sustinetur
947 1677 1062 1756 piorum
1082 1674 1215 1736 omnium
1235 1684 1251 1712 ¹·

69 1759 158 1816 salus.
199 1757 268 1816 Iino
288 1767 460 1829 succurrat,
490 1755 562 1814 illud
583 1774 644 1816 esse
664 1755 860 1831 accidentale,
885 1755 943 1815 boc
962 1771 1034 1814 vero
1055 1751 1216 1836 genuinum

71 1847 100 1892 ct
127 1833 295 1926 proprium.
348 1833 461 1900 Notatu
485 1843 637 1912 praeterea
662 1834 784 1914 dignum
809 1845 870 1907 cst,
900 1831 981 1911 quod
1006 1849 1069 1890 non
1093 1839 1246 1891 vocatur‘

73 1910 212 1972 Cbristns
238 1910 359 1990 piorum
385 1909 508 1982 fultura,
539 1909 591 1969 scd
615 1909 805 1968 resurrectio:
836 1929 933 1988 neque
954 1909 1032 1968 cuim
1052 1905 1076 1968 is
1097 1917 1142 1966 est
1160 1903 1216 1964 bo-

73 1987 185 2046 iiiiniim
207 1987 362 2060 status,'iu
384 2007 444 2064 quo
464 1985 521 2045 illis
540 2005 659 2046 manere
680 1985 823 2066 expediat.
862 1987 941 2046 Ante
963 2007 1038 2070 crgo
1059 2001 1215 2064 resurgere

74 2083 89 2120 a
108 2074 248 2122 murteo
273 2075 365 2136 ortet,
386 2083 471 2141 quain
492 2063 588 2124 vivere
608 2060 759 2141 incipiant.

149 2146 199 2206 35
254 2137 709 2215 manammpami.gtadtua.
723 2140 805 2200 llaec
815 2139 977 2200 admonitio
988 2139 1025 2198 ad
1036 2135 1215 2216 confirman-

76 2215 144 2276 dnm
162 2229 284 2277 sanctae
300 2217 423 2298 virginis
437 2217 564 2276 animum
574 2215 671 2277 valere
685 2214 797 2290 debuit,
808 2237 845 2276 ue
857 2217 986 2277 moerori
999 2213 1216 2286 succumberet,

75 2293 126 2351 nbi
144 2306 269 2352 ventum
291 2305 369 2354 esset
388 2295 424 2353 ail
443 2305 501 2352 tam
522 2315 602 2354 acres
623 2313 839 2375 pugnas,·quae
849 2291 891 2353 illi
905 2291 1024 2352 luerunt
1033 2289 1218 2352 subeundae..

76 2369 237 2430 Caeterum
265 2371 321 2429 etsi
340 2369 427 2430 variis
446 2369 658 2430 tentationibus
678 2367 787 2448 agitata
807 2370 863 2429 luit
883 2380 913 2429 ct
932 2380 1031 2428 vexata
1051 2367 1111 2426 eius
1132 2365 1216 2438 fides,

76 2447 252 2506 acerrimum
271 2460 370 2508 tamen
391 2446 433 2506 illi
453 2469 517 2508 cuni
539 2466 626 2506 cruce
646 2457 793 2505 certamen
816 2445 883 2504 luit:
905 2444 1038 2505 Christus
1057 2441 1214 2502 exstinctus

77 2523 168 2582 videri
195 2535 325 2602 poterat.
365 2523 428 2598 Etsi
447 2535 544 2582 autem
564 2525 702 2583 moerore
721 2543 871 2601 nunquam
890 2521 1028 2609 absorpta
1048 2517 1120 2590 luit,
1146 2537 1214 2606 non

75 2609 174 2658 tamen
199 2617 318 2658 saxeum
343 2597 400 2658 suit
423 2601 484 2660 cius
510 2611 627 2680 pectus,
659 2596 730 2676 quin
755 2597 882 2678 graviter
906 2605 1101 2663 sauciaretur,
1130 2592 1216 2652 sicuti
1261 2613 1272 2626 ⁸

78 2674 245 2734 tenuantis
265 2676 444 2736 Sanctorum
464 2697 479 2735 ii
500 2689 621 2756 stupore
641 2675 762 2732 multum
783 2673 892 2736 diflert.
936 2669 1158 2744 Utri-eregamor
1174 2670 1216 2728 'ex

77 2753 173 2811 ulnis
196 2750 334 2812 cor-dibus
357 2757 547 2828 cogitanam.
608 2750 736 2827 Quidam
763 2750 820 2810 boc
845 2747 1009 2810 membrum
1033 2755 1215 2806 connectunt

79 2849 143 2888 cnm
163 2827 214 2888 illa
234 2830 383 2890 sententia
405 2829 495 2912 magis
514 2840 643 2890 remota:
664 2828 744 2908 quod
766 2827 898 2890 Christus
921 2825 1032 2906 positus
1051 2823 1089 2881 sit
1107 2821 1138 2879 iii
1151 2819 1214 2879 rui-

78 2925 161 2976 nam,
192 2915 250 2964 etc.
307 2906 480 2966 Pareutbesi
507 2905 676 2978 includunt,
707 2905 787 2984 quod
814 2903 945 2984 proxime
970 2897 1152 2982 exposuimus
1170 2895 1214 2957 tte

99 2981 195 3056 ladio,
224 2981 278 3041 sed
302 2981 505 3056 meoiudicio
530 2982 618 3043 satius
643 2993 688 3043 est
712 2984 748 3043 ad
773 2993 869 3042 toturn
889 2978 1071 3059 complexum
1092 2974 1213 3036 relerrc.

78 3000 228 3116 lecticula
249 3079 321 3117 vero
342 3072 374 3117 iit
394 3079 454 3119 uoii
476 3057 523 3118 liic
543 3071 587 3119 cst
606 3058 727 3140 proprie
748 3059 883 3130 causalis,
902 3057 953 3116 sed
974 3067 1086 3116 tautum
1107 3071 1212 3113 conse·
1317 3125 1325 3134 .

79 3134 228 3213 quentiam
250 3145 343 3194 notat
375 3137 456 3196 Nam·
470 3157 558 3226 quum
579 3135 709 3195 exoritur
727 3137 774 3196 lux
785 3134 951 3216 Evangelii,
971 3145 1001 3192 ct
1021 3132 1127 3192 deinde
1147 3151 1212 3190 sur·

78 3221 152 3290 gunt
175 3212 437 3290 persequutiones,
468 3212 551 3270 simul
579 3225 734 3294 emergunt
760 3211 893 3272 cordium
913 3210 1036 3270 allectus
1055 3219 1140 3267 autea
1161 3228 1213 3266 oc-

79 3285 165 3344 culti:
186 3307 256 3345 nain
274 3285 349 3346 tales
368 3302 436 3349 saint
455 3289 598 3348 humanae
617 3287 809 3348 simulationis
829 3287 970 3361 latebrae,
989 3297 1022 3344 ut
1034 3284 1119 3345 facile
1133 3286 1212 3344 extra

80 3361 230 3423 Christum
255 3363 375 3424 lateant.
421 3365 481 3427 Sed
506 3363 639 3424 Christus
664 3364 730 3424 luce
753 3385 804 3426 sna
829 3366 915 3425 sucos
931 3369 1041 3423 ¹'omncs
1060 3359 1214 3444 abstergit,

80 3451 109 3497 et
128 3437 299 3520 hypocrisin
321 3441 458 3502 denudat
496 3442 571 3502 Ideo
591 3439 653 3500 iure
675 3441 717 3501 illi
736 3441 875 3501 tribuitur
894 3439 1025 3500 officium
1044 3439 1113 3513 boc,
1132 3439 1213 3517 quod

81 3515 109 3574 iii
133 3537 149 3574 a
173 3527 269 3575 ertum
295 3515 428 3595 prosecat
452 3537 557 3578 arcana
582 3518 689 3578 cordis.
734 3518 794 3578 Sod
819 3517 871 3578 ubi
897 3519 934 3578 ad
960 3516 1125 3576 doctrinam
1143 3535 1213 3576 crux

81 3537 208 3665 acceilit,
239 3594 330 3652 corda
356 3595 447 3676 magis
474 3594 625 3656 advirum
646 3595 798 3654 examinat.
836 3595 911 3654 Nam
932 3593 982 3674 qui
1002 3605 1120 3654 externa
1140 3605 1212 3671 pro,

80 3667 206 3728 sessione
235 3669 387 3730 Christum
411 3670 533 3751 amplexi
560 3681 659 3745 eraut,
689 3671 852 3732 abhorrent
871 3691 887 3730 a
907 3670 1028 3731 serenda
1048 3689 1152 3741 cruce,
1183 3675 1214 3727 et

80 3745 145 3878 puis
171 3744 337 3806 Ecclesiam
357 3747 459 3808 vident
476 3747 637 3808 subiectam
657 3748 742 3809 uariis
763 3747 923 3824 aerumnis,
954 3745 1112 3808 stationem
1130 3763 1212 3804 suain

92 3822 164 3881 acile
184 3823 335 3882 deserunt
863 3871 867 3878 .

150 3903 199 3964 36.
231 3897 312 3958 Bm
330 3901 441 3957 Hanno
583 3904 646 3960 'som
676 3899 760 3960 Duos
780 3913 893 3961 tantuin
913 3907 1049 3961 recenset
1066 3896 1211 3972 Lucas,a

82 3973 183 4051 quibus
208 3987 348 4054 exceptus
372 3973 512 4036 suerit'C
535 3977 635 4037 ristus:
666 3975 754 4056 idque
781 3998 819 4037 eo
844 3976 986 4050 consilio,
1014 3985 1048 4032 ut
1071 3974 1212 4034 discamus

81 4052 132 4110 toti
151 4051 266 4112 mundo
287 4052 439 4132 praeferre
458 4053 537 4131 quod
548 4053 605 4112 Dei
625 4074 655 4114 es
700 4054 882 4132 quantumvis
901 4053 940 4112 sit
958 4051 1103 4130 exiguum.
1138 4051 1212 4110 Erat

80 4136 146 4188 tnnc
166 4127 289 4208 quidem
309 4127 463 4187 inscribis
484 4139 513 4189 et
531 4129 732 4190 sacerdotibus
752 4151 873 4222 maguus
882 4128 1039 4209 splendor:
1059 4129 1110 4188 secl
1122 4149 1211 4207 quum

80 4202 108 4262 iii
132 4205 278 4265 Simeone
306 4217 336 4263 et
359 4203 467 4263 Hanna
490 4205 633 4266 resideret
656 4206 714 4266 Dei
736 4207 879 4288 Spiritus,
910 4225 970 4284 qno
990 4225 1110 4285 prorsus
1129 4204 1213 4266 vacui

80 4293 159 4343 crant
180 4281 346 4363 principes,
365 4281 429 4360 plus
450 4281 509 4341 duo
531 4281 577 4340 isti
598 4281 654 4342 soli
674 4295 824 4344 merentur
843 4281 1036 4356 reuerentiae,
1057 4303 1143 4361 quani
1164 4282 1210 4339 iii-

77 4377 144 4438 gens
164 4379 275 4420 cornui
297 4357 394 4432 turba,
414 4357 464 4436 qui
484 4370 597 4418 tantuin
617 4359 751 4420 inanibus
772 4358 860 4418 larvis
876 4358 1059 4438 superbiunt.
1089 4360 1210 4417 llacra-
1250 4403 1254 4414 .

77 4437 153 4500 tione
173 4433 353 4516 exprimitur
366 4433 491 4532 limnas
502 4447 591 4514 aetas,
611 4447 641 4496 et
654 4436 856 4516 prophetissae
865 4435 951 4498 titulo
965 4448 1101 4498 ornatur:
1122 4433 1218 4493 tertio'
