2778 4838
156 277 215 344 stt
432 261 557 364 ΙξΕῦΤ.
574 263 642 328 xv.
673 279 772 331 susos
793 277 835 326 cr
855 276 1035 328 urscmom.

155 431 186 498 8.
233 423 343 514 Quum
368 443 448 492 vero
473 421 676 491 sustulissent
701 419 817 489 oculos
843 441 937 501 suos,
969 416 1133 488 neminem
1165 417 1321 488 uiderunt

123 574 126 585 ·
149 531 219 599 nisi
239 527 346 598 solum
366 528 504 598 lesum„

235 693 375 764 Marte.
395 695 449 760 lx.
497 695 527 760 2
559 696 707 780 Acpost
735 691 805 758 dies
831 713 887 758 sex
913 695 1042 760 assumit
1069 691 1159 758 lesus
1186 691 1317 758 Petrum

154 811 187 870 et
211 797 364 876 Iacobum
392 807 424 863 et
452 797 620 878 loannem,
655 806 687 864 et
717 793 867 862 subducit
894 819 952 864 eos
980 801 1014 862 in
1034 805 1183 862 'montem
1213 793 1315 860 excel-

152 925 235 982 sum,
258 921 402 968 seorsum
424 899 531 979 solos,
559 910 592 966 et
617 899 861 985 transformatus
888 899 949 966 luit
979 919 1085 965 eoram
1107 896 1182 963 illis.
1225 899 1256 965 3.
1275 899 1316 966 Et

151 1007 341 1072 vestimenta
369 1002 458 1069 illius
484 1004 568 1069 lacta
594 1013 668 1096 suut
694 1000 882 1091 splendida,
918 989 1057 1070 'candida
1085 1001 1184 1068 valde
1214 1001 1314 1068 veluti

150 1111 219 1188 nir,
251 1130 347 1198 quam
381 1105 518 1173 candida
551 1105 660 1174 iac'ere
693 1127 762 1174 non
795 1115 903 1193 potest
936 1103 1021 1171 fullo
1054 1125 1155 1192 super
1187 1115 1314 1172 terram.

77 1211 82 1224 '
150 1211 181 1276 4.
200 1210 244 1277 Et
264 1221 455 1297 conspectus
477 1219 524 1276 est
545 1209 609 1276 illis
630 1209 720 1275 Elias
741 1231 813 1274 cum
835 1209 946 1287 Mose,
973 1205 1312 1294 colloquebanturque

151 1335 223 1378 cum
249 1313 349 1380 Iesu·
370 1315 400 1380 5.
426 1313 469 1380 Et
496 1311 699 1399 respondens
727 1313 841 1379 Petrus
869 1312 947 1378 dixit
971 1311 1062 1389 Iesu,
1095 1309 1215 1387 Rabbi,
1249 1307 1313 1375 bo·

87 1405 93 1424 '
149 1437 227 1483 num
248 1427 297 1482 est
317 1437 378 1484 nos
399 1417 451 1482 hic
472 1436 557 1482 esse:
578 1429 610 1484 et
631 1417 784 1486 iaciamus
805 1417 865 1484 tria
890 1413 1106 1494 tabernacula,
1127 1412 1187 1479 tibi
1203 1433 1313 1490 uuum,

149 1529 182 1584 et
202 1519 291 1587 Moci
319 1541 431 1600 uuum,
463 1531 494 1586 ct
514 1518 607 1586 Eliae
635 1541 742 1585 unum.
792 1519 822 1584 d.
847 1517 924 1584 Non
946 1519 1031 1582 enim
1052 1527 1204 1596 noverat,
1232 1515 1313 1602 quid

147 1617 350 1709 loqueretur:
384 1633 475 1708 eraut
509 1625 594 1688 enim
628 1620 831 1708 expavefacti.
879 1622 909 1686 7.
940 1619 983 1686 Et
1009 1619 1093 1685 factu
1120 1632 1170 1686 est
1197 1619 1311 1700 nubes,

148 1744 233 1810 quac
255 1723 459 1792 obumbravit
485 1723 575 1802 illos,
601 1736 633 1790 et
653 1727 742 1790 veuit
763 1745 825 1792 vox
847 1745 865 1789 e
886 1722 990 1802 nube,
1019 1723 1144 1802 dicens,
1172 1725 1238 1790 Hic
1263 1735 1312 1790 est

145 1825 249 1892 Filius
270 1847 360 1892 meus
381 1827 533 1906 dilectus,
553 1828 657 1912 ipsum
680 1826 798 1892 audite.
839 1829 868 1893 Θ.
895 1827 937 1893 Et
964 1837 1098 1913 repente
1126 1849 1227 1915 quum
1251 1830 1313 1891 cir-

122 1932 409 2016 cumspexissem,
439 1952 508 1998 non
541 1925 676 2016 amplius
706 1929 859 1997 viderunt
886 1951 1082 2020 quenquam,
1114 1929 1177 1997 sed
1204 1931 1310 1996 lesum

143 2029 248 2100 solum
269 2053 387 2098 secum.
415 2067 424 2084 ··
792 2009 803 2061 l

140 2267 143 2274 ¹
211 2189 328 2260 'LUC.
348 2194 402 2260 tx.
442 2193 493 2261 28.
535 2195 668 2264 Factum
700 2207 748 2264 est
777 2207 882 2264 sutem
908 2208 983 2284 post
1011 2195 1092 2264 haec
1112 2194 1218 2262 verba
1237 2193 1309 2261 lere

140 2291 268 2398 diebus·
292 2306 383 2377 octo,
417 2307 449 2364 et
481 2301 653 2387 assumpsit
678 2302 809 2368 Petrum
836 2314 868 2369 et
896 2304 1052 2368 loannem
1084 2311 1118 2366 et
1140 2295 1308 2378 Iacobum,

141 2408 175 2464 et
198 2395 342 2467 escendit
363 2405 397 2468 in
418 2413 569 2482 montem,
588 2413 624 2470 ut
646 2415 762 2472 oraret.
803 2406 855 2470 29.
876 2402 919 2468 Et
940 2403 1023 2470 iacta
1048 2415 1112 2481 est,
1133 2401 1212 2468 dum
1228 2423 1307 2495 ora-

137 2508 202 2578 ret,
228 2504 354 2588 species
379 2502 490 2569 vultus
514 2509 583 2571 eius
605 2505 684 2586 alia,
715 2519 748 2574 et
768 2509 901 2573 vestitus
922 2509 993 2571 elus
1016 2505 1174 2572 candidus
1196 2527 1235 2570 ac
1254 2527 1307 2571 re-

137 2600 275 2689 fulgens.
332 2605 383 2672 30.
414 2605 457 2672 Et
491 2627 567 2674 ecce
600 2608 667 2678 duo
698 2613 760 2676 viri
794 2607 1014 2696 loquebantur
1041 2629 1113 2676 cum
1137 2609 1219 2690 illo,
1249 2611 1306 2696 qui

138 2719 229 2774 erant
256 2707 370 2775 Moses
398 2720 430 2775 et
454 2703 560 2776 Elias:
607 2711 660 2778 31.
695 2711 762 2798 Qui
790 2716 850 2782 uisi
876 2714 910 2778 iu
936 2717 1115 2792 maiestate,
1150 2711 1307 2780 dicebaut

138 2829 303 2876 excessum
324 2813 403 2890 eius,
424 2833 520 2898 quem
542 2813 761 2900 completurus
783 2828 853 2882 erat
873 2814 1121 2902 Hierosolymis.
1164 2817 1218 2881 ³2.
1245 2815 1306 2880 Pe·

134 2921 203 2980 trus
222 2932 320 2992 vcro,
344 2923 376 2978 et
397 2916 453 3000 qui
474 2937 545 2980 cum
567 2915 626 2982 illo
649 2929 756 2998 eraut,
775 2922 897 3005 gravati
919 2931 1011 2986 erant
1033 2934 1161 2986 somno:
1190 2939 1307 3006 exper-

90 3014 94 3031 '
135 3017 218 3081 recti
238 3023 343 3080 autem
365 3014 517 3083 viderunt
538 3019 734 3086 maiestatem
756 3023 842 3100 eius,
870 3032 902 3087 ct
924 3021 1008 3088 duos
1028 3025 1132 3104 viros,
1159 3026 1219 3110 qui
1245 3031 1306 3088 sta-

135 3114 217 3182 bant
238 3138 309 3182 cum
330 3111 399 3183 illo.
440 3117 492 3184 33.
519 3119 562 3186 Et
579 3109 702 3190 lactum
720 3132 784 3201 est,
810 3145 907 3210 quum
935 3125 1142 3193 discederent
1169 3124 1214 3192 ab
1236 3125 1307 3204 illu,

138 3220 183 3287 eit
205 3218 318 3284 Petrus
345 3219 385 3286 ed
408 3222 528 3302 lesum,
548 3224 760 3314 Praeceptor,
781 3225 904 3294 bonum
927 3239 976 3296 est
994 3249 1057 3299 nos
1077 3227 1131 3295 hic
1153 3249 1244 3295 esse:
1272 3237 1305 3294 et

100 3385 103 3396 ,
135 3317 290 3386 iaciamus
312 3324 372 3387 tria
394 3323 610 3409 tabernacula,
632 3352 730 3396 uuum
753 3327 826 3410 tibi,
849 3341 882 3396 et
902 3353 1000 3397 uuum
1023 3333 1124 3409 Mosi,
1146 3342 1179 3396 et
1202 3354 1305 3399 unum

131 3421 243 3528 Elias,
270 3427 434 3492 nesciens-
448 3429 539 3515 quid·
555 3431 687 3498 diceret.
729 3434 781 3500 34.
810 3435 902 3500 llaec
924 3446 1029 3501 autem
1051 3435 1112 3501 illo
1133 3435 1304 3522 loquente,

130 3523 224 3592 facta‘
244 3535 292 3593 est
319 3527 438 3610 nubes,
460 3543 492 3596 et
512 3531 718 3604 obumbravit
740 3557 812 3603 eos:
844 3539 1018 3606 timuerunt
1045 3551 1152 3606 autem
1179 3541 1300 3604 intran-

129 3627 217 3696 tibus
231 3627 301 3696 'illis
321 3634 357 3698 iu
387 3637 512 3702 nubem.
560 3641 610 3706 35.
642 3639 684 3706 Et
709 3661 775 3706 vox
801 3639 884 3705 lecta
912 3653 960 3707 est
989 3640 1030 3708 de
1055 3637 1146 3708 nube
1178 3643 1298 3719 dicens,

128 3731 193 3800 Hic
216 3744 263 3799 est
285 3733 387 3803 Filius
409 3739 507 3804 meus
520 3739 667 3820 dilectus,
687 3746 791 3832 ipsum
814 3731 932 3810 audite.
965 3747 1016 3811 23
1039 3744 1082 3810 Et
1103 3744 1182 3812 dum
1202 3747 1300 3814 fieret

128 3835 199 3918 vox,
221 3838 371 3906 inventus
393 3852 442 3908 est
460 3843 550 3908 lesus
570 3841 669 3912 solus.

201 4067 304 4132 Primo
329 4073 486 4136 ridendum
511 4086 572 4152 est,
604 4099 663 4158 quo
685 4079 810 4144 consilio
832 4082 965 4146 Christus
986 4083 1146 4144 coelestem
1166 4082 1298 4164 gloriam

127 4137 165 4234 nd
184 4139 275 4234 breve
294 4159 409 4229 tempus
428 4151 567 4228 induerit,
588 4166 618 4214 et
637 4166 696 4216 tres
715 4158 811 4218 solum
833 4179 866 4218 ex
885 4161 944 4221 suis
965 4156 1113 4240 discipulis
1134 4171 1228 4220 testes
1244 4161 1296 4222 ad-

124 4215 256 4280 brbuemt
275 4222 388 4286 adhoc
408 4227 615 4319 spectaculum.
637 4232 748 4308 'Quod
767 4235 898 4297 sentiunt
917 4235 1034 4318 quidam
1055 4236 1159 4298 iecisse
1181 4235 1214 4297 iu
1227 4257 1295 4298 eum

125 4293 277 4388 ΜΕ
295 4311 400 4364 contra
418 4315 623 4398 teutatropem,
643 4329 719 4390 quae
738 4309 865 4375 instabat
884 4333 900 4374 a
919 4325 1015 4374 morte
1035 4333 1099 4389 sua,
1119 4333 1173 4374 eos
1193 4313 1293 4374 muni-

122 4379 181 4450 ret,
199 4372 271 4435 mrlu
289 4395 353 4438 non
372 4390 424 4471 est¹
434 4379 606 4464 probabile:
626 4405 693 4450 nam
710 4407 763 4451 cur
779 4391 886 4454 eodem
901 4390 1034 4456 remedio
1051 4389 1127 4454 alios
1138 4389 1293 4472 privasset,
