2766 4834
258 254 273 317 i
343 313 496 396 (ΞΕ-29.
522 315 650 378 loannes
670 315 868 396 praedicans.)
907 348 934 390 ι,
1139 325 1178 388 97

61 468 180 548 agendum
200 477 245 530 est
266 487 340 529 curn
360 467 502 548 professis
522 465 632 530 Cbn’sti
652 468 796 544 hostibus,
806 469 866 550 'qul
885 470 1058 542 uon'modo
1070 483 1177 550 contu-

60 546 156 606 nrciter
184 557 339 625 respuunt
367 565 486 605 omnem
511 565 599 618 sanae
622 547 775 610 doctrinae
801 549 936 628 gustum,
966 547 1018 608 sed
1041 547 1123 608 ferro
1148 561 1179 694 eq

61 624 104 712 igni
124 623 157 682 ad
182 621 349 681 delendum
373 619 486 684 Christi
505 641 615 682 nornen
656 622 700 682 lus
720 643 807 703 quarn
826 623 975 698 violenter
993 635 1164 714 grassantur.

60 705 128 758 terte
145 699 167 757 si
185 697 304 778 Papam
327 710 358 757 et
378 695 524 776 foetidum·
543 697 604 758 eius
625 643 736 760 clerum
756 722 821 761 cunr
838 700 1015 772 Sadducaers
1034 699 1179 760 etPhari-

59 775 110 836 nris
132 794 306 854 compares,
336 775 373 832 'ut
401 794 466 833 cnm
493 770 548 834 illis
572 774 721 838 mitissime
747 797 762 834 a
786 787 865 849 atur,
894 775 1073 851 ,qoniiciendi
1092 777 1179 836 simul

58 851 166 910 arentin
186 873 283 910 unum
308 849 491 922 fasciculum.
528 849 630 926 Quare
651 873 712 912 non
731 797 897 925 uobiscum,
914 853 967 926 sed
986 875 1052 912 cunr
1064 853 1179 934 Spiritu

58 927 98 984 liei
113 926 320 1006 expostulent,
350 923 459 1006 quibus
478 938 536 986 tam
557 927 699 989 delicatae
718 941 786 989 sunt
805 949 905 1002 aures,
924 942 956 988 ut
975 928 1048 988 nibil
1068 930 1098 988 in
1119 928 1179 990 Pa-

57 1024 103 1080 pm
121 1004 226 1062 acerbe
246 1003 310 1064 dici
331 987 504 1064 suslineant.
535 1003 651 1064 Interea
669 1004 728 1064 sibi
747 1011 869 1066 caveant
888 1006 928 1084 pii
941 1005 1077 1066 doctores
1108 1005 1178 1066 dum

58 1091 134 1138 nacto
151 1079 219 1140 zelo
240 1079 387 1140 seruntur
407 1089 512 1139 contra
530 1079 680 1140 Ecclesiae
700 1093 857 1160 tyrannos,
879 1103 917 1142 ne
938 1082 1067 1142 carnisa
1095 1093 1178 1142 ectus

58 1155 237 1232 permisceant.
285 1157 329 1216 Et
354 1155 423 1234 quia
448 1175 510 1215 nou
556 1169 633 1216 otest
657 1157 840 1218 vehementia
864 1157 932 1218 Deo
974 1159 1090 1232 robari,
1120 1157 1179 1218 nisi

71 1252 121 1292 nan
142 1235 323 1292 moderatur
365 1231 502 1292 rudentia
547 1233 666 1312 piritus,
696 1253 758 1293 non
779 1233 868 1292 modo
889 1235 957 1294 colu
981 1245 1049 1296 eant
1069 1235 1110 1294 illi
1131 1235 1177 1310 al-

67 1320 129 1366 ectus
150 1329 235 1382 suos,
270 1309 326 1370 sed
344 1255 475 1389 bpirimi
494 1321 595 1382 sancto
615 1329 646 1368 se
666 1327 698 1368 re
722 1308 814 1367 endos
834 1308 951 1368 tradant
970 1329 1003 1368 ac
1024 1331 1177 1370 commen-

60 1385 120 1456 dent,
135 1406 171 1445 ne
192 1385 267 1465 quid
291 1386 512 1465 inconsiderate
533 1385 654 1444 excidat.
769 1386 859 1456 enine
868 1381 1032 1459 viperarum
1043 1387 1179 1447 nominat

59 1459 239 1540 potiusquam
260 1462 394 1543 viperas,
414 1469 448 1520 nt
466 1460 522 1520 toti
543 1461 641 1520 ordini
661 1480 750 1540 expro
773 1472 820 1520 ret
836 1455 1011 1520 virulentam
1021 1459 1178 1522 malitiam:

61 1538 234 1612 nequeenim
261 1560 379 1630 paucos
404 1547 518 1596 tantum
544 1536 612 1596 illos
638 1536 687 1616 qui
712 1537 849 1612 aderant,
878 1538 930 1600 sed
955 1549 1050 1597 totum
1071 1557 1179 1616 corpus

62 1611 170 1674 lentare
188 1614 305 1688 voluit,
326 1613 385 1674 acsi
406 1614 527 1689 diceret,
547 1625 701 1692 utramque
721 1613 880 1673 factionem
900 1633 962 1674 non
983 1613 1038 1673 nisi
1056 1633 1178 1694 serpen-

61 1697 90 1746 tes
109 1689 237 1770 gignere.
292 1690 462 1752 Certabant
486 1691 604 1768 quidem
630 1689 707 1749 inter
731 1709 762 1749 se
787 1689 923 1772 gravibus
949 1689 1089 1763 dissidiis,
1126 1686 1180 1750 sed

62 1767 196 1826 tsnnltrnis
215 1781 284 1828 erat
306 1766 447 1828 omnibus
466 1776 652 1846 contemptus
672 1764 747 1840 Dei,
775 1765 863 1846 impia
883 1765 1054 1838 dominandi
1074 1762 1179 1842 libido,

60 1859 125 1900 sanae
151 1843 308 1902 doetrinae
334 1843 453 1915 odium,
491 1854 520 1904 et
546 1843 705 1904 multorum
729 1841 873 1907 scelerum
893 1843 1057 1912 colluvies„
1106 1843 1180 1936 (tute

63 1915 117 1976 ulis
131 1917 361 1980 submonstravit.
404 1917 489 1993 Quin¹
501 1931 664 1998 suspectam
684 1917 813 1980 babebat
832 1941 934 1983 eorum
954 1920 1180 1999 poenitentiam,

64 1992 172 2056 dubitans
192 2019 261 2058 cum
283 1994 483 2076 admiratione
504 1993 636 2074 inquirit,
656 1995 731 2055 sitne
751 1995 903 2075 possibile,
922 2009 954 2054 ut
967 1998 1111 2058 exanimo
1127 2018 1177 2056 re-

65 2067 186 2146 sipiscant:
207 2074 268 2134 boc
289 2073 385 2132 modo
409 2091 459 2130 eos
481 2073 516 2132 ad
537 2071 657 2132 interius
679 2073 874 2132 conscientiae
895 2093 1014 2133 examen
1036 2073 1124 2146 citat,
1145 2085 1178 2130 nt
1229 2121 1234 2134 .

65 2163 85 2202 se
105 2149 207 2225 penitus
232 2147 403 2222 excutiant,
436 2158 466 2206 et
493 2148 597 2227 procul
617 2149 740 2207 remotis
757 2147 905 2208 blanditiis
924 2169 1052 2210 severam
1075 2149 1104 2208 in
1126 2151 1178 2220 ba,-

65 2217 305 2287 beuda'nralorum
331 2243 452 2284 suorum
478 2224 650 2313 quaestione
678 2235 832 2286 exerceant
857 2246 1017 2285 censuram.
1055 2223 1111 2284 Iro
1130 2225 1178 2282 lric

67 2316 105 2372 pru
124 2300 176 2361 Ilei
202 2303 334 2374 indicio,
356 2293 399 2358 'ut
440 2299 550 2360 lunbus
570 2297 632 2360 aliis
653 2299 741 2375 locis,
773 2300 901 2379 capitur:
932 2301 1177 2390 quemadmodum

67 2393 132 2450 quun
156 2380 225 2440 dicit
250 2379 365 2442 Paulus
376 2321 492 2456 ⁸(llom.
512 2385 542 2452 4,
562 2383 609 2444 15.
630 2381 828 2453 et12,19.)3
856 2377 916 2466 Lex
935 2398 1007 2436 narn
1028 2387 1180 2465 operatur,

67 2451 156 2512 rtllate
176 2454 275 2517 locum
299 2456 370 2514 irae.
401 2453 546 2514 Futurum
564 2465 663 2512 autem
682 2465 784 2524 vocat,
799 2474 874 2530 quae
893 2469 1024 2530 ipsorum
1034 2453 1178 2529 capitibus

69 2523 204 2608 inpendet,
237 2554 278 2594 ne
306 2550 410 2592 secure
434 2529 491 2591 sibi
533 2548 566 2589 ro
587 2548 670 2591 more
691 2527 772 2588 indul
797 2539 873 2586 eant.
911 2527 987 2586 Nam
1007 2536 1039 2584 ut
1059 2527 1099 2598 ira
1119 2526 1181 2584 Ilei

67 2606 166 2665 exundet
190 2621 220 2668 et
245 2621 344 2669 totam
369 2617 477 2667 terram
498 2551 607 2665 sitiant
626 2606 688 2666 eius
708 2549 843 2682 flagdla,
871 2621 987 2679 semper
1005 2612 1103 2689 tprnen
1123 2601 1179 2679 by-

69 2681 172 2752 pocritae
190 2707 221 2746 se
242 2687 391 2746 immunes
411 2681 476 2742 lore
497 2681 661 2744 confidunt
698 2677 783 2739 Iram
802 2678 864 2738 Dei
873 2679 998 2760 jugeru,
1019 2698 1049 2734 m
1069 2675 1180 2764 bonam

69 2767 158 2883 prtem
177 2761 223 2824 bic
267 2761 372 2822 onitur
390 2779 445 2838 pro
467 2779 504 2822 eo
526 2758 607 2837 quod
626 2769 685 2832 est,
714 2756 861 2817 rationem
883 2772 1025 2833 quaerere
1045 2745 1181 2832 placandi

90 2831 123 2902 ‘la
148 2849 179 2896 ut
195 2785 286 2899 nobis
307 2837 392 2896 irasci
413 2835 534 2896 desinat.
572 2835 648 2896 Nam
668 2832 746 2893 bona
766 2853 833 2913 pars
855 2830 1023 2903 hominum,
1049 2841 1084 2919 ut
1102 2827 1148 2887 ess
1166 2865 1180 2876 -

71 2904 115 2980 glut
130 2909 193 2973 iram
213 2916 294 2990 nei,
314 2933 378 2974 sese
398 2911 434 2972 ab
456 2911 517 2972 eins
537 2932 626 2971 mauu
646 2922 677 2970 et
697 2909 804 2970 iudicio
824 2907 976 2979 subducit:
1003 2905 1180 2986 atqurladeo

71 2981 124 3041 mit
149 2992 265 3067 proficit
294 3002 438 3072 peccator
466 2987 610 3070 fugiendo
636 2985 750 3062 Deum,
787 2997 822 3046 ut
844 2985 937 3065 magis
962 2981 1037 3044 iram
1062 2983 1123 3043 eius
1148 2981 1179 3042 in

71 3075 92 3114 tt
122 3082 244 3130 rovocet.
565 3123 568 3130 ,
885 3091 888 3098 ’
1180 3125 1183 3132 ,

106 3081 377 3212 pltlattb.8.l.nc.8.
393 3139 574 3216 Fuciteergn
602 3141 904 3214 mumpomumrtae.
925 3131 1181 3215 confirmatquod

72 3209 131 3284 ttius
147 3215 208 3296 diri,
228 3219 317 3281 nihili
338 3236 401 3278 esse
442 3238 508 3276 narn
527 3237 579 3277 ver
602 3215 624 3276 is
645 3227 789 3275 testantur
801 3213 1026 3298 poenitentiam,
1046 3212 1101 3272 nisi
1116 3231 1181 3272 eam

74 3305 95 3342 Ν
115 3287 166 3368 ipsa
184 3295 393 3377 comprobent.
447 3297 485 3354 'st
504 3293 582 3353 enim
603 3314 648 3353 res
668 3292 760 3427 strapis
781 3291 926 3370 pretiosa,
959 3289 1102 3368 quamde
1123 3309 1181 3367 qna
1230 3345 1236 3358 Ι

74 3357 119 3422 ¹²¹⁸
140 3381 166 3428 et
187 3373 273 3435 lutile
301 3369 441 3431 iudicium
461 3370 525 3429 ficri
546 3369 657 3429 deceat.
696 3369 711 3426 l
733 3389 769 3428 eo
790 3366 925 3427 sulficere
944 3377 1034 3447 negat
1053 3366 1182 3424 Ioannes

75 3438 168 3504 solenne
186 3449 275 3524 illud,
338 3447 377 3508 od
396 3443 560 3507 reddebant
579 3443 796 3518 testimonium,
815 3443 866 3503 sed
886 3437 1027 3531 teniporis
1047 3461 1180 3502 successu

76 3514 146 3644 ζώω
162 3529 276 3588 tandem
312 3535 428 3584 uturum
448 3523 519 3583 dicit
538 3543 572 3582 ex
591 3521 660 3601 ipsis
680 3518 829 3600 operibus,
849 3539 885 3580 an
906 3537 983 3578 serso
994 3517 1181 3606 resipuerint.

74 3597 211 3662 muudum
238 3614 302 3677 est,
335 3599 415 3678 quod
441 3597 517 3660 bono
541 3619 632 3674 opero
657 3595 767 3670 fructus
794 3605 937 3654 vocantur
962 3594 1181 3680 poenitentiae:

78 3679 107 3724 ttl
127 3675 193 3738 enim
238 3675 401 3739 oenitentia
421 3697 468 3735 res
488 3675 629 3749 interior,
680 3693 736 3733 uae
755 3673 855 3732 sedem
874 3669 904 3730 in
925 3671 1015 3730 corde
1035 3681 1065 3728 et
1084 3685 1186 3731 amma

77 3737 157 3824 babet,
184 3701 235 3816 sed
259 3755 373 3814 trucnrs
393 3753 500 3812 deinde
519 3771 588 3812 suos
660 3696 680 3810 i

77 3830 254 3895 esuriem
278 3843 328 3890 atu
347 3843 409 3888 tota
431 3829 501 3896 baec
521 3773 627 3907 par-sd
934 3897 940 3910 ·
1013 3895 1020 3909 ,
1126 3893 1166 3908 ..

80 3901 177 3965 nendum
200 3922 245 3970 est
256 3853 322 3968 boe
343 3905 515 3978 discrimen,
547 3904 627 3984 qnod
646 3901 832 3984 poenitentia
853 3899 979 3958 interior
997 3904 1034 3956 srt
1050 3893 1182 3953 bomnns

79 3983 216 4112 Nequam,
247 4003 322 4064 qnae
348 3982 379 4042 in
406 3994 554 4042 externam
578 3979 667 4042 vitam
693 3977 833 4061 emergit,
861 3973 936 4036 sicut
961 3991 995 4030 ex
1019 3971 1183 4032 seiunctus

95 4069 120 4106 n
136 4059 186 4118 nit
294 4103 302 4120 .
970 4091 977 4104 =

81 4063 95 4120 p
134 4061 293 4202 ltlattliibti.r
319 4135 367 4195 Ne
390 4129 517 4209 capitatis
540 4127 641 4196 dice're.
680 4129 752 4190 Luc.
776 4135 804 4194 8.
843 4122 893 4215 Nq
913 4123 1062 4214 cqepcritis
1080 4121 1182 4183 elicere.

83 4193 155 4284 Quum
173 4227 282 4275 certnrn
300 4211 356 4286 sit,
380 4211 505 4270 eundem
526 4229 588 4268 csse
609 4207 758 4286 utriusque
778 4207 960 4282 loquntroms
979 4219 1112 4272 sensum,
1126 4197 1182 4267 ,la-

83 4275 121 4364 ‘tlt
141 4287 199 4348 colli
222 4291 314 4363 imus,
346 4287 416 4378 quid
441 4283 569 4346 voluerit
594 4285 731 4346 Ioannes.
770 4281 877 4340 Donec
897 4285 1067 4410 premantur
1087 4276 1183 4357 hypo-

83 4365 155 4436 ΨΜ,
171 4311 291 4426 veiseis
310 4365 387 4424 vitris
407 4359 665 4434 indorminn1,vel
686 4357 810 4416 licenter
829 4363 981 4412 exsulant.
1014 4353 1093 4411 llum
1112 4369 1183 4410 vero

85 4439 178 4498 sturm
195 4443 231 4504 ad
250 4441 309 4501 Dei
329 4439 473 4514 tribuual,
507 4435 590 4498 ansic
611 4434 775 4515 quaeritant
795 4427 978 4510 subterfugia
998 4439 1029 4490 et
1048 4427 1185 4496 latebras,

103 4527 268 4588 latrium.
280 4541 306 4586 in
318 4541 397 4588 llam.
413 4539 455 4587 llr.
474 4540 526 4586 Vol.
539 4541 558 4584 Ι.
966 4509 986 4568 'l

628 3826 761 3886 octrinae
782 3823 870 3884 loede
891 3832 1030 3900 corrupta
1050 3817 1115 3890 luit,
1136 3829 1181 3875 te·

629 3772 663 3811 ro
679 3762 723 3808 ert
742 3747 774 3808 in
793 3749 869 3810 vitae
889 3747 1060 3806 mutatione.
1102 3741 1181 3816 Quia
1286 3793 1288 3800 .
