2764 4854
318 235 321 246 ’
362 247 444 329 (206.
483 245 574 308 iudae
590 245 756 328 ‘proditoris
775 247 880 324 mors.)
1018 288 1022 308 .
1143 249 1202 311 dd'i

47 367 212 485 aestimati,
242 425 337 494 quern
373 406 581 470 aestimarunt
614 425 633 469 a
665 389 744 468 liliis
775 369 891 467 lsrael}
943 400 994 468 10.
1022 400 1067 498 Fpt
1102 401 1203 470 dedo·

45 520 117 577 runt
139 531 196 575 eos
217 509 252 574 in
274 531 382 597 agrum
404 507 505 596 figuli,
526 510 609 573 sicut
630 507 796 608 constituit
817 499 1085 595 mihi'Domiuus.¹
1281 495 1285 512 ⁸

125 705 265 774 Mane.
294 665 364 773 llV.
412 706 441 771 1.
472 705 526 794 Et
548 651 719 771 conieslim
758 699 904 768 diluculo
943 701 1081 769 consilio
1119 705 1216 770 inito

47 813 157 876 summi
189 807 377 876 sacerdotes
414 832 485 875 cnm
519 805 716 887 senioribus,
746 817 779 872 et
808 804 922 872 scribis
953 828 991 870 ac
1021 815 1092 873 toto
1127 827 1214 873 con‹

46 935 144 994 sessu,
165 913 272 980 lesum
294 916 434 978 vinctum
456 908 667 992 abduxerunt,
686 908 953 996 tradideruntque
973 908 1090 978 Pilato.

127 1099 230 1178 LUC.
264 1109 378 1176 xxnt.
421 1108 450 1175 1.
470 1107 513 1176 Et
538 1127 673 1196 surgens
697 1051 864 1173 universax
886 1105 1060 1178 multitudo
1093 1129 1204 1174 corum

47 1211 133 1280 duxit
155 1235 227 1280 eum
251 1211 293 1280 ad
314 1211 461 1302 Pilatum.

120 1487 227 1549 Matth.
246 1497 275 1558 1.
312 1487 411 1550 Masta
428 1502 523 1550 mrtem
532 1489 625 1570 secto
649 1486 802 1550 concilim
824 1483 966 1563 emeruit.
1006 1485 1107 1561 Quum
1127 1487 1208 1577 prius

46 1578 135 1628 nocte
155 1566 330 1648 intempesta
350 1587 477 1627 summus
487 1566 627 1627 Pontifex
647 1587 713 1628 cum
732 1585 786 1626 suo
804 1564 1037 1626 eonsilioiesurn
1048 1583 1228 1624 examinas·

46 1653 100 1719 set,
118 1642 239 1703 tandem
259 1641 313 1703 sub
335 1653 432 1704 ortum
452 1642 522 1704 solis
543 1642 717 1719 decernunt,
736 1641 896 1702 sistendum
917 1659 980 1701 csse
1000 1639 1208 1701 1111111111-

46 1720 116 1780 side.
155 1721 255 1800 Atque
275 1721 305 1779 in
327 1740 365 1781 eo
386 1721 486 1780 iudicii
506 1719 631 1780 sormam
651 1719 821 1793 observant,
840 1737 878 1778 ne
897 1727 1032 1798 suspecta
1051 1716 1090 1776 sit
1105 1737 1209 1778 eornm

46 1796 208 1874 festinatio,
228 1797 253 1859 si
273 1807 341 1858 ante
362 1809 477 1878 tempus
497 1799 546 1877 (ut
565 1797 630 1856 lieri
650 1796 727 1857 solet
746 1796 777 1856 in
796 1793 937 1868 tumultu)
959 1794 995 1854 ad
1011 1793 1138 1852 Pilatum
1159 1813 1209 1855 ac-

46 1883 174 1934 currant.
213 1873 375 1936 Probabile
398 1885 498 1934 tamen
519 1885 578 1951 est,
602 1893 693 1954 quum
712 1872 749 1934 ab
775 1891 878 1932 eornm
904 1891 1043 1934 consessu
1067 1867 1210 1932 abductus

47 1961 124 2010 esset
145 1947 294 2025 Christus,
319 1951 568 2012 consultationem
594 1971 662 2012 mox
681 1949 718 2010 ah
738 1948 795 2010 illis
814 1948 904 2010 inisse
924 1948 1069 2022 habitam,
1096 1958 1128 2008 et
1146 1947 1210 2009 sine

45 2026 185 2110 longiore
204 2047 288 2087 mora
307 2030 452 2104 statuisse,
472 2029 543 2109 quid
563 2028 662 2090 facere
681 2027 802 2088 vellent.
822 2025 909 2087 Prius
919 2024 1001 2086 enim
1022 2025 1132 2088 dictum
1145 2025 1212 2103 suit,

46 2123 106 2183 quo
127 2114 264 2184 tempore
278 2102 413 2166 Christus
434 2105 470 2165 ab
491 2103 549 2164 illis
571 2125 703 2187 egressus
716 2103 808 2163 Petro
829 2102 1003 2176 occurrerit,
1023 2121 1130 2180 nempe
1142 2115 1218 2182 post

67 2179 226 2241 allicininnr
251 2191 282 2240 et
307 2201 396 2260 quum
418 2179 478 2254 iarn
502 2201 610 2260 purora
634 2182 767 2240 instaret.
809 2177 910 2252 Quare
943 2197 1006 2236 non
1038 2176 1213 2258 intelligunt

45 2199 265 2347 {vangelista²
286 2256 354 2316 loco
375 2257 463 2316 suisse
482 2263 592 2330 motos,
611 2257 663 2316 sed
684 2267 795 2314 tanturn
808 2253 953 2328 referunt,
973 2253 1211 2332 primodiluculo

47 2333 200 2394 Christum
219 2332 309 2392 111111
328 2330 366 2391 ab
386 2331 444 2392 illis
462 2332 553 2391 morti
573 2331 732 2405 addictum,
751 2351 807 2392 nec
827 2341 1008 2388 momentum
1029 2349 1120 2388 unum
1147 2350 1212 2390 ces-

44 2431 123 2472 sasse
149 2407 319 2481 iu,sc,elere
338 2427 393 2468 suo
413 2418 532 2469 strenue
557 2427 622 2468 exse
645 2407 754 2466 nendo.
796 2404 889 2480 Quod
914 2417 1011 2466 autern
1036 2405 1117 2498 prius
1143 2407 1213 2468 dixit

44 2489 159 2560 Lucas,
178 2505 264 2543 mane
324 2485 376 2544 'sse
392 2499 597 2560 congregatos,
624 2427 662 2544 11
681 2483 691 2541 1
714 2503 747 2542 so
767 2481 916 2563 principio
944 2501 1053 2562 erponi
1076 2502 1139 2542 non
1160 2483 1212 2545 de-

44 2564 110 2638 het,
131 2561 184 2622 sed
204 2561 240 2620 de
259 2582 279 2620 u
292 2561 364 2620 tirno
385 2570 452 2620 actu
464 2561 514 2642 qui
531 2561 641 2624 deinde
653 2503 822 2621 suliicitnr:
842 2559 901 2618 acsi
913 2558 1108 2694 dicerctpeos
1128 2573 1213 2640 post-

45 2659 136 2722 quam
156 2637 266 2713 illuxit,
292 2637 359 2717 quia
386 2636 537 2698 confessus
554 2635 792 2720 ,eratssnminm
812 2655 844 2697 se
865 2655 928 2696 esse
948 2634 1008 2695 Dei
1053 2633 1151 2710 ilium,
1176 2639 1214 2699 de

47 2718 111 2778 eius
131 2726 229 2775 morte
248 2735 332 2774 sunm
353 2714 503 2795 decretum
521 2711 688 2797 protulisse.
730 2711 847 2790 Quodsi
866 2713 903 2774 de
922 2711 1051 2774 hominis
1069 2713 1165 2793 capite
1177 2713 1215 2774 il-

46 2795 82 2854 lis
103 2791 245 2873 permissa
264 2791 366 2852 inisset
385 2791 531 2874 cogniti0‚
550 2792 684 2854 certatim
705 2811 808 2851 omnes
828 2811 884 2871 pro
902 2809 955 2850 suo
969 2788 1071 2849 lurore
1081 2789 1140 2853 suis
1150 2811 1214 2850 ma-

45 2871 136 2932 nibus
156 2869 187 2928 in
211 2887 277 2928 eum
297 2867 470 2928 saevissent:
489 2869 542 2929 sed
554 2869 622 2950 quia
633 2867 932 2948 Pilatns'capitalibus
943 2865 1057 2926 iudiciis
1068 2879 1216 2957 praeerat,

47 2959 201 3030 coguntur
219 2947 256 3007 ad
276 2945 338 3006 eius
355 2945 488 3006 tribunal
507 2945 714 3008 descenderet.
725 2956 839 3006 tanturn
859 2964 913 3006 suo
927 2943 1108 3025 praeiudicio
1119 2946 1214 3036 ipsum

45 3024 223 3104 illaqueant.
261 3022 339 3083 Nam
359 3022 502 3103 lapidatio
523 3023 667 3104 Stephani
687 3023 787 3103 (utin
806 3022 895 3084 rehus
913 3019 1054 3099 turbatis)
1074 3021 1215 3084 seditiose

47 3101 191 3182 contigit:
216 3099 276 3160 Dei
299 3111 397 3161 autem
416 3099 524 3160 Filium
544 3100 681 3182 oportuit
704 3099 835 3162 sollenni
857 3099 915 3160 ritu
935 3119 952 3159 a
970 3108 1092 3159 terreno
1117 3098 1215 3174 iudice

47 3175 194 3254 damnari,
212 3187 246 3236 ut
264 3188 399 3238 nnstmm
418 3176 450 3237 in
470 3177 559 3238 coelo
579 3189 692 3237 reatum
712 3177 835 3238 deleret.

128 3259 157 3320 d·
198 3255 287 3314 Tunc
304 3252 403 3314 adderes
420 3249 523 3315 ludus.
561 3255 631 3316 Hoc
651 3254 793 3314 adverbio
813 3273 876 3314 non
896 3251 1031 3336 designat
1049 3253 1215 3318 Matthaeus

47 3343 166 3394 certum
184 3332 329 3422 temporis
348 3331 516 3392 articulum:
537 3353 604 3392 nant
626 3331 716 3412 paulo
760 3340 807 3390 ost
825 3329 996 3413 subiunget‚
1015 3328 1081 3409 quia
1096 3331 1216 3396 videbat

46 3408 138 3469 Iudas
157 3403 342 3500 proditionis
366 3409 533 3468 mercedem
554 3429 570 3468 a
590 3351 792 3469 sacerdotilns
810 3429 858 3469 res
880 3407 926 3483 ui,
949 3408 981 3466 in
1008 3407 1122 3486 templo
1150 3431 1215 3470 earn

47 3485 221 3577 proiecisse.
259 3483 352 3564 Atqui
374 3504 408 3544 ex
429 3484 550 3545 aedibus
563 3485 697 3576 Caiphae
717 3495 797 3546 recta
818 3429 885 3544 inl>

48 3563 172 3642 illicque
192 3571 337 3623 steterunt
357 3581 449 3640 usque
469 3563 504 3624 ad
527 3562 636 3623 Christi
663 3561 891 3630 damnationem.
931 3561 988 3620 Vix
1009 3581 1082 3642 ergo
1109 3582 1146 3622 eo
1167 3563 1216 3634 die

48 3639 177 3700 luissent
196 3639 227 3698 in
247 3637 360 3718 templo
380 3659 412 3698 rc
436 3639 502 3715 enti,
521 3640 572 3699 sed
594 3640 662 3718 qnia
682 3639 720 3698 dc
739 3639 852 3722 tragico
873 3629 1124 3730 synedrii'furore
1144 3660 1215 3724 age-

49 3716 114 3792 bat,
133 3728 259 3778 mortem
273 3735 393 3849 quoqpe
406 3657 497 3776 iirdae
517 3717 563 3808 (in
577 3736 634 3797 qna
653 3713 757 3776 melius
776 3726 914 3852 ppparurt
931 3735 1021 3775 coeca
1043 3733 1145 3774 eorum
1160 3717 1216 3777 ob-

48 3794 174 3856 stinatio
195 3805 226 3854 et
246 3792 327 3873 quasi
362 3811 444 3853 errea
465 3793 602 3870 durrties)
622 3792 755 3853 inseruit
825 3793 878 3852 icit
898 3803 1006 3862 autem,
1026 3789 1128 3850 Iudam
1140 3813 1216 3872 poe-

49 3871 180 3930 nitentia
199 3869 288 3930 suisse
307 3880 427 3944 tactum,
447 3890 510 3929 non
543 3869 603 3930 uod
614 3869 789 3953 resipuerit,
808 3870 860 3930 sed
882 3866 1023 3950 quodtilli
1037 3867 1218 3947 displicuerit

50 3947 210 4008 admissum
231 3947 357 4006 facinus:
377 3956 412 4004 ut
430 3966 519 4027 saepe
561 3967 612 4007 eus
631 3945 768 4026 reprobis
790 3945 892 4020 oculos
907 3944 1012 4025 aperit,
1031 3955 1064 4003 ut
1077 3965 1127 4004 sua
1140 3945 1216 4009 mala

50 4023 165 4085 sentire
186 4023 331 4104 incipiant
350 4034 381 4083 et
399 4022 532 4084 horrere.
570 4024 645 4084 Nam
668 4023 718 4103 qui
743 4023 822 4084 serio
850 4022 955 4082 dolent
973 4032 1007 4080 ut
1035 4021 1218 4102 resipiscant,

49 4121 117 4161 non
129 4111 242 4162 tantum
256 4101 394 4161 dicuutur
405 4127 474 4178 μετα
498 4114 579 4180 stetu,
599 4099 650 4162 sed
661 4101 749 4160 etiam
753 4113 923 4191 praevortar:
943 4097 1022 4158 unde
1034 4109 1064 4158 et
1073 4106 1216 4181 μετάνοια,

52 4197 131 4258 quae
150 4197 221 4240 uera
241 4187 285 4237 est
304 4177 431 4238 hominis
452 4129 496 4238 11
507 4179 606 4238 Deum
625 4197 791 4238 conversio.
830 4174 974 4236 Taediunr
994 4174 1085 4256 igitur
1104 4188 1134 4236 et
1146 4177 1218 4239 hor-

52 4275 155 4315 rorem
176 4254 316 4335 concepit
335 4255 437 4330 Iudas‚
456 4275 518 4314 non
539 4267 572 4315 ut
591 4274 622 4316 se
642 4255 678 4314 ad
698 4253 796 4313 Deum
815 4251 978 4333 reciperet,
997 4251 1047 4312 sed
1067 4253 1166 4333 potius
1185 4269 1219 4316 nt

54 4332 108 4392 des
132 4331 266 4392 eratione
286 4331 409 4392 obrutus
430 4351 510 4392 erem
534 4332 593 4392 lum
620 4341 697 4394 essct
719 4327 846 4391 hominis
867 4347 884 4388 a
902 4327 962 4389 Dei
983 4329 1077 4412 gratia
1100 4351 1219 4409 prorsus

55 4408 94 4470 ab
118 4408 195 4472 reati.
230 4408 343 4472 'Merito
363 4409 480 4490 quidem
527 4409 608 4473 aulus
628 4407 785 4473 salutarem
805 4405 952 4470 tristitiam
973 4427 1035 4468 esse
1060 4409 1219 4488 praedicat,

887 3483 1049 3552 raetorium
1059 3498 1215 3562 venerunt,
