2814 4846
449 169 532 250 (lib
569 169 619 231 Da
638 169 776 251 precibus
795 133 943 254 aeddan)
1214 179 1255 241 55

85 321 243 462 ιΙὶιξιίιοίίω
269 321 346 383 laste
371 319 521 384 inebriare
545 321 699 400 domnos,
727 327 810 404 quasi
840 325 950 396 mereri
977 325 1091 410 possint
1116 325 1152 388 de
1176 345 1251 387 con-

143 421 195 460 no.
803 431 804 434 ¹
955 437 961 442 -

122 422 213 542 g10.
256 472 346 558 Quod
366 473 513 536 deluam
526 475 645 555 faeere.
670 477 757 540 *Hoc
778 490 837 555 est,
866 479 941 547 nihil
965 481 1112 542 attulimus
1137 479 1174 540 de
1193 499 1251 540 rre-
1284 538 1295 550 ,

86 568 166 627 suo,
189 550 244 612 scd
263 563 378 612 tantum
397 551 547 633 perfuncti
565 575 662 614 snmus
682 553 821 636 legitimis
841 557 940 638 operis
987 557 1135 636 Loquitur
1154 567 1250 616 autem

86 632 135 692 bie
147 629 287 692 Christus
307 627 344 688 de
363 630 479 710 integra
498 629 541 690 Le
565 629 587 690 is
608 629 828 709 observatione,
848 603 1074 726 quaebusquam
1090 632 1250 714 repedem:

87 729 155 768 nam
182 727 236 786 qni
261 705 392 766 omnium
417 717 461 765 est
485 649 728 785 perfidissimus,
758 729 776 769 a
801 710 910 770 institia
937 732 1022 790 quam
1042 710 1103 770 Lex
1127 708 1252 799 requirit

87 782 262 866 longissime
283 782 377 843 adbuc
397 782 491 842 distat.
530 784 600 842 Non
622 804 695 865 ergo
715 785 762 846 bie
781 797 923 848 tractatur
942 788 1089 866 quaestio,
1110 785 1249 845 iustifice-

89 881 192 921 mnrne
214 858 372 940 operibus,
391 860 443 919 sed
462 881 500 918 an
519 858 609 941 Legis
629 863 796 926 observatio
815 864 901 931 ullius
921 863 1044 944 praemii
1064 863 1141 944 apud
1150 861 1249 921 Deum

88 937 240 997 meritoria
259 934 307 994 sit.
340 937 408 996 lloe
418 936 562 1015 posterius
583 948 720 1027 negatur,
740 940 807 1018 quia
818 940 899 1001 Deus
920 962 974 1001 nos
993 939 1050 1010 sibi
1067 939 1251 1018 mancipatos

88 1014 189 1088 babet,
205 1024 244 1096 nt
262 1034 345 1072 snum
365 1013 428 1072 iure
448 1023 568 1072 censeat
586 1019 655 1090 quac
676 1015 727 1075 uid
747 1037 763 1076 a
784 1015 870 1077 nobis
882 1017 1030 1098 proficisci
1044 1027 1151 1099 potest
1172 1013 1250 1074 Cae-

86 1102 183 1151 terum
204 1082 319 1152 etiamsi
337 1110 440 1150 verum
459 1089 532 1150 illud
553 1035 746 1172 essetqlaegis
759 1092 958 1155 observationi
971 1095 1074 1182 deberi
1083 1091 1249 1153 mercedem

87 1167 183 1228 meriti
204 1179 353 1248 respectu,
373 1176 555 1226 nontamen
575 1177 734 1245 propterea
747 1182 895 1248 sequetur,
914 1170 1063 1232 iustificari
1084 1169 1253 1252 quenquam

86 1267 104 1305 o
128 1265 213 1304 erum
233 1243 361 1303 meritis:
381 1241 449 1322 quia
470 1241 619 1308 deficimus
639 1262 753 1320 omnes,
773 1265 829 1307 nec
848 1247 943 1306 solum
961 1269 1066 1308 manca
1085 1259 1129 1306 est
1147 1256 1249 1306 nostra
1311 1293 1314 1300 .

86 1266 272 1395 obedientia,
291 1320 343 1382 sed
362 1317 443 1380 nulla
463 1317 524 1380 eius
544 1330 731 1418 porcensem
750 1323 810 1384 Dei
829 1323 939 1388 iudicio
959 1325 1129 1406 respondet

144 1588 149 1624 ³
169 1579 276 1670 (15.)
308 1585 409 1656 LUC.
431 1591 549 1662 xvtu.
593 1592 621 1662 1.
646 1589 790 1674 Dicebat
809 1597 921 1669 autent
944 1597 976 1655 et
999 1586 1188 1677 parabolam
1208 1583 1250 1650 ad
1277 1590 1280 1607 ¹

84 1693 172 1772 illos,
196 1691 286 1780 qnod
311 1705 461 1779 oporteat
482 1717 610 1784 semper
631 1716 741 1775 orare,
761 1717 824 1762 nec
846 1694 1030 1778 defatigari,
1069 1694 1099 1758 2.
1120 1693 1251 1762 Dicens,

84 1797 187 1863 ludex
208 1795 340 1884 quidam
362 1811 431 1863 erat
452 1802 486 1864 in
507 1801 644 1892 quadam
665 1799 766 1878 urbe,
801 1801 857 1886 qui
879 1799 986 1863 Deum
1013 1805 1093 1862 uon*
1108 1792 1255 1872 timebat·

84 1922 147 1966 nee
169 1901 332 1967 bominem
360 1901 579 1970 reverebatur.
622 1905 652 1970 3.
678 1905 797 1996 Vidua·
811 1907 916 1968 autem
939 1899 1098 1989 quaedam
1113 1899 1195 1966 ‘erat
1215 1903 1249 1965 in

83 2005 166 2070 urbe
188 2003 261 2082 illa,
295 2021 380 2090 quae
406 2006 497 2068 venit
524 2005 565 2070 ad
589 2029 661 2072 eum
683 2007 812 2085 dicens,
836 2004 979 2070 vindica
1000 2003 1115 2074 moab
1138 2003 1251 2072 adver·

83 2113 170 2176 sario
192 2129 277 2174 meo.
318 2105 348 2172 4.
375 2105 417 2170 Et
437 2107 573 2174 nolebat
595 2108 792 2199 aliquandiu.
835 2108 914 2174 Post
935 2109 1017 2174 haec
1038 2119 1144 2174 antem
1170 2099 1275 2172 dixit

81 2216 241 2290 intrare,
284 2207 479 2297 Quanquam
507 2213 615 2280 Deum
646 2233 714 2280 non
742 2215 855 2291 timeo,
893 2233 956 2276 nec
977 2211 1143 2292 homiaem,
1160 2206 1255 2274 reve'-¹

80 2338 174 2392 reor,
217 2304 248 2379 5.
278 2313 365 2398 Quia
387 2324 494 2380 tamen
516 2315 652 2394 nroleeta
674 2323 722 2378 est
742 2312 820 2378 mibi
841 2314 923 2378 baec
942 2314 1056 2392 vidua,
1074 2310 1252 2378 vindicabo

81 2419 188 2498 illam,
220 2437 263 2482 ne
290 2415 419 2508 landem
446 2421 585 2485 veniens
609 2415 738 2505 sugillet
764 2437 824 2480 me.
866 2416 897 2480 6.
924 2417 979 2482 Ait
1006 2417 1253 2496 aptemllomie

80 2542 160 2598 nus,
183 2517 325 2621 dedite,
352 2517 431 2605 quid
456 2522 556 2588 iudex
582 2525 712 2609 iniquus
738 2518 838 2584 dicat:
867 2517 911 2604 ¹7.
940 2518 1033 2586 Deus
1054 2509 1160 2592 autern
1181 2517 1257 2584 non'

80 2623 180 2688 faciet
212 2620 386 2688 vindictam
416 2622 593 2691 electorum
619 2642 750 2690 suorum
780 2621 1002 2686 clamantium
1013 2619 1053 2684 ad
1085 2640 1120 2682 se
1152 2627 1249 2684 noete

83 2738 117 2792 et
140 2725 212 2804 die,
240 2728 334 2790 etiam
355 2737 455 2812 'quum
476 2731 603 2822 patiens
625 2727 722 2804 [uerit
743 2745 842 2819 snper
861 2723 945 2802 illisi
976 2725 1015 2822 ἶ8.
1032 2721 1122 2810 'llice
1143 2719 1253 2799 vobis,‘

82 2827 175 2918 quod
196 2817 371 2900 vindictam
399 2829 531 2906 illorurn
557 2819 654 2903 faciel
675 2833 755 2906 citos
785 2839 995 2902 veruntamen
1017 2821 1121 2894 Filios
1148 2825 1250 2923 borni·

81 2935 134 3003 nin
156 2951 257 3028 quum
275 2937 420 3014 venerit,
437 2948 484 3002 an¹
499 2947 686 3022 reperturus
708 2933 876 3000 est'lidem
898 2934 933 2996 in
956 2932 1061 3012 terrei
1161 2975 1180 3016 '.

160 3089 288 3164 sensus,
308 3067 394 3170 aaa
414 3083 479 3154 »aa
498 3083 536 3158 aa
554 3092 840 3167 aerior-aratinus,
859 3080 1179 3171 pacatianorum
1199 3099 1245 3148 ar.
1322 3139 1326 3146 ,

83 3185 145 3247 que
161 3167 201 3226 in
214 3166 276 3226 boe
292 3187 327 3227 se
344 3169 446 3248 prodit
465 3183 565 3231 nostra
585 3171 759 3243 infidelitas,
778 3170 869 3248 quod,
889 3168 944 3227 nisi
962 3165 1061 3247 primis
1081 3161 1158 3226 votis
1178 3187 1244 3226 sue-

82 3244 181 3320 cedet,
199 3243 336 3326 protinus
355 3266 413 3305 una
433 3267 499 3306 enm
518 3268 570 3327 spe
590 3247 717 3308 studium
737 3265 855 3336 quoqne
876 3243 1035 3308 obiicimus.
1061 3243 1153 3322 tthui
1173 3243 1245 3302 haec

83 3321 203 3382 demum
216 3317 347 3402 legitima
361 3333 405 3382 est
415 3322 539 3384 fiduciae
577 3323 706 3398 robatio,
725 3345 749 3382 ει
769 3342 833 3401 qurs
853 3320 1000 3382 desiderio
1019 3339 1072 3378 suo
1093 3319 1246 3408 frustratus

83 3417 149 3457 uon
167 3397 274 3456 tamen
287 3397 415 3462 mimum
435 3345 626 3480 despondeat.
656 3400 758 3477 Quare
777 3417 841 3458 non
862 3397 912 3458 abs
932 3417 965 3458 re
987 3392 1120 3460 Christus
1141 3395 1246 3455 orandi

82 3473 335 3554 perseverantiam
353 3496 433 3536 nune
454 3478 642 3538 commendat
666 3476 724 3535 suis
744 3474 901 3554 discipulis.
940 3473 1037 3536 Porro
1056 3471 1245 3534 similitudine

83 3550 176 3610 utitur
195 3549 268 3610 licet
287 3550 358 3612 dura
378 3552 409 3610 in
428 3554 574 3634 speeiem,
593 3565 693 3612 tamen
713 3551 854 3630 imprimis
874 3572 889 3610 a
913 3550 1023 3629 posita,
1044 3549 1113 3610 dum
1133 3548 1245 3625 impor-

83 3639 156 3690 tune
173 3647 245 3687 snos
265 3625 343 3706 apud
362 3628 459 3688 Deum
479 3629 598 3690 Patrem
622 3629 733 3688 instare
759 3627 870 3702 docet„
892 3571 990 3688 leuce
1008 3626 1128 3684 tandem
1148 3633 1246 3684 eatur·-

83 3715 206 3781 queant,
226 3702 307 3781 qnod
327 3703 437 3782 alloqui
456 3706 573 3766 videtur
586 3725 648 3765 non
661 3704 789 3764 libenter
803 3705 886 3770 dure:
906 3722 968 3761 non
989 3698 1161 3780 quodDeus
1175 3717 1244 3778 pre-

83 3777 166 3840 cibus
186 3779 296 3840 nostris
315 3780 408 3840 vietus
428 3781 465 3841 ad
484 3781 716 3844 misericordiam
727 3800 815 3864 aegre
831 3792 939 3840 etsero
951 3779 1096 3850 flectatur,
1115 3775 1165 3834 sed
1178 3771 1245 3851 quia

82 3875 145 3915 non
165 3877 179 3915 s
213 3855 264 3914 tim
283 3875 317 3916 re
336 3857 400 3949 ipsa
418 3867 553 3934 testatum
572 3879 603 3918 se
623 3858 699 3918 rotis
718 3855 827 3916 nostris
848 3856 934 3916 [nime
954 3851 1125 3936 propitium.
1153 3849 1245 3924 Quod

81 3943 181 3994 autern
223 3931 328 3998 timens
348 3953 379 3994 m
400 3933 543 4014 parabola
561 3933 676 3996 viduam
691 3932 778 3993 nobis
789 3930 943 4024 proponit,
962 3949 1037 4010 quae
1051 3947 1067 3988 a
1079 3925 1176 4016 iudice
1187 3925 1245 3986 ini-

104 4029 143 4069 no
165 4019 198 4068 et
217 4008 330 4068 crudeli
348 4010 519 4090 impetrarit
537 4011 617 4090 quod
637 4008 772 4082 volebat,
803 4029 871 4091 qma
897 4006 1010 4067 assidue
1028 4004 1163 4084 flagitare
1183 4022 1246 4062 nou

81 4029 206 4158 destitit,
226 4105 336 4146 summa
356 4093 410 4162 est,
428 4087 528 4154 Deum
539 4109 602 4151 non
618 4087 715 4147 stadm
725 4081 783 4147 suis
803 4105 892 4166 opem
910 4083 1002 4155 ferre,
1019 4080 1088 4160 quia
1108 4077 1246 4159 precibus

82 4161 305 4242 quodammodo
325 4163 389 4224 vult
408 4163 534 4245 fatigari.
574 4161 733 4224 Caeterum
753 4160 938 4244 quantumvis
948 4157 1045 4220 miseri
1065 4155 1124 4216 sint
1140 4177 1173 4216 ac
1194 4157 1247 4217 de·

81 4238 190 4318 specu,
210 4237 261 4318 qni
281 4238 375 4319 ipsum
394 4253 493 4316 orant,
510 4240 601 4300 modo
620 4251 720 4302 tamen
733 4259 796 4299 non
807 4236 946 4318 deficiant
957 4255 974 4294 a
985 4233 1130 4296 continno
1143 4231 1249 4294 orandi

83 4325 212 4392 tenore,
241 4314 350 4396 respici
368 4317 487 4381 tandem
506 4317 544 4382 ab
563 4318 648 4399 ipso,
675 4327 833 4379 uteorum
849 4309 1072 4376 necessitatibus
1090 4319 1249 4374 succurrat
