<?xml version="1.0" encoding="UTF-8"?>
<!DOCTYPE html PUBLIC "-//W3C//DTD XHTML 1.0 Transitional//EN"
    "http://www.w3.org/TR/xhtml1/DTD/xhtml1-transitional.dtd">
<html xmlns="http://www.w3.org/1999/xhtml" xml:lang="en" lang="en">
 <head>
  <title>
</title>
<meta http-equiv="Content-Type" content="text/html;charset=utf-8" />
  <meta name='ocr-system' content='tesseract 3.04.00' />
  <meta name='ocr-capabilities' content='ocr_page ocr_carea ocr_par ocr_line ocrx_word'/>
</head>
<body>
  <div class='ocr_page' id='page_1' title='image "./innovumtestamen00calvgoog_0080.png"; bbox 0 0 2764 4846; ppageno 0'>
   <div class='ocr_carea' id='block_1_1' title="bbox 167 788 912 944">
    <p class='ocr_par' dir='ltr' id='par_1_1' title="bbox 167 788 912 944">
     <span class='ocr_line' id='line_1_1' title="bbox 167 788 912 944; baseline 0.009 -21"><span class='ocrx_word' id='word_1_1' title='bbox 167 788 179 898; x_wconf 78' lang='grc' dir='ltr'><em>ὶ</em></span> <span class='ocrx_word' id='word_1_2' title='bbox 236 813 912 944; x_wconf 78' lang='lat' dir='ltr'>10Annlsoanv1u1</span> 
     </span>
    </p>
   </div>
   <div class='ocr_carea' id='block_1_2' title="bbox 420 999 809 1118">
    <p class='ocr_par' dir='ltr' id='par_1_2' title="bbox 420 999 809 1118">
     <span class='ocr_line' id='line_1_2' title="bbox 420 999 809 1118; baseline 0.015 -21"><span class='ocrx_word' id='word_1_3' title='bbox 420 1035 464 1097; x_wconf 79' lang='lat' dir='ltr'>nt</span> <span class='ocrx_word' id='word_1_4' title='bbox 477 999 763 1118; x_wconf 76' lang='lat' dir='ltr'>&#39;nannontaar</span> <span class='ocrx_word' id='word_1_5' title='bbox 805 1067 809 1074; x_wconf 84' lang='lat'><em>·</em></span> 
     </span>
    </p>
   </div>
   <div class='ocr_carea' id='block_1_3' title="bbox 53 1129 1145 1453">
    <p class='ocr_par' dir='ltr' id='par_1_3' title="bbox 53 1129 1145 1453">
     <span class='ocr_line' id='line_1_3' title="bbox 53 1129 1145 1299; baseline 0.019 -21"><span class='ocrx_word' id='word_1_6' title='bbox 53 1191 102 1281; x_wconf 82' lang='lat' dir='ltr'>rt</span> <span class='ocrx_word' id='word_1_7' title='bbox 137 1191 529 1299; x_wconf 78' lang='lat' dir='ltr'>ntanrnaao</span> <span class='ocrx_word' id='word_1_8' title='bbox 586 1197 815 1290; x_wconf 79' lang='lat' dir='ltr'>arnaco</span> <span class='ocrx_word' id='word_1_9' title='bbox 852 1185 924 1294; x_wconf 68' lang='lat' dir='ltr'>&#39;an</span> <span class='ocrx_word' id='word_1_10' title='bbox 969 1129 1145 1298; x_wconf 77' lang='lat' dir='ltr'>noua</span> 
     </span>
     <span class='ocr_line' id='line_1_4' title="bbox 359 1389 724 1453; baseline 0.005 -2"><span class='ocrx_word' id='word_1_11' title='bbox 359 1421 364 1428; x_wconf 95' lang='lat'>·</span> <span class='ocrx_word' id='word_1_12' title='bbox 447 1389 724 1453; x_wconf 79' lang='lat' dir='ltr'><strong>COMPOSITAM</strong></span> 
     </span>
    </p>
   </div>
   <div class='ocr_carea' id='block_1_4' title="bbox 342 1557 933 1672">
    <p class='ocr_par' dir='ltr' id='par_1_4' title="bbox 342 1557 933 1672">
     <span class='ocr_line' id='line_1_5' title="bbox 342 1557 933 1672; baseline 0.008 -42"><span class='ocrx_word' id='word_1_13' title='bbox 342 1557 827 1650; x_wconf 80' lang='lat' dir='ltr'>connanaaarr.</span> <span class='ocrx_word' id='word_1_14' title='bbox 929 1663 933 1672; x_wconf 21' lang='grc' dir='ltr'>Ι</span> 
     </span>
    </p>
   </div>
   <div class='ocr_carea' id='block_1_5' title="bbox 219 1829 1012 1984">
    <p class='ocr_par' dir='ltr' id='par_1_5' title="bbox 219 1829 1012 1984">
     <span class='ocr_line' id='line_1_6' title="bbox 219 1829 1012 1984; baseline 0.011 -32"><span class='ocrx_word' id='word_1_15' title='bbox 219 1829 580 1984; x_wconf 79' lang='lat' dir='ltr'>vonoannu</span> <span class='ocrx_word' id='word_1_16' title='bbox 642 1892 937 1961; x_wconf 70' lang='lat' dir='ltr'>natarunt:</span> <span class='ocrx_word' id='word_1_17' title='bbox 1006 1903 1012 1916; x_wconf 89' lang='lat'><strong>·</strong></span> 
     </span>
    </p>
   </div>
   <div class='ocr_carea' id='block_1_6' title="bbox 713 2041 994 2052">
    <p class='ocr_par' dir='ltr' id='par_1_6' title="bbox 713 2041 994 2052">
     <span class='ocr_line' id='line_1_7' title="bbox 713 2041 994 2052; baseline 0.014 -3"><span class='ocrx_word' id='word_1_18' title='bbox 713 2041 994 2052; x_wconf 52' lang='grc' dir='ltr'>σηοω-...Μ</span> 
     </span>
    </p>
   </div>
   <div class='ocr_carea' id='block_1_7' title="bbox 418 2209 747 2300">
    <p class='ocr_par' dir='ltr' id='par_1_7' title="bbox 418 2209 747 2300">
     <span class='ocr_line' id='line_1_8' title="bbox 418 2209 747 2300; baseline 0.012 -4"><span class='ocrx_word' id='word_1_19' title='bbox 418 2209 659 2300; x_wconf 80' lang='lat' dir='ltr'>SECTIO</span> <span class='ocrx_word' id='word_1_20' title='bbox 716 2212 747 2300; x_wconf 89' lang='lat' dir='ltr'>l.</span> 
     </span>
    </p>
   </div>
   <div class='ocr_carea' id='block_1_8' title="bbox 286 2332 930 2427">
    <p class='ocr_par' dir='ltr' id='par_1_8' title="bbox 286 2332 930 2427">
     <span class='ocr_line' id='line_1_9' title="bbox 286 2332 930 2427; baseline 0.008 -5"><span class='ocrx_word' id='word_1_21' title='bbox 286 2332 930 2427; x_wconf 66' lang='lat' dir='ltr'>aaaaaanronucan</span> 
     </span>
    </p>
   </div>
   <div class='ocr_carea' id='block_1_9' title="bbox 49 2502 1255 3240">
    <p class='ocr_par' dir='ltr' id='par_1_9' title="bbox 49 2502 1255 3240">
     <span class='ocr_line' id='line_1_10' title="bbox 98 2502 1255 2664; baseline 0.007 -44"><span class='ocrx_word' id='word_1_22' title='bbox 98 2555 148 2635; x_wconf 88' lang='lat' dir='ltr'>(l.)</span> <span class='ocrx_word' id='word_1_23' title='bbox 167 2555 268 2628; x_wconf 84' lang='lat' dir='ltr'><strong>LUC.</strong></span> <span class='ocrx_word' id='word_1_24' title='bbox 292 2557 318 2624; x_wconf 89' lang='lat' dir='ltr'>l.</span> <span class='ocrx_word' id='word_1_25' title='bbox 362 2560 390 2624; x_wconf 88' lang='lat'>1.</span> <span class='ocrx_word' id='word_1_26' title='bbox 421 2502 608 2664; x_wconf 77' lang='lat' dir='ltr'><strong>Quoniam</strong></span> <span class='ocrx_word' id='word_1_27' title='bbox 622 2555 803 2644; x_wconf 77' lang='lat' dir='ltr'><strong>complures</strong></span> <span class='ocrx_word' id='word_1_28' title='bbox 821 2559 959 2644; x_wconf 75' lang='lat' dir='ltr'>aggressi</span> <span class='ocrx_word' id='word_1_29' title='bbox 980 2569 1053 2624; x_wconf 88' lang='lat' dir='ltr'>aunt</span> <span class='ocrx_word' id='word_1_30' title='bbox 1072 2582 1147 2630; x_wconf 88' lang='lat' dir='ltr'>oon·</span> <span class='ocrx_word' id='word_1_31' title='bbox 1251 2601 1255 2609; x_wconf 79' lang='lat'>,</span> 
     </span>
     <span class='ocr_line' id='line_1_11' title="bbox 51 2646 1226 2745; baseline 0.014 -34"><span class='ocrx_word' id='word_1_32' title='bbox 51 2659 127 2719; x_wconf 83' lang='lat' dir='ltr'>tuere</span> <span class='ocrx_word' id='word_1_33' title='bbox 144 2665 364 2726; x_wconf 75' lang='lat' dir='ltr'>narrationem</span> <span class='ocrx_word' id='word_1_34' title='bbox 387 2681 495 2726; x_wconf 85' lang='lat' dir='ltr'>aarum</span> <span class='ocrx_word' id='word_1_35' title='bbox 516 2681 633 2734; x_wconf 85' lang='lat' dir='ltr'>rerum,</span> <span class='ocrx_word' id='word_1_36' title='bbox 653 2681 738 2745; x_wconf 86' lang='lat' dir='ltr'>quaa</span> <span class='ocrx_word' id='word_1_37' title='bbox 759 2671 866 2724; x_wconf 81' lang='lat' dir='ltr'>certae</span> <span class='ocrx_word' id='word_1_38' title='bbox 887 2669 960 2724; x_wconf 82' lang='lat' dir='ltr'>arant</span> <span class='ocrx_word' id='word_1_39' title='bbox 977 2646 1067 2726; x_wconf 81' lang='lat' dir='ltr'>inter</span> <span class='ocrx_word' id='word_1_40' title='bbox 1086 2684 1148 2728; x_wconf 87' lang='lat' dir='ltr'>noa</span> <span class='ocrx_word' id='word_1_41' title='bbox 1172 2688 1174 2694; x_wconf 58' lang='lat'><strong><em>¹</em></strong></span> <span class='ocrx_word' id='word_1_42' title='bbox 1220 2657 1226 2674; x_wconf 79' lang='grc'><strong>“</strong></span> 
     </span>
     <span class='ocr_line' id='line_1_12' title="bbox 52 2741 1147 2850; baseline 0.016 -38"><span class='ocrx_word' id='word_1_43' title='bbox 52 2749 115 2818; x_wconf 86' lang='lat' dir='ltr'>idei:</span> <span class='ocrx_word' id='word_1_44' title='bbox 150 2761 176 2824; x_wconf 77' lang='grc'>2.</span> <span class='ocrx_word' id='word_1_45' title='bbox 196 2759 305 2826; x_wconf 88' lang='lat' dir='ltr'>Sicuti</span> <span class='ocrx_word' id='word_1_46' title='bbox 331 2741 534 2826; x_wconf 82' lang='lat' dir='ltr'>iradiderunt</span> <span class='ocrx_word' id='word_1_47' title='bbox 561 2758 657 2826; x_wconf 79' lang='lat' dir='ltr'>nobis</span> <span class='ocrx_word' id='word_1_48' title='bbox 678 2758 720 2826; x_wconf 87' lang='lat' dir='ltr'>ab</span> <span class='ocrx_word' id='word_1_49' title='bbox 741 2763 848 2839; x_wconf 87' lang='lat' dir='ltr'>initio,</span> <span class='ocrx_word' id='word_1_50' title='bbox 878 2763 932 2845; x_wconf 89' lang='lat' dir='ltr'>qui</span> <span class='ocrx_word' id='word_1_51' title='bbox 957 2759 1022 2824; x_wconf 83' lang='lat' dir='ltr'>auis</span> <span class='ocrx_word' id='word_1_52' title='bbox 1044 2763 1147 2850; x_wconf 84' lang='lat' dir='ltr'>oculis</span> 
     </span>
     <span class='ocr_line' id='line_1_13' title="bbox 49 2851 1146 2952; baseline 0.018 -43"><span class='ocrx_word' id='word_1_53' title='bbox 49 2851 176 2936; x_wconf 73' lang='lat' dir='ltr'>rideant,</span> <span class='ocrx_word' id='word_1_54' title='bbox 202 2872 236 2926; x_wconf 87' lang='lat' dir='ltr'>et</span> <span class='ocrx_word' id='word_1_55' title='bbox 265 2862 405 2926; x_wconf 86' lang='lat' dir='ltr'>ministri</span> <span class='ocrx_word' id='word_1_56' title='bbox 432 2861 559 2929; x_wconf 85' lang='lat' dir='ltr'>inerant</span> <span class='ocrx_word' id='word_1_57' title='bbox 585 2865 756 2930; x_wconf 83' lang='lat' dir='ltr'>sermonis:</span> <span class='ocrx_word' id='word_1_58' title='bbox 794 2863 832 2952; x_wconf 88' lang='grc'><strong>3</strong></span> <span class='ocrx_word' id='word_1_59' title='bbox 848 2861 960 2926; x_wconf 82' lang='lat' dir='ltr'>Visum</span> <span class='ocrx_word' id='word_1_60' title='bbox 984 2870 1030 2928; x_wconf 85' lang='lat' dir='ltr'>eat</span> <span class='ocrx_word' id='word_1_61' title='bbox 1053 2865 1146 2929; x_wconf 84' lang='lat' dir='ltr'>otiaut</span> 
     </span>
     <span class='ocr_line' id='line_1_14' title="bbox 51 2953 1219 3049; baseline 0.016 -37"><span class='ocrx_word' id='word_1_62' title='bbox 51 2953 115 3032; x_wconf 87' lang='lat' dir='ltr'>nili,</span> <span class='ocrx_word' id='word_1_63' title='bbox 142 2961 294 3028; x_wconf 78' lang='lat' dir='ltr'>omnibus</span> <span class='ocrx_word' id='word_1_64' title='bbox 321 2957 362 3026; x_wconf 88' lang='lat' dir='ltr'>ab</span> <span class='ocrx_word' id='word_1_65' title='bbox 389 2962 482 3027; x_wconf 92' lang='lat' dir='ltr'>initio</span> <span class='ocrx_word' id='word_1_66' title='bbox 510 2973 619 3026; x_wconf 81' lang='lat' dir='ltr'>exacto</span> <span class='ocrx_word' id='word_1_67' title='bbox 645 2963 881 3047; x_wconf 79' lang='lat' dir='ltr'>pervestigatio,</span> <span class='ocrx_word' id='word_1_68' title='bbox 912 2961 1067 3049; x_wconf 78' lang='lat' dir='ltr'><strong>deinceps</strong></span> <span class='ocrx_word' id='word_1_69' title='bbox 1088 2963 1146 3030; x_wconf 91' lang='lat' dir='ltr'>tibi</span> <span class='ocrx_word' id='word_1_70' title='bbox 1212 2987 1219 3000; x_wconf 80' lang='grc'><strong><em>’</em></strong></span> 
     </span>
     <span class='ocr_line' id='line_1_15' title="bbox 50 3043 1148 3152; baseline 0.016 -38"><span class='ocrx_word' id='word_1_71' title='bbox 50 3048 175 3138; x_wconf 61' lang='lat' dir='ltr'>seribere,x</span> <span class='ocrx_word' id='word_1_72' title='bbox 196 3067 323 3150; x_wconf 86' lang='lat' dir='ltr'>optime</span> <span class='ocrx_word' id='word_1_73' title='bbox 346 3043 545 3146; x_wconf 74' lang='lat' dir='ltr'>Theophila,</span> <span class='ocrx_word' id='word_1_74' title='bbox 574 3063 604 3127; x_wconf 81' lang='lat'>4.</span> <span class='ocrx_word' id='word_1_75' title='bbox 626 3063 671 3128; x_wconf 89' lang='lat' dir='ltr'>Ut</span> <span class='ocrx_word' id='word_1_76' title='bbox 692 3084 845 3148; x_wconf 77' lang='lat' dir='ltr'>agnoscas</span> <span class='ocrx_word' id='word_1_77' title='bbox 866 3083 993 3142; x_wconf 81' lang='lat' dir='ltr'>eorum,</span> <span class='ocrx_word' id='word_1_78' title='bbox 1014 3061 1055 3130; x_wconf 86' lang='lat' dir='ltr'>do</span> <span class='ocrx_word' id='word_1_79' title='bbox 1078 3068 1148 3152; x_wconf 87' lang='lat' dir='ltr'>qui-</span> 
     </span>
     <span class='ocr_line' id='line_1_16' title="bbox 51 3147 614 3240; baseline 0.011 -19"><span class='ocrx_word' id='word_1_80' title='bbox 51 3147 93 3217; x_wconf 68' lang='lat' dir='ltr'>bus</span> <span class='ocrx_word' id='word_1_81' title='bbox 109 3159 231 3229; x_wconf 83' lang='lat' dir='ltr'>edoctus</span> <span class='ocrx_word' id='word_1_82' title='bbox 256 3163 361 3240; x_wconf 80' lang='lat' dir='ltr'>fuisti,</span> <span class='ocrx_word' id='word_1_83' title='bbox 383 3160 614 3234; x_wconf 65' lang='lat' dir='ltr'>certitudinem.</span> 
     </span>
    </p>
   </div>
   <div class='ocr_carea' id='block_1_10' title="bbox 105 3335 1245 3424">
    <p class='ocr_par' dir='ltr' id='par_1_10' title="bbox 105 3335 1245 3424">
     <span class='ocr_line' id='line_1_17' title="bbox 105 3335 1245 3424; baseline 0.011 -31"><span class='ocrx_word' id='word_1_84' title='bbox 105 3335 180 3402; x_wconf 73' lang='lat' dir='ltr'>Solus</span> <span class='ocrx_word' id='word_1_85' title='bbox 198 3341 296 3403; x_wconf 76' lang='lat' dir='ltr'>Lucae</span> <span class='ocrx_word' id='word_1_86' title='bbox 315 3341 347 3402; x_wconf 85' lang='lat' dir='ltr'>in</span> <span class='ocrx_word' id='word_1_87' title='bbox 368 3361 450 3401; x_wconf 87' lang='lat' dir='ltr'>anum</span> <span class='ocrx_word' id='word_1_88' title='bbox 469 3339 663 3424; x_wconf 82' lang='lat' dir='ltr'>Evangeliuru</span> <span class='ocrx_word' id='word_1_89' title='bbox 682 3341 846 3422; x_wconf 76' lang='lat' dir='ltr'>praefatur,</span> <span class='ocrx_word' id='word_1_90' title='bbox 876 3341 1058 3404; x_wconf 83' lang='lat' dir='ltr'>utbreviter</span> <span class='ocrx_word' id='word_1_91' title='bbox 1077 3365 1146 3404; x_wconf 83' lang='lat' dir='ltr'>cau-</span> <span class='ocrx_word' id='word_1_92' title='bbox 1244 3339 1245 3344; x_wconf 59' lang='grc'>’</span> 
     </span>
    </p>
   </div>
   <div class='ocr_carea' id='block_1_11' title="bbox 52 3416 1229 4492">
    <p class='ocr_par' dir='ltr' id='par_1_11' title="bbox 52 3416 1229 4492">
     <span class='ocr_line' id='line_1_18' title="bbox 53 3416 1146 3498; baseline 0.005 -23"><span class='ocrx_word' id='word_1_93' title='bbox 53 3425 238 3496; x_wconf 59' lang='lat' dir='ltr'>“puponan</span> <span class='ocrx_word' id='word_1_94' title='bbox 271 3439 331 3498; x_wconf 84' lang='lat' dir='ltr'>qua</span> <span class='ocrx_word' id='word_1_95' title='bbox 350 3416 592 3480; x_wconf 77' lang='lat' dir='ltr'>adscribendum</span> <span class='ocrx_word' id='word_1_96' title='bbox 611 3417 745 3479; x_wconf 87' lang='lat' dir='ltr'>inductus</span> <span class='ocrx_word' id='word_1_97' title='bbox 766 3419 829 3480; x_wconf 75' lang='lat' dir='ltr'>suit</span> <span class='ocrx_word' id='word_1_98' title='bbox 870 3419 962 3494; x_wconf 86' lang='lat' dir='ltr'>Quod</span> <span class='ocrx_word' id='word_1_99' title='bbox 982 3417 1071 3479; x_wconf 75' lang='lat' dir='ltr'>unum</span> <span class='ocrx_word' id='word_1_100' title='bbox 1090 3421 1146 3480; x_wconf 82' lang='lat' dir='ltr'>lro·</span> 
     </span>
     <span class='ocr_line' id='line_1_19' title="bbox 52 3493 1146 3576; baseline 0.004 -24"><span class='ocrx_word' id='word_1_101' title='bbox 52 3501 130 3570; x_wconf 59' lang='lat' dir='ltr'>mem</span> <span class='ocrx_word' id='word_1_102' title='bbox 147 3495 319 3576; x_wconf 81' lang='lat' dir='ltr'>compellat,</span> <span class='ocrx_word' id='word_1_103' title='bbox 349 3494 466 3554; x_wconf 83' lang='lat' dir='ltr'>videtur</span> <span class='ocrx_word' id='word_1_104' title='bbox 489 3493 645 3555; x_wconf 86' lang='lat' dir='ltr'>absurdum</span> <span class='ocrx_word' id='word_1_105' title='bbox 672 3515 749 3571; x_wconf 83' lang='lat' dir='ltr'>esse,</span> <span class='ocrx_word' id='word_1_106' title='bbox 781 3517 869 3574; x_wconf 88' lang='lat' dir='ltr'>quum</span> <span class='ocrx_word' id='word_1_107' title='bbox 893 3496 992 3576; x_wconf 86' lang='lat' dir='ltr'>potius</span> <span class='ocrx_word' id='word_1_108' title='bbox 1017 3496 1146 3572; x_wconf 78' lang='lat' dir='ltr'>officiunt</span> 
     </span>
     <span class='ocr_line' id='line_1_20' title="bbox 52 3565 1146 3653; baseline 0.015 -39"><span class='ocrx_word' id='word_1_109' title='bbox 52 3565 200 3646; x_wconf 67' lang='lat' dir='ltr'>trusirent,</span> <span class='ocrx_word' id='word_1_110' title='bbox 226 3571 352 3652; x_wconf 87' lang='lat' dir='ltr'>publico</span> <span class='ocrx_word' id='word_1_111' title='bbox 370 3569 460 3631; x_wconf 83' lang='lat' dir='ltr'>tubae</span> <span class='ocrx_word' id='word_1_112' title='bbox 481 3569 621 3653; x_wconf 84' lang='lat' dir='ltr'>clangore</span> <span class='ocrx_word' id='word_1_113' title='bbox 642 3591 744 3630; x_wconf 85' lang='lat' dir='ltr'>omnes</span> <span class='ocrx_word' id='word_1_114' title='bbox 763 3571 847 3631; x_wconf 80' lang='lat' dir='ltr'>sinaut</span> <span class='ocrx_word' id='word_1_115' title='bbox 866 3594 974 3632; x_wconf 82' lang='lat' dir='ltr'>vocare</span> <span class='ocrx_word' id='word_1_116' title='bbox 994 3573 1029 3633; x_wconf 85' lang='lat' dir='ltr'>ad</span> <span class='ocrx_word' id='word_1_117' title='bbox 1051 3573 1146 3632; x_wconf 85' lang='lat' dir='ltr'>fidem.</span> 
     </span>
     <span class='ocr_line' id='line_1_21' title="bbox 52 3633 1229 3727; baseline 0.003 -25"><span class='ocrx_word' id='word_1_118' title='bbox 52 3633 109 3716; x_wconf 65' lang='lat' dir='ltr'>isgo</span> <span class='ocrx_word' id='word_1_119' title='bbox 126 3660 353 3708; x_wconf 79' lang='lat' dir='ltr'>consentaneum</span> <span class='ocrx_word' id='word_1_120' title='bbox 363 3667 424 3707; x_wconf 93' lang='lat' dir='ltr'>non</span> <span class='ocrx_word' id='word_1_121' title='bbox 445 3647 570 3720; x_wconf 80' lang='lat' dir='ltr'>videtur,</span> <span class='ocrx_word' id='word_1_122' title='bbox 589 3657 622 3707; x_wconf 86' lang='lat' dir='ltr'>ut</span> <span class='ocrx_word' id='word_1_123' title='bbox 641 3647 815 3722; x_wconf 75' lang='lat' dir='ltr'>doctrinam,</span> <span class='ocrx_word' id='word_1_124' title='bbox 836 3669 909 3727; x_wconf 88' lang='lat' dir='ltr'>quae</span> <span class='ocrx_word' id='word_1_125' title='bbox 929 3670 991 3708; x_wconf 82' lang='lat' dir='ltr'>aton</span> <span class='ocrx_word' id='word_1_126' title='bbox 1003 3651 1087 3708; x_wconf 86' lang='lat' dir='ltr'>unius</span> <span class='ocrx_word' id='word_1_127' title='bbox 1099 3648 1146 3707; x_wconf 86' lang='lat' dir='ltr'>vel</span> <span class='ocrx_word' id='word_1_128' title='bbox 1227 3685 1229 3694; x_wconf 55' lang='grc' dir='ltr'><strong><em>ι</em></strong></span> 
     </span>
     <span class='ocr_line' id='line_1_22' title="bbox 53 3709 1147 3804; baseline 0.017 -39"><span class='ocrx_word' id='word_1_129' title='bbox 53 3709 139 3776; x_wconf 81' lang='lat' dir='ltr'>alterius</span> <span class='ocrx_word' id='word_1_130' title='bbox 157 3735 198 3782; x_wconf 78' lang='lat' dir='ltr'>est</span> <span class='ocrx_word' id='word_1_131' title='bbox 216 3725 358 3804; x_wconf 84' lang='lat' dir='ltr'>propria,</span> <span class='ocrx_word' id='word_1_132' title='bbox 387 3724 439 3790; x_wconf 80' lang='lat' dir='ltr'>aed</span> <span class='ocrx_word' id='word_1_133' title='bbox 459 3721 588 3782; x_wconf 86' lang='lat' dir='ltr'>omniurn</span> <span class='ocrx_word' id='word_1_134' title='bbox 608 3724 786 3799; x_wconf 86' lang='lat' dir='ltr'>communis,</span> <span class='ocrx_word' id='word_1_135' title='bbox 815 3725 949 3804; x_wconf 80' lang='lat' dir='ltr'>privatim</span> <span class='ocrx_word' id='word_1_136' title='bbox 968 3744 1022 3784; x_wconf 82' lang='lat' dir='ltr'>auo</span> <span class='ocrx_word' id='word_1_137' title='bbox 1043 3725 1147 3784; x_wconf 86' lang='lat' dir='ltr'>Theo-</span> 
     </span>
     <span class='ocr_line' id='line_1_23' title="bbox 53 3785 1146 3894; baseline 0.012 -50"><span class='ocrx_word' id='word_1_138' title='bbox 53 3785 111 3860; x_wconf 81' lang='lat' dir='ltr'>plilo</span> <span class='ocrx_word' id='word_1_139' title='bbox 128 3797 256 3860; x_wconf 77' lang='lat' dir='ltr'>destinet.</span> <span class='ocrx_word' id='word_1_140' title='bbox 296 3801 376 3860; x_wconf 88' lang='lat' dir='ltr'>llinc</span> <span class='ocrx_word' id='word_1_141' title='bbox 395 3801 503 3860; x_wconf 84' lang='lat' dir='ltr'>sactum</span> <span class='ocrx_word' id='word_1_142' title='bbox 523 3811 566 3860; x_wconf 86' lang='lat' dir='ltr'>est</span> <span class='ocrx_word' id='word_1_143' title='bbox 585 3811 617 3858; x_wconf 90' lang='lat' dir='ltr'>ut</span> <span class='ocrx_word' id='word_1_144' title='bbox 636 3812 775 3894; x_wconf 82' lang='lat' dir='ltr'>putarent</span> <span class='ocrx_word' id='word_1_145' title='bbox 793 3801 920 3880; x_wconf 82' lang='lat' dir='ltr'>quidam,</span> <span class='ocrx_word' id='word_1_146' title='bbox 940 3799 1146 3880; x_wconf 75' lang='lat' dir='ltr'>appellativum</span> 
     </span>
     <span class='ocr_line' id='line_1_24' title="bbox 54 3875 1146 3957; baseline 0.005 -27"><span class='ocrx_word' id='word_1_147' title='bbox 54 3879 96 3923; x_wconf 61' lang='lat' dir='ltr'>“tt</span> <span class='ocrx_word' id='word_1_148' title='bbox 112 3891 225 3948; x_wconf 85' lang='lat' dir='ltr'>nomen,</span> <span class='ocrx_word' id='word_1_149' title='bbox 258 3887 289 3936; x_wconf 85' lang='lat' dir='ltr'>et</span> <span class='ocrx_word' id='word_1_150' title='bbox 308 3876 479 3956; x_wconf 82' lang='lat' dir='ltr'>theophilus</span> <span class='ocrx_word' id='word_1_151' title='bbox 499 3877 598 3937; x_wconf 84' lang='lat' dir='ltr'>vocari</span> <span class='ocrx_word' id='word_1_152' title='bbox 616 3897 682 3957; x_wconf 80' lang='lat' dir='ltr'>pros</span> <span class='ocrx_word' id='word_1_153' title='bbox 703 3898 803 3938; x_wconf 82' lang='lat' dir='ltr'>omnes</span> <span class='ocrx_word' id='word_1_154' title='bbox 824 3899 839 3937; x_wconf 86' lang='lat' dir='ltr'>a</span> <span class='ocrx_word' id='word_1_155' title='bbox 859 3879 922 3938; x_wconf 88' lang='lat' dir='ltr'>Dei</span> <span class='ocrx_word' id='word_1_156' title='bbox 939 3897 1049 3936; x_wconf 87' lang='lat' dir='ltr'>amore.</span> <span class='ocrx_word' id='word_1_157' title='bbox 1090 3875 1146 3936; x_wconf 88' lang='lat' dir='ltr'>Cui</span> 
     </span>
     <span class='ocr_line' id='line_1_25' title="bbox 54 3949 1147 4043; baseline 0.015 -49"><span class='ocrx_word' id='word_1_158' title='bbox 54 3949 183 4010; x_wconf 79' lang='lat' dir='ltr'>tententiae</span> <span class='ocrx_word' id='word_1_159' title='bbox 201 3975 233 4013; x_wconf 87' lang='lat' dir='ltr'>re</span> <span class='ocrx_word' id='word_1_160' title='bbox 256 3963 351 4032; x_wconf 79' lang='lat' dir='ltr'>ugnat</span> <span class='ocrx_word' id='word_1_161' title='bbox 370 3953 541 4043; x_wconf 71' lang='lat' dir='ltr'>epitheton,</span> <span class='ocrx_word' id='word_1_162' title='bbox 567 3955 647 4032; x_wconf 90' lang='lat' dir='ltr'>quod</span> <span class='ocrx_word' id='word_1_163' title='bbox 665 3953 750 4014; x_wconf 85' lang='lat' dir='ltr'>simui</span> <span class='ocrx_word' id='word_1_164' title='bbox 771 3954 894 4014; x_wconf 83' lang='lat' dir='ltr'>additur.</span> <span class='ocrx_word' id='word_1_165' title='bbox 932 3953 996 4011; x_wconf 83' lang='lat' dir='ltr'>Nec</span> <span class='ocrx_word' id='word_1_166' title='bbox 1016 3963 1088 4010; x_wconf 85' lang='lat' dir='ltr'>vero</span> <span class='ocrx_word' id='word_1_167' title='bbox 1108 3953 1147 4010; x_wconf 88' lang='lat' dir='ltr'>ti·</span> 
     </span>
     <span class='ocr_line' id='line_1_26' title="bbox 53 3973 1147 4164; baseline 0.002 -78"><span class='ocrx_word' id='word_1_168' title='bbox 53 4021 129 4097; x_wconf 66' lang='lat' dir='ltr'>nenda</span> <span class='ocrx_word' id='word_1_169' title='bbox 155 4040 197 4090; x_wconf 78' lang='lat' dir='ltr'>eat</span> <span class='ocrx_word' id='word_1_170' title='bbox 224 3973 402 4102; x_wconf 66' lang='lat' dir='ltr'>aiamim,</span> <span class='ocrx_word' id='word_1_171' title='bbox 433 4050 507 4108; x_wconf 82' lang='lat' dir='ltr'>quae</span> <span class='ocrx_word' id='word_1_172' title='bbox 532 4029 598 4089; x_wconf 81' lang='lat' dir='ltr'>allos</span> <span class='ocrx_word' id='word_1_173' title='bbox 624 4031 725 4111; x_wconf 83' lang='lat' dir='ltr'>coegit</span> <span class='ocrx_word' id='word_1_174' title='bbox 748 4029 807 4089; x_wconf 88' lang='lat' dir='ltr'>tale</span> <span class='ocrx_word' id='word_1_175' title='bbox 834 4029 975 4164; x_wconf 44' lang='lat' dir='ltr'>mulium</span> <span class='ocrx_word' id='word_1_176' title='bbox 997 4047 1147 4107; x_wconf 77' lang='lat' dir='ltr'>quaerere.</span> 
     </span>
     <span class='ocr_line' id='line_1_27' title="bbox 55 4087 1148 4186; baseline 0.003 -25"><span class='ocrx_word' id='word_1_177' title='bbox 55 4087 131 4172; x_wconf 70' lang='lat' dir='ltr'>leque</span> <span class='ocrx_word' id='word_1_178' title='bbox 149 4105 223 4164; x_wconf 84' lang='lat' dir='ltr'>enim</span> <span class='ocrx_word' id='word_1_179' title='bbox 241 4107 312 4166; x_wconf 88' lang='lat' dir='ltr'>ideo</span> <span class='ocrx_word' id='word_1_180' title='bbox 332 4106 488 4165; x_wconf 69' lang='lat' dir='ltr'>minua&#39;ad</span> <span class='ocrx_word' id='word_1_181' title='bbox 513 4125 614 4165; x_wconf 83' lang='lat' dir='ltr'>ornnes</span> <span class='ocrx_word' id='word_1_182' title='bbox 639 4106 770 4186; x_wconf 85' lang='lat' dir='ltr'>pertinet</span> <span class='ocrx_word' id='word_1_183' title='bbox 789 4105 873 4166; x_wconf 86' lang='lat' dir='ltr'>Pauli</span> <span class='ocrx_word' id='word_1_184' title='bbox 923 4105 1051 4172; x_wconf 79' lang='lat' dir='ltr'>octrina,</span> <span class='ocrx_word' id='word_1_185' title='bbox 1081 4106 1148 4183; x_wconf 85' lang='lat' dir='ltr'>quia</span> 
     </span>
     <span class='ocr_line' id='line_1_28' title="bbox 55 4175 1148 4259; baseline 0.011 -31"><span class='ocrx_word' id='word_1_186' title='bbox 55 4185 78 4222; x_wconf 79' lang='lat' dir='ltr'>tx</span> <span class='ocrx_word' id='word_1_187' title='bbox 92 4175 284 4259; x_wconf 79' lang='lat' dir='ltr'>ruisEpietolis</span> <span class='ocrx_word' id='word_1_188' title='bbox 297 4181 369 4242; x_wconf 84' lang='lat' dir='ltr'>alias</span> <span class='ocrx_word' id='word_1_189' title='bbox 389 4181 475 4242; x_wconf 86' lang='lat' dir='ltr'>certis</span> <span class='ocrx_word' id='word_1_190' title='bbox 496 4181 626 4258; x_wconf 84' lang='lat' dir='ltr'>urbibus,</span> <span class='ocrx_word' id='word_1_191' title='bbox 646 4181 717 4242; x_wconf 84' lang='lat' dir='ltr'>alias</span> <span class='ocrx_word' id='word_1_192' title='bbox 737 4182 824 4242; x_wconf 84' lang='lat' dir='ltr'>etiam</span> <span class='ocrx_word' id='word_1_193' title='bbox 844 4177 1012 4240; x_wconf 85' lang='lat' dir='ltr'>horninibus</span> <span class='ocrx_word' id='word_1_194' title='bbox 1033 4181 1148 4240; x_wconf 75' lang='lat' dir='ltr'>dicavit.</span> 
     </span>
     <span class='ocr_line' id='line_1_29' title="bbox 56 4239 1148 4337; baseline 0.011 -31"><span class='ocrx_word' id='word_1_195' title='bbox 56 4239 101 4330; x_wconf 64' lang='lat' dir='ltr'>loto</span> <span class='ocrx_word' id='word_1_196' title='bbox 117 4251 137 4310; x_wconf 83' lang='lat' dir='ltr'>si</span> <span class='ocrx_word' id='word_1_197' title='bbox 154 4255 182 4314; x_wconf 90' lang='lat' dir='ltr'>in</span> <span class='ocrx_word' id='word_1_198' title='bbox 200 4271 329 4318; x_wconf 85' lang='lat' dir='ltr'>mentem</span> <span class='ocrx_word' id='word_1_199' title='bbox 349 4257 436 4318; x_wconf 86' lang='lat' dir='ltr'>nobis</span> <span class='ocrx_word' id='word_1_200' title='bbox 455 4257 555 4319; x_wconf 86' lang='lat' dir='ltr'>veniat</span> <span class='ocrx_word' id='word_1_201' title='bbox 574 4258 691 4318; x_wconf 82' lang='lat' dir='ltr'>illorum</span> <span class='ocrx_word' id='word_1_202' title='bbox 711 4269 878 4337; x_wconf 73' lang='lat' dir='ltr'>temporum</span> <span class='ocrx_word' id='word_1_203' title='bbox 898 4257 1047 4330; x_wconf 87' lang='lat' dir='ltr'>conditio,</span> <span class='ocrx_word' id='word_1_204' title='bbox 1074 4259 1148 4318; x_wconf 81' lang='lat' dir='ltr'>lata·</span> 
     </span>
     <span class='ocr_line' id='line_1_30' title="bbox 56 4313 1148 4416; baseline 0.009 -36"><span class='ocrx_word' id='word_1_205' title='bbox 56 4313 128 4406; x_wconf 60' lang='lat' dir='ltr'>ignor</span> <span class='ocrx_word' id='word_1_206' title='bbox 143 4345 234 4394; x_wconf 82' lang='lat' dir='ltr'>sancte</span> <span class='ocrx_word' id='word_1_207' title='bbox 255 4347 287 4396; x_wconf 82' lang='lat' dir='ltr'>et</span> <span class='ocrx_word' id='word_1_208' title='bbox 306 4335 467 4416; x_wconf 86' lang='lat' dir='ltr'>prudenter</span> <span class='ocrx_word' id='word_1_209' title='bbox 485 4342 603 4413; x_wconf 84' lang='lat' dir='ltr'>captum</span> <span class='ocrx_word' id='word_1_210' title='bbox 630 4335 717 4393; x_wconf 81' lang='lat' dir='ltr'>inisse</span> <span class='ocrx_word' id='word_1_211' title='bbox 743 4333 896 4392; x_wconf 81' lang='lat' dir='ltr'>consiliunt</span> <span class='ocrx_word' id='word_1_212' title='bbox 917 4353 932 4390; x_wconf 91' lang='lat' dir='ltr'>a</span> <span class='ocrx_word' id='word_1_213' title='bbox 956 4333 1043 4392; x_wconf 76' lang='lat' dir='ltr'>larua.</span> <span class='ocrx_word' id='word_1_214' title='bbox 1082 4335 1148 4391; x_wconf 90' lang='lat' dir='ltr'>Un-</span> 
     </span>
     <span class='ocr_line' id='line_1_31' title="bbox 57 4391 1152 4492; baseline -0.007 -18"><span class='ocrx_word' id='word_1_215' title='bbox 57 4391 122 4474; x_wconf 67' lang='lat' dir='ltr'>inqu,</span> <span class='ocrx_word' id='word_1_216' title='bbox 138 4405 279 4472; x_wconf 81' lang='lat' dir='ltr'>instabant</span> <span class='ocrx_word' id='word_1_217' title='bbox 298 4413 433 4492; x_wconf 75' lang='lat' dir='ltr'>tyranni,</span> <span class='ocrx_word' id='word_1_218' title='bbox 463 4408 512 4491; x_wconf 65' lang='lat' dir='ltr'>oui</span> <span class='ocrx_word' id='word_1_219' title='bbox 532 4421 613 4472; x_wconf 82' lang='lat' dir='ltr'>metu</span> <span class='ocrx_word' id='word_1_220' title='bbox 633 4422 665 4471; x_wconf 86' lang='lat' dir='ltr'>et</span> <span class='ocrx_word' id='word_1_221' title='bbox 683 4408 846 4472; x_wconf 76' lang='lat' dir='ltr'>terroribus</span> <span class='ocrx_word' id='word_1_222' title='bbox 866 4409 1045 4488; x_wconf 80' lang='lat' dir='ltr'>impedirent</span> <span class='ocrx_word' id='word_1_223' title='bbox 1063 4429 1152 4467; x_wconf 79' lang='lat' dir='ltr'>sanae</span> 
     </span>
    </p>
   </div>
   <div class='ocr_carea' id='block_1_12' title="bbox 80 4493 951 4562">
    <p class='ocr_par' dir='ltr' id='par_1_12' title="bbox 80 4493 951 4562">
     <span class='ocr_line' id='line_1_32' title="bbox 80 4493 951 4562; baseline 0.038 -19"><span class='ocrx_word' id='word_1_224' title='bbox 80 4497 151 4549; x_wconf 63' lang='lat' dir='ltr'>tata-tn</span> <span class='ocrx_word' id='word_1_225' title='bbox 163 4522 240 4562; x_wconf 80' lang='grc' dir='ltr'><strong>ωιι.</strong></span> <span class='ocrx_word' id='word_1_226' title='bbox 255 4516 280 4558; x_wconf 74' lang='lat' dir='ltr'>in</span> <span class='ocrx_word' id='word_1_227' title='bbox 292 4513 375 4561; x_wconf 75' lang='lat' dir='ltr'>llam.</span> <span class='ocrx_word' id='word_1_228' title='bbox 388 4513 432 4562; x_wconf 77' lang='lat' dir='ltr'>nv.</span> <span class='ocrx_word' id='word_1_229' title='bbox 447 4511 501 4559; x_wconf 78' lang='lat' dir='ltr'>l‘ol.</span> <span class='ocrx_word' id='word_1_230' title='bbox 516 4511 535 4562; x_wconf 90' lang='grc' dir='ltr'>Ι.</span> <span class='ocrx_word' id='word_1_231' title='bbox 934 4493 951 4548; x_wconf 74' lang='lat'>1</span> 
     </span>
    </p>
   </div>
   <div class='ocr_carea' id='block_1_13' title="bbox 0 0 1398 4846">
    <p class='ocr_par' dir='ltr' id='par_1_13' title="bbox 0 0 1398 4846">
     <span class='ocr_line' id='line_1_33' title="bbox 0 0 1398 4846; baseline 0 0"><span class='ocrx_word' id='word_1_232' title='bbox 0 0 1398 4846; x_wconf 95' lang='lat' dir='ltr'> </span> 
     </span>
    </p>
   </div>
  </div>
 </body>
</html>
