2756 4838
127 159 208 264 ¹2³⁰
309 193 425 259 sumt
445 181 542 254 nvn.
580 203 841 256 auenniensem
859 203 1148 253 mucucnumoses.

152 349 333 432 piementum
352 345 444 430 Legis*
459 347 560 426 (Rom.
580 352 629 418 13,
647 347 721 418 1⁰2),
740 345 881 425 quoniam
901 344 1000 405 omnia
1025 342 1174 405 secundae
1194 341 1305 404 tabulae

152 435 310 510 praecepta
329 423 366 486 ad
385 443 449 486 eam
468 423 575 484 reierri
594 422 713 482 debent.

227 502 298 561 Luc.
321 505 368 566 28.
413 499 484 562 Hoc
498 502 577 584 foc,
602 513 628 559 et
651 502 733 558 vives
754 531 755 540 κ
777 499 870 560 Paulo
896 509 965 559 ante
990 497 1128 576 exposui,
1160 497 1306 576 quomodo

152 598 219 642 cum
238 577 364 672 gratuita
389 577 459 638 fidei
483 576 689 636 iustificatione
715 575 787 636 haec
813 575 968 666 promissio
993 574 1161 636 conveniat.
1209 575 1307 657 Neque

151 654 231 713 enim
251 653 319 716 ideo
339 671 395 716 nos
413 654 503 735 gratis
521 652 658 715 iustificat
667 651 760 728 Deus,
780 674 847 732 qma
864 654 998 731 Lemnon
1010 651 1142 712 ostendit
1153 651 1308 730 perfectam

151 729 302 804 iustitiam,
316 731 371 790 'sed
393 731 461 810 quia
479 731 511 790 in
524 730 584 791 eius
598 728 806 790 observatione
820 729 968 796 deficimus
980 747 1097 789 omnes:
1117 727 1249 807 ideoque
1259 747 1307 786 nos

145 807 241 866 ,vitam
261 805 307 866 ab·
319 827 352 866 ea
372 807 513 885 consequi
531 817 632 888 negat,
651 807 718 885 quia
738 805 852 866 infirma
872 808 966 866 estin
986 815 1200 866 carnenostra.
1240 805 1308 863 Pro-

151 882 223 948 inde
249 882 321 944 haec
347 885 405 943 duo
431 881 507 943 bene
526 883 606 948 inter
624 901 655 942 se
675 883 871 962 conveniunt,
891 883 1002 966 Legem
1024 883 1144 963 docere,
1165 881 1309 960 quomodo

152 958 209 1020 sibi
229 959 361 1019 homines
373 959 509 1019 iustitiam
526 959 665 1038 operibus
680 973 863 1040 comparent,
883 971 912 1019 et
923 959 1072 1020 neminem
1082 957 1232 1017 iustificari
1243 977 1311 1037 ope-

152 1033 250 1110 ribus,
274 1035 341 1115 quia
366 1055 428 1095 non
453 1035 483 1094 in
504 1035 592 1118 Legis
614 1037 765 1111 doctrina,
789 1037 840 1096 sed
868 1037 898 1095 in
919 1033 1087 1096 hominihus
1109 1047 1153 1094 est
1173 1034 1311 1098 desectus.

154 1111 274 1172 Interea
295 1111 448 1172 consilium
469 1109 581 1172 Christi
601 1112 656 1172 init
676 1113 849 1180 caiumniam
874 1113 1003 1188 diinere,
1029 1118 1089 1191 qua*
1107 1110 1215 1172 sciebat
1234 1111 1312 1189 apud

153 1187 242 1247 rudes
263 1195 294 1249 et
312 1188 448 1250 indoctos
473 1207 505 1248 se
529 1187 659 1270 gravari,
685 1189 767 1270 quasi
791 1189 921 1274 Legem,
947 1195 1091 1270 quatenns
1111 1199 1248 1268 perpetua
1268 1197 1312 1246 est

156 1263 288 1326 Iustitiae
307 1285 339 1324 re
362 1265 419 1338 uin,
439 1276 593 1327 everteret

132 1361 139 1378 ·
230 1348 277 1406 29.
315 1341 336 1402 Ι
389 1341 486 1403 votos
503 1343 661 1422 ismasscm
684 1347 716 1402 sd
732 1347 835 1418 ipsum.
874 1343 977 1402 Videri
1003 1351 1105 1420 posset
1129 1339 1200 1398 haec
1224 1359 1313 1418 quae-

154 1415 212 1480 stio
233 1419 268 1478 ad
290 1418 415 1478 hominis
434 1418 671 1480 iustificationem
691 1419 764 1480 nihil
782 1421 891 1484 vaiere.
935 1421 1046 1478 Verum
1066 1417 1090 1476 si
1111 1417 1253 1476 memoria
1272 1429 1314 1475 te-

155 1509 259 1554 nemus
280 1495 360 1574 qood
380 1493 455 1555 aiibi·
470 1493 578 1560 dictum
604 1507 661 1569 est,
688 1496 841 1556 homiuum
867 1493 1038 1578 hypociisin
1062 1491 1187 1551 maxime
1213 1493 1316 1572 depe-e
1364 1551 1365 1570 ,

154 1567 246 1630 luendi
266 1571 297 1630 iu
316 1572 443 1632 secunda
463 1569 562 1632 catula
582 1572 675 1650 (quia,
696 1573 763 1631 dum
784 1593 815 1633 se
830 1573 948 1656 fingunt
963 1571 1091 1650 optimos
1103 1569 1165 1628 Dei
1182 1569 1316 1642 cultores,

156 1645 305 1708 caritatem
319 1665 388 1730 erga
402 1647 549 1728 proximos
562 1647 657 1726 palam
668 1648 806 1728 violant),
826 1651 894 1709 inde
910 1648 1237 1730 eoiiigereprnmptum
1254 1647 1315 1718 erit,

80 1731 86 1752 '
155 1721 215 1782 hoc
234 1723 363 1814 suffugio
385 1745 468 1782 usum
487 1723 575 1782 iuisse
595 1723 794 1798 Pharisaeuin,
814 1737 847 1784 ut
865 1725 919 1785 snb
930 1723 1007 1784 falsa
1018 1723 1233 1782 sanctimoniae
1243 1722 1315 1781 iarsa

156 1797 293 1864 obtectus
314 1819 344 1857 un
366 1797 460 1857 iucem
481 1819 543 1858 non
562 1799 716 1878 prodiret·
728 1801 845 1889 Quum
867 1822 939 1882 ergo
959 1797 1108 1879 intelligat
1126 1819 1249 1858 examen
1268 1821 1312 1858 ca-

155 1873 251 1936 ritatis
271 1873 326 1934 sibi
347 1873 413 1934 iore
433 1873 595 1948 adversum,
615 1874 742 1935 latebras
755 1879 892 1958 captatio
904 1877 1033 1936 'nomine
1053 1875 1193 1966 proximi,
1214 1897 1251 1934 ne
1269 1895 1314 1954 ap-

155 1961 260 2028 pareat
279 1949 367 2085 Lepis
387 1958 604 2030 transgressor.¹
624 1951 821 2014 Prius¹auteru
837 1955 958 2018 vidimus
979 1953 1032 2014 huc
1051 1961 1082 2009 rit
1094 1963 1191 2032 ‘purte
1213 1951 1314 2032 Legem
1365 1956 1366 2004 i

155 2025 295 2086 ascribis
329 2025 403 2085 uisse
424 2037 602 2105 corruptum,
617 2029 702 2106 ,quod
723 2037 783 2088 ¹rum
797 2031 870 2092 aiios
891 2029 947 2090 sibi
965 2027 1153 2108 propinquos
1165 2029 1313 2103 ,ducebant
1365 2015 1366 2090 i

154 2087 213 2162 itssi
232 2103 283 2181 qui
303 2103 331 2162 di
354 2101 386 2162 ni
405 2113 510 2164 essent.
541 2105 629 2168 Unde
650 2115 681 2162 et
700 2104 772 2166 iiiud
792 2108 905 2168 axioma
924 2106 1004 2164 inter
1014 2125 1065 2174 eos
1076 2117 1234 2184 receptum
1251 2115 1314 2174 erat,

155 2175 316 2240 iicere'odi
359 2179 466 2240 habere
493 2179 636 2240 inimicos.
684 2175 759 2242 Nim
784 2183 857 2243 haec
881 2203 938 2242 una
964 2179 1127 2262 hypocritis
1154 2193 1251 2242 reatus
1276 2181 1313 2242 sui

155 2254 296 2392 aidaoppndii
317 2255 472 2391 ζαέἰριεεῑ,
495 2257 683 2340 tergiuersari
708 2261 806 2342 quoad
825 2268 963 2340 possunt,
982 2277 1021 2318 ne
1039 2255 1099 2344 rita
1119 2268 1173 2330 stra
1194 2258 1315 2340 exigatur

156 2351 173 2391 a
240 2353 255 2390 e
289 2355 351 2392 sm
373 2353 469 2396 icrunt
717 2359 720 2370 ·

231 2351 278 2473 3ii.
317 2408 507 2486 Respondeas
525 2407 678 2471 lessts'etc.
717 2411 841 2472 Poterat
859 2410 1030 2490 simpliciter
1039 2410 1159 2471 ‘docere
1179 2409 1314 2480 Christus,
1366 2457 1367 2470 i

153 2487 289 2621 produci
305 2483 417 2546 nomen
437 2487 473 2546 ad
494 2488 623 2566 quemiis
643 2488 794 2547 hominum
813 2489 979 2568 promiscue
992 2487 1121 2563 extendi,
1142 2488 1211 2567 quia
1230 2499 1316 2547 totum

177 2578 317 2622 numanum
343 2581 435 2644 genus
461 2569 563 2622 sancto
590 2565 717 2642 quodam
742 2565 890 2626 societatis
914 2563 1034 2630 uinculo
1060 2564 1254 2624 toniunctum
1276 2564 1316 2624 sit

156 2638 199 2698 Et
218 2649 297 2701 certe
317 2639 463 2698 Dominus
482 2659 545 2698 aron
565 2640 622 2700 alia·
642 2639 678 2700 de
699 2653 784 2701 causa
796 2659 905 2700 nomen
925 2640 984 2700 hoc'
1004 2640 1035 2698 in
1046 2639 1130 2722 Lege
1142 2642 1251 2731 posuit,
1269 2639 1317 2698 nisi

156 2725 191 2775 ut
210 2735 264 2775 nos
286 2717 320 2774 ad
342 2725 473 2776 mutuum
500 2730 631 2780 aurorem
655 2718 769 2778 suarius
789 2717 941 2777 alliceret·
978 2716 1093 2781 Claritas
1114 2717 1220 2777 fuisset
1237 2737 1317 2797 prae-

156 2802 286 2870 ceptum,
305 2791 406 2870 Dilige
428 2795 665 2872 unriurq'uem'que
679 2794 827 2854 hotuinem
843 2794 957 2853 sicutte
978 2793 1086 2874 ipsum:
1108 2794 1160 2852 sed
1203 2795 1249 2852 uia
1270 2795 1319 2852 ho-

156 2867 250 2926 mines
270 2887 320 2926 sua
340 2868 476 2946 supc'tisia
498 2873 649 2942 excoecat,
679 2881 714 2940 nt
738 2869 854 2952 singuli
871 2886 902 2928 se
922 2869 932 2926 i
953 2869 991 2928 sis
1010 2870 1148 2930 contenti
1167 2812 1241 2930 aios
1262 2871 1319 2950 pari

157 2943 251 3024 gradu
270 2943 317 3002 vix
337 2943 505 3034 dignentur¹
516 2945 735 3024 suaqueosficit
755 2947 795 3006 ais
806 2891 1047 3018 iiiisiubd'ucant,
1062 2946 1135 3005 ‘data
1148 2963 1240 3028 opera
1255 2967 1319 3027 pro-

77 3037 80 3050 *
139 3019 274 3078 'nuntiat
293 3019 438 3078 Dominus
460 3036 562 3080 omnes
583 3037 644 3114 pse
664 3043 720 3118 pro
743 3023 859 3102 inqisoi,
883 3026 916 3082 ut
934 3022 995 3102 ipsu
1016 3022 1144 3082 affinitas
1169 3021 1245 3084 aiios
1265 3021 1321 3083 aiiis

157 3094 283 3154 vicissim
304 3094 452 3155 couciiiet.
495 3097 579 3182 Ergo
604 3103 637 3155 ui
661 3099 736 3178 quis·
749 3098 837 3163 nobis
856 3099 895 3158 sit
913 3099 1113 3179 propinquus,
1133 3099 1245 3160 sufficit
1265 3119 1322 3160 esse

157 3169 320 3246 homiuem,
340 3171 561 3308 qpia'nostcum
587 3195 649 3234 non
676 3185 1088 3244 est·commnneur¹'naturam
1114 3175 1226 3236 delere.
1268 3177 1322 3236 Sed

159 3245 290 3306 Christus
311 3266 327 3306 a
375 3247 506 3308 harisaeo
526 3250 1016 3332 responsumeiic'eievoluitque
1036 3252 1183 3332 seipsum
1204 3253 1321 3312 darnou-

157 3335 213 3384 ret.
254 3323 333 3399 Quia
361 3324 439 3384 euim
468 3326 545 3406 apud
571 3349 622 3387 cos
648 3325 818 3389 oiitiiutiera't
841 3327 891 3388 iiia
911 3329 1324 3410 magistralis'determinatio,

157 3401 308 3460 neminem
329 3419 391 3460 esse
412 3399 498 3464 nobis
519 3405 681 3483 proximum
701 3406 758 3467 nisi
797 3406 827 3464 ui
847 3407 955 3466 amicus
977 3413 1037 3478 est',
1061 3405 1085 3464 si
1106 3415 1173 3466 eum
1196 3407 1323 3486 praecise

159 3488 293 3562 rogasset
315 3475 460 3552 Christus,
480 3499 630 3560 uunquam
649 3424 825 3546 munimini
847 3483 1109 3556 cod‘ieis‘us''soiet,
1129 3482 1183 3541 sub
1204 3483 1325 3542 nomine

158 3555 284 3634 proximi
305 3555 519 3690 comprehendi
539 3577 640 3618 omues
661 3559 808 3622 homines:
829 3560 993 3639 quodcum
1013 3559 1101 3618 iateri
1121 3560 1205 3639 cogit
1221 3557 1324 3619 simili-

159 3631 233 3690 tudo
259 3633 289 3690 in
315 3651 363 3691 me
386 3648 442 3692 aum
462 3633 601 3692 adducta.
648 3635 767 3696 Summa
786 3654 860 3704 vero
880 3647 938 3709 ese,
962 3635 1128 3718 proximum
1155 3635 1238 3696 nobis
1258 3653 1322 3692 esse

158 3707 365 3774 alienissimum
388 3726 544 3790 quemque,
564 3709 631 3788 quia
646 3711 728 3770 Dens
745 3717 869 3772 tudetes
878 3713 1017 3772 'homines
1036 3713 1117 3772 inter'
1136 3731 1169 3774 se
1189 3710 1326 3780 devinxit,

157 3795 192 3844 ut
211 3784 261 3844 aiii
280 3784 353 3845 aiios
373 3784 482 3847 iuvent.
512 3785 682 3846 'Concin'ne
702 3785 799 3848 tamesi
813 3787 937 3853 liidae‘us
950 3799 988 3849 et
1003 3789 1174 3850 sacerdotes¹
1187 3789 1327 3868 imprimis

157 3861 342 3954 perstringit,
363 3861 450 3941 quod·
465 3883 552 3940 quum
571 3877 601 3922 se
614 3864 742 3927 eiusdent
758 3865 851 3924 Patris
865 3859 1093 3925 iiiiosiaetarent
1113 3877 1145 3926 et
1156 3865 1327 3948 adoptionis

156 3935 316 4022 privilegio
336 3959 367 3998 se
387 3960 404 3998 a
424 3937 545 4018 reiiqdis
563 3940 702 4030 pentibus
724 3941 895 4016 disiunctos,
913 3949 947 4001 tit
967 3949 1063 4002 essem
1082 3943 1237 4002 sacrafici
1260 3943 1326 4001 irae-

157 4015 277 4090 reditas,
296 4014 423 4079 barbaro
442 4016 541 4077 tamen
561 4017 739 4100 immanique
755 4025 927 4100 contemptu
943 4019 992 4080 aiii
1009 4019 1080 4078 aiios
1099 4039 1164 4081 non
1182 4041 1269 4080 secus
1280 4021 1328 4078 de-

160 4088 318 4166 spicercnt,
338 4093 395 4151 acsi
416 4091 496 4152 nuile
516 4094 701 4154 necessitudo
719 4094 935 4156 'intercederet
979 4095 1084 4176 Neque
1105 4096 1187 4156 enim
1208 4095 1328 4158 dubium

160 4175 215 4254 est,
235 4167 304 4243 quin
327 4167 460 4231 Christus
481 4169 629 4234 crudelem
656 4164 782 4231 caritatis
800 4173 973 4256 ‘neglectum
984 4172 1158 4248 describat,
1186 4173 1270 4233 cuins
1289 4171 1329 4230 iiii

159 4239 215 4306 subt
236 4243 347 4302 conscii
368 4255 460 4306 eraut.
493 4245 651 4311 Caeterum
671 4247 719 4308 hic
738 4260 772 4306 nt
791 4246 848 4308 dixi
881 4250 1032 4330 raecipous
1052 4262 1160 4328 scopus
1182 4261 1240 4324 est,
1261 4267 1328 4329 pro-

158 4315 364 4404 pinquitatem,
384 4339 459 4408 quae
479 4341 533 4384 nos
546 4323 804 4395 admutuaoificie
825 4271 950 4412 obiigat,
969 4345 1030 4386 non
1045 4326 1188 4414 restringi
1209 4328 1248 4390 ad
1260 4324 1329 4388 ami·
