2766 4834
407 269 482 354 (Ἃ
513 264 634 358 Rediens
655 285 689 326 ex
708 266 875 366 Aegypto.)
1173 279 1214 342 83

44 439 90 478 ces
111 429 161 482 cst
184 418 295 480 labori
317 425 443 495 tuo,‘et
462 439 528 503 spes
547 418 711 480 novissimis
730 419 803 494 tuis,
824 432 880 482 etc.
919 421 1002 484 Haec
1020 421 1112 506 igitur
1131 428 1210 488 eimi-

45 495 140 556 litudo
170 507 226 556 cst
278 496 369 556 riorie
395 495 486 560 cladis
510 497 541 556 in
565 495 645 556 tribu
671 495 826 558 Benlamin
847 509 985 580 acceptae
1004 521 1070 560 cum
1091 501 1144 562 bac
1164 524 1210 564 se-

46 573 153 646 canda,
178 519 276 653 quod
295 585 424 654 utraque
444 572 642 636 restituendae
662 592 730 634 mor
749 572 848 652 salutis
868 573 1052 656 praeludium
1074 575 1141 638 luit.

738 715 741 728 ·
795 733 809 746 a
966 689 998 746 'l
1078 744 1081 750 ‚
1140 745 1143 752 ,

89 805 183 888 (24.)
215 805 400 872 ΜΑΤΤΗ.
428 806 468 871 ll.
509 807 559 872 19.
582 804 755 874 Caeterum
778 773 933 874 defuncto
955 809 1104 891 Herode,
1135 833 1211 880 ecce

53 903 201 990 hugelus
235 906 375 998 Domini
404 929 467 992 per
493 910 651 972 somnium
677 919 814 994 apparet
839 907 957 996 loseph
985 913 1019 978 iu
1047 916 1209 999 Aegypto,
1259 907 1278 973 ’.

53 1005 282 1087 anniceris,
318 1007 436 1094 Surge,
469 1019 510 1073 et
529 1015 652 1077 assitme
679 1029 812 1094 puerum
842 1018 875 1073 ot
900 1017 1142 1091 mahanaim,
1176 1026 1209 1080 et

54 1107 134 1170 rade
166 1110 206 1172 in
236 1119 358 1175 terram
382 1109 499 1176 lsrael:
531 1109 676 1174 defuncti
696 1119 770 1174 sunt
793 1113 892 1188 enim,
928 1115 983 1199 qui
1006 1115 1207 1200 quaerebant

56 1211 194 1272 mimam
210 1213 329 1295 pueri.
370 1209 423 1274 21.
446 1209 487 1274 At
509 1206 566 1282 ille
588 1230 721 1294 surgens
743 1215 910 1296 assumpsit
931 1235 1065 1298 puerum
1088 1228 1120 1281 et
1141 1239 1206 1285 ma-

55 1319 132 1372 trem
156 1306 272 1386 iltius,
305 1319 338 1374 et
360 1312 504 1374 venitin
527 1310 774 1376 terramlsrael.
816 1311 866 1376 22
891 1313 1011 1380 Verum
1034 1335 1130 1401 quum
1153 1339 1208 1381 au-

57 1407 164 1486 disset,
187 1406 390 1474 Archelaum
412 1429 547 1494 regnare
569 1412 601 1490 in
623 1408 745 1489 iudaea
766 1409 843 1476 loco
864 1412 1007 1480 Herodis
1027 1413 1126 1501 patris
1147 1420 1208 1495 sui,

57 1511 159 1574 tiauuit
179 1509 267 1574 illuc
289 1507 399 1574 abire:
435 1506 492 1573 sed
516 1509 650 1576 oraculo
672 1511 854 1590 admonitus
874 1525 934 1598 per
955 1518 1127 1592 somnium,
1156 1531 1206 1580 se*

58 1613 151 1673 cessit
179 1611 216 1673 in
247 1621 358 1694 partes
390 1607 570 1676 Galilaeae.
620 1612 671 1678 23.
707 1612 786 1698 Quo
808 1605 975 1699 proiectus
995 1613 1150 1681 habitavit
1171 1620 1205 1680 iu

58 1707 150 1787 urbe,
188 1731 280 1796 quae
307 1721 447 1784 vocatur
473 1709 651 1792 Nazareth,
685 1724 719 1778 ut
740 1712 941 1800 impleretur,
975 1715 1064 1808 quaod
1086 1716 1205 1782 dictum

59 1809 159 1876 luerat
181 1831 247 1898 per
270 1809 462 1895 Prophetae,
483 1811 670 1880 Nazaraeos
691 1813 868 1882 vocabitur.

128 2015 177 2074 19.
226 2005 386 2088 Defimcro
410 2005 540 2070 Herode.
593 2009 769 2073 Ostenditur
792 2012 836 2074 his
860 2013 959 2074 uerbis
1006 2015 1201 2076 creaverantia

57 2083 120 2144 fidei
142 2087 216 2146 lose
242 2087 273 2158 h,
293 2086 375 2166 quod
396 2085 503 2166 pedem
522 2087 554 2147 in
574 2088 714 2180 Aegypto
735 2091 820 2149 lixum
840 2091 954 2164 habuit,
994 2111 1070 2151 onec
1088 2113 1202 2162 nusum

56 2161 110 2220 liei
129 2107 493 2223 mandato‘revocaretur
513 2164 544 2222 in
564 2175 697 2243 patriam.
737 2167 856 2227 Interea
875 2167 1017 2242 videmus,
1037 2167 1200 2226 Dominum

53 2261 118 2297 suos
138 2259 298 2319 nunquam
320 2238 455 2315 frustari,
484 2241 554 2320 quin
575 2253 745 2322 opportune
766 2243 823 2303 illis
843 2255 1000 2303 succurrat.
1041 2244 1200 2304 Caetcrmn

53 2315 214 2393 probabile
249 2326 309 2388 est,
342 2315 442 2374 statim
466 2330 535 2398 post
558 2317 688 2377 Herodis
713 2332 840 2379 mortem
866 2320 975 2398 loseph
1002 2339 1037 2378 ex
1060 2321 1201 2401 hegppto

54 2393 196 2468 rediisse,
220 2393 397 2473 priusquam
417 2393 565 2476 Augustus
586 2391 697 2453 Caesar
715 2395 892 2454 Archelaum
912 2415 965 2453 suo
986 2395 1106 2454 decreto
1127 2417 1201 2455 cou-
1255 2458 1260 2469 ,

50 2469 196 2529 stituisset
237 2469 370 2549 Iudaeae
410 2470 617 2530 Ethuarcham.
677 2469 757 2544 Quia
795 2471 873 2546 enim
901 2470 992 2550 patris
1022 2474 1200 2530 testa'mento

50 2546 178 2625 scriptus
208 2558 275 2605 erat
301 2544 391 2628 regui
415 2567 580 2618 successor,
611 2545 725 2606 mmemi
753 2545 893 2606 abstinuit
917 2566 934 2605 a
959 2547 1080 2604 nomine
1103 2547 1200 2625 regio,

49 2624 204 2700 praefatus
234 2622 294 2682 boc
321 2643 338 2680 a
359 2633 433 2682 nutu
454 2633 485 2681 et
504 2621 629 2682 arbitrio
652 2622 786 2682 Caesaris
805 2622 953 2701 pendere,
983 2621 1080 2679 omnia
1099 2631 1199 2680 tamen

50 2719 104 2775 pro
131 2697 271 2780 irnperio
298 2698 400 2780 gessit
438 2699 555 2760 Deinde
576 2700 700 2758 Romam
720 2697 871 2778 profectus
892 2697 1022 2757 obtinuit
1041 2697 1218 2796 confirma-s

52 2775 186 2834 donem:
217 2785 341 2834 uratum·
357 2774 402 2834 illi
422 2795 531 2836 nomen
551 2776 631 2858 regis
650 2787 788 2857 negatum
809 2774 880 2848 luit,
906 2774 1002 2834 dbnec
1022 2771 1106 2832 sactis
1127 2793 1197 2853 prou

49 2853 175 2912 meritus
201 2863 291 2912 esset.
342 2849 496 2912 Galilaeae
520 2874 593 2912 vero
620 2863 757 2946 praeerat
781 2852 953 2943 Philippus,
983 2849 1029 2910 vir
1053 2851 1197 2912 inassueti
1258 2906 1264 2920 ,
1307 2840 1315 2863 ⁸

50 2926 60 2984 i
104 2928 169 2988 euii
190 2941 224 2989 et
244 2930 310 2989 fere
330 2927 447 3008 pri'vato
461 2929 576 3004 similis.
605 2929 689 3012 bego
709 2929 740 2986 in
762 2930 825 2989 eius
845 2930 988 3004 ditionem
1010 2927 1196 3006 losephhn-
1228 2983 1230 2991 .

52 2949 111 3084 gueli
135 3005 260 3065 monitu
287 3004 450 3080 concessit,
480 3006 547 3085 qnia
572 3005 625 3065 sub
651 3005 784 3096 principe
809 3005 931 3065 minime
957 3004 1146 3088 sanguinario
1166 3016 1197 3064 et

52 3101 118 3140 snos
146 3083 317 3142 clementer
344 3079 466 3140 fovente
492 3083 587 3144 minus
612 3094 675 3141 erat
698 3082 830 3162 periculi.
866 3082 972 3144 'Porro
997 3101 1115 3160 semper
1132 3102 1222 3140 men

52 3158 149 3218 moria
171 3159 340 3218 tenendum
368 3167 412 3216 est
434 3158 493 3220 Dei
521 3157 691 3233 consilium,
723 3160 802 3238 quod
821 3157 928 3216 Filium
948 3157 1087 3216 suum'ab
1108 3156 1194 3216 initio

52 3233 103 3292 sub
132 3236 231 3295 crucis
254 3233 430 3294 rudimentis
451 3235 646 3310 continuerit,
701 3235 746 3294 uia
768 3233 904 3294 haecilti
925 3235 1113 3294 redimendae
1134 3236 1193 3293 Ec·

55 3309 163 3370 clesiae
190 3311 288 3370 lutura
316 3322 381 3370 erat
403 3310 488 3372 ratio.
526 3311 601 3370 Nam
622 3311 680 3370 eti
723 3311 943 3371 oinhrmitates
962 3322 1077 3371 nostras
1097 3309 1196 3384 subiit,

58 3387 196 3470 periculis
222 3385 374 3447 subiectus
400 3386 470 3459 fnit,
501 3399 531 3447 et
555 3386 710 3450 timoribus
735 3387 894 3462 chronius,
925 3399 958 3446 ut
975 3387 1138 3446 Ecclesiam
1158 3385 1194 3446 ab

58 3460 113 3519 allis
133 3465 233 3525 divina
254 3485 306 3523 sua
325 3463 435 3522 virtute
455 3463 607 3544 liberatam
626 3475 746 3524 aeterna
763 3485 838 3556 pace
852 3463 987 3538 donaret.
1016 3463 1119 3538 Quare
1133 3463 1195 3521 eius
1272 3523 1275 3532 ,

59 3537 222 3614 periculum
248 3551 351 3600 nostra
379 3539 435 3600 init
458 3541 614 3616 securitas,
649 3553 743 3600 metus
770 3562 831 3600 erus
857 3553 956 3600 nostra
984 3540 1103 3599 fiducia:
1133 3557 1194 3596 non

61 3615 138 3746 puod
163 3616 319 3676 iam'tune
344 3616 402 3676 sibi
428 3632 483 3698 per
507 3631 632 3678 aetatem
658 3629 819 3691 metueret,
851 3618 903 3690 sed
925 3617 991 3696 quia
1008 3635 1067 3751 pro
1090 3615 1195 3674 timore
1225 3637 1231 3648 ¹

76 3693 166 3772 osepb
194 3704 225 3752 et
249 3692 363 3752 Mariae
389 3693 445 3754 huc
471 3693 540 3753 illuc
566 3693 843 3768 circumferebatur,
874 3695 982 3752 merito
1029 3692 1065 3750 ici
1086 3701 1195 3774 potest,

62 3779 208 3858 susceptos
233 3769 271 3830 ab
301 3789 339 3830 eo
365 3782 483 3830 nostros
510 3772 646 3846 timores,
678 3782 712 3830 ut
736 3769 921 3849 tranquillam
948 3769 1081 3828 hduriam
1107 3765 1194 3825 nobis

64 3863 93 3900 ac
114 3858 233 3906 ureret
424 3891 431 3898 .
533 3889 538 3898 ,

95 3865 179 3988 (12⁸2
216 3925 397 3988 nazaraeus
414 3921 570 3982 mentitur.
607 3925 677 3984 Non
700 3922 819 3984 deducit
837 3922 1002 3982 Matthaeus
1013 3919 1194 3978 Nazaraeum

67 3997 254 4062 aNazaretb:
285 4000 370 4080 quasi
390 4000 428 4058 sit
447 4000 519 4059 haec
539 4001 660 4080 propria
683 4011 713 4068 ot
733 4011 812 4060 certa
832 3996 1029 4080 etymologia,
1057 3996 1108 4054 sed
1128 4005 1194 4088 tan-

68 4089 117 4139 um
136 4095 180 4142 est
198 4081 318 4145 allusio.
367 4081 523 4142 Caeterum
545 4093 750 4142 saracenorum
777 4092 807 4138 et
830 4079 899 4136 Deo
925 4086 1127 4136 corrsecratum
1152 4097 1192 4132 ar*

70 4165 206 4242 galicata
224 4181 287 4240 aaa,
309 4165 390 4243 quod
409 4175 504 4223 estse
528 4185 620 4224 arare.
652 4160 783 4222 llcbraci
803 4160 921 4250 quidem
941 4171 987 4214 'tra
1008 4156 1111 4214 llorem
1130 4154 1192 4244 [vel

71 4244 159 4322 potius,
178 4239 359 4308 diadematis
379 4187 692 4322 insignesappellaut,
710 4240 761 4298 sed
781 4236 901 4296 manime
916 4232 1102 4320 dubiumst,
1122 4251 1193 4321 qum

67 4339 160 4385 nasum
179 4324 274 4396 illum
297 4309 429 4397 priorem
449 4316 626 4396 spectaverit
645 4317 819 4376 Matthaeus.
848 4313 997 4388 Nusquam
1018 4329 1096 4366 emm
1116 4305 1191 4386 lega-

62 4423 123 4485 nus,
147 4405 333 4470 Nazaraeos
354 4393 454 4486 vocari
473 4393 608 4469 floridos,
627 4393 678 4454 sed
699 4391 749 4472 qui
768 4388 902 4448 Domitio
923 4383 1087 4520 piopsec'rati
1109 4393 1193 4445 erant
