2756 4838
158 329 162 336 .
259 279 452 356 ,tras-183
489 278 575 340 Acris
595 277 822 342 Pharisaeorum
841 281 1040 365 reprobatio.)
1178 293 1237 358 243

79 445 179 508 nempe
198 430 296 510 quod,
316 449 405 509 quum
425 430 648 512 Legisdivinae
669 433 806 496 custodes
825 448 932 516 esseut
952 405 1095 518 pbpulum
1114 439 1232 513 frauda.

78 505 146 566 bant
163 527 232 566 vena
252 506 315 568 eiul
334 507 541 591 intelligentia.
565 509 651 570 Sicut
669 530 742 594 ergo
764 512 852 573 hodie
872 514 950 592 apud
970 523 1101 594 pastores
1113 517 1149 577 de
1173 517 1232 579 osi·

76 593 120 642 tae
138 594 206 644 sunt
224 581 320 644 clares
340 587 426 667 regni
446 585 609 658 coelorum,
628 597 662 648 ut
677 587 707 646 in
727 587 815 650 vitam
835 601 984 650 aeternam
1005 590 1105 654 fideles
1124 537 1231 654 adrisit-

77 667 152 736 tant,
171 672 201 719 et
220 661 258 722 ab
278 661 359 720 omni
381 663 442 728 eins
461 683 513 741 spe
532 675 652 724 arceant
670 664 855 744 incredulos,
877 667 919 726 sic
938 663 1009 728 olim
1027 671 1230 733 saeerdotibus

75 747 103 795 et
124 735 226 798 scribis
251 737 305 800 sub
331 735 413 820 Lege
438 739 516 800 idem
542 752 646 800 mutuus
672 741 834 804 iniunctum
861 741 925 802 suit.
974 743 1071 807 Porro
1097 768 1131 808 ex
1154 767 1230 810 voce

72 815 200 874 adrudus
219 813 402 895 colligimus,
433 837 520 906 quarn
546 816 635 876 stulte
654 817 793 898 Papistae
817 819 1001 902 imaginarias
1021 822 1117 884 clares
1135 823 1228 885 labri·
1358 871 1359 902 ,

72 901 149 960 cent,
169 890 250 970 quasi
271 903 479 976 essctnnagrca
499 893 643 972 quaedam
685 906 793 960 orestas
812 895 923 977 absque
943 897 1036 960 verbo
1054 899 1123 960 Dei.
1151 902 1227 965 Nam
1262 913 1266 926 ¹

73 963 200 1056 §hristus
219 967 317 1058 innuit
335 989 397 1029 non
417 966 491 1028 alios
509 968 553 1030 uti
571 969 632 1030 istis
653 916 797 1046 clavibus,
823 994 909 1053 quam
930 973 980 1054 qui
1001 977 1151 1038 doctrinae
1170 977 1228 1037 mi-

70 1053 149 1101 nrstrr
167 1055 245 1104 sunl.
285 1045 319 1106 Sr
339 1044 403 1123 quis
422 1046 558 1118 obiiciat,
578 1045 760 1121 Pharisaeos,
780 1049 850 1110 licet
870 1048 999 1130 perversi
1021 1065 1119 1114 essent
1136 1055 1179 1116 Le
1204 1053 1211 1069 '
1239 1077 1243 1084 ¹

70 1117 258 1200 interpretes,
281 1120 377 1183 clares
397 1122 587 1184 nihilominus
607 1124 748 1186 tenuisse:
774 1127 960 1206 respondeo,
984 1130 1114 1208 quamvis
1133 1152 1153 1191 o
1189 1130 1228 1192 cii

68 1207 199 1275 respectu
218 1196 276 1265 illis
296 1198 604 1274 commissariorent,
628 1202 737 1265 malitia
755 1211 853 1264 tamen
873 1225 908 1264 ac
927 1204 1029 1266 lraude
1049 1204 1137 1268 luisse
1155 1229 1226 1286 sup·
1279 1268 1282 1281 ,

67 1292 185 1350 pressas,
204 1286 238 1334 ut
257 1273 354 1334 nullus
373 1289 509 1338 maneret
528 1296 627 1338 earum
648 1299 723 1341 usus.
763 1278 836 1340 Ideo
852 1280 986 1341 Christus
1000 1301 1051 1342 eos
1071 1281 1226 1345 abstulisse

68 1349 151 1421 dicit,
170 1349 218 1412 vel
239 1350 350 1412 furatos
371 1373 434 1412 esse
455 1351 565 1414 clavem
584 1353 663 1413 illam
683 1354 840 1431 scientiae,
859 1376 916 1436 qua
936 1357 1088 1435 coelorum
1106 1359 1225 1420 ianuam

66 1425 177 1505 aperire
198 1425 372 1498 debuerant
396 1429 491 1490 Sicuti
504 1429 592 1491 bodie
613 1429 694 1490 inPa
719 1443 767 1490 atu
788 1433 956 1492 obseratum
977 1445 1021 1492 est
1040 1435 1155 1496 coelum
1167 1434 1223 1498 mi-

64 1521 128 1562 sero
148 1501 280 1586 populo,
310 1505 378 1564 dum
403 1506 544 1569 ianitores
563 1506 619 1586 ipsi
647 1452 764 1598 (sallem
786 1507 890 1588 quibus
910 1509 1048 1600 imposita
1067 1524 1131 1572 erat
1150 1512 1223 1572 haec

64 1579 144 1654 cura)
164 1579 322 1660 tyrannide
341 1603 392 1658 sua
411 1583 589 1663 impediunt,
609 1595 818 1675 neuaperratnr.
857 1582 955 1646 Porro
975 1587 1032 1648 nrsi
1050 1587 1222 1679 simusplus
1283 1644 1288 1659 ,
1357 1609 1359 1616 ⁴

62 1675 145 1734 quarn
164 1657 319 1731 socordes,
337 1679 445 1718 manus>
458 1672 566 1752 sponte
586 1659 682 1749 impos
701 1662 833 1743 tyrannis
853 1681 915 1722 uon
936 1660 1149 1746 dabimussqur
1166 1685 1222 1726 nos

63 1731 220 1796 crudeliter
238 1735 276 1794 ab
297 1733 432 1818 ingressu
450 1747 527 1798 vrtae
548 1734 719 1815 prohrberrt.
1278 1776 1283 1802 ι

132 1818 180 1877 14.
223 1811 301 1896 Quia
324 1809 469 1874 comeditis
491 1812 592 1876 domos
613 1811 775 1874 viduantur.
814 1811 946 1896 Longius
965 1835 1045 1876 nunc
1064 1815 1222 1898 progredi«

58 1893 117 1945 tur:
138 1887 337 1968 nequeenim
357 1889 611 1952 criminatantum
632 1902 762 1965 accusat,
781 1911 857 1972 quae
899 1890 974 1951 alam
995 1891 1065 1952 odio
1087 1903 1117 1953 et
1137 1894 1220 1954 dete·
1248 1909 1267 1933 ²

57 1962 184 2024 statione
204 1965 293 2046 digna
314 1978 408 2041 erant,
428 1966 479 2027 scd
497 1967 638 2028 virtutum
658 1968 745 2028 etiam
765 1968 850 2028 fucos
865 1911 1018 2048 abstergit,
1037 1968 1221 2051 quibusple·

57 2035 122 2098 bem
143 2039 295 2103 l'allebant.
335 2043 451 2122 Siquis
472 2045 612 2124 excipiat,
641 2063 703 2104 oon
724 2043 812 2106 luisse
833 2064 907 2124 opus
927 2045 1122 2133 reprebendi,
1142 2066 1219 2126 quae

57 2116 191 2196 exemplo
205 2138 315 2178 nocere
330 2139 393 2179 non
405 2132 554 2199 poterant,
573 2119 736 2180 tenendum
755 2120 827 2180 illud
846 2139 989 2180 memorre
1010 2132 1063 2195 cst,
1082 2137 1145 2181 non
1164 2123 1219 2183 ali-

55 2201 100 2252 ter
120 2193 254 2272 potuisse
274 2214 377 2254 eornm
397 2194 483 2254 saluti
504 2194 633 2276 consoli,
662 2195 713 2273 qui
738 2195 901 2256 scribarum
922 2195 1071 2254 erroribus
1091 2197 1220 2258 devincti

54 2280 155 2342 erant,
181 2269 237 2328 nisi
261 2289 381 2349 prorsus
407 2271 444 2328 ab
470 2270 527 2330 illis
548 2271 719 2342 delicerent
757 2271 841 2331 llaec
860 2271 951 2354 igitur
969 2272 1046 2331 ratio
1068 2271 1218 2333 Christum
1287 2287 1290 2290 “

53 2365 107 2405 coe
133 2345 157 2404 't
175 2345 295 2404 inanem
314 2346 454 2404 virtutum
470 2347 610 2426 speciem,
631 2367 706 2425 quae
716 2347 959 2427 superstitionum
970 2347 1132 2408 lomentum
1144 2361 1220 2424 erat,

49 2365 219 2481 traferre.
257 2420 340 2480 Dicit
359 2420 414 2502 igit
434 2445 449 2480 r
468 2423 499 2482 in
519 2442 646 2496 summa,
671 2421 758 2482 etiam
778 2421 831 2481 ubi
850 2433 932 2482 recte
953 2423 1050 2484 lacere
1069 2424 1136 2496 vide
1208 2469 1219 2502 ,
1351 2485 1357 2500 ¹

48 2514 212 2576 perperam
232 2496 387 2576 religionis
405 2445 557 2576 *retentu
576 2497 667 2558 abuti.
705 2499 741 2557 ln
760 2497 858 2582 longis
869 2497 1007 2592 precibus
1026 2437 1217 2582 signnmnblh'r-
1264 2545 1269 2556 ,-

70 2572 132 2656 nod
155 2581 221 2630 erat
238 2573 471 2652 ramepietatis:
492 2595 559 2634 uam
573 2595 632 2654 quo
646 2575 768 2654 quisque
784 2587 915 2636 sanctior
926 2587 979 2650 est,
999 2577 1140 2656 precandi
1150 2590 1216 2636 sto·

48 2593 100 2710 lio
126 2647 223 2740 magis
248 2661 293 2708 est
318 2649 441 2710 deditus.
479 2651 654 2714 Pharisaeos
678 2663 774 2712 auteur
799 2664 830 2711 et
855 2650 964 2714 scribas
989 2653 1065 2716 adeo
1085 2653 1217 2732 impuros

49 2746 112 2786 esse
134 2724 209 2788 dicrt
229 2723 379 2801 Christus,
409 2737 442 2787 ut
468 2746 506 2788 ne
528 2728 720 2810 praecipuam
741 2727 858 2808 quidem
880 2727 970 2790 divini
989 2729 1083 2790 cultus
1103 2740 1217 2810 partem

47 2802 111 2864 sine
133 2813 261 2884 peccato
281 2815 439 2883 usurpent,
471 2805 539 2885 qnia
558 2801 615 2864 illis
634 2805 777 2886 precandi
802 2805 952 2874 assiduitas
971 2806 1064 2887 turpis
1085 2805 1217 2868 lncrisit

48 2880 218 2960 aucupium.
264 2880 369 2940 Neue
396 2881 474 2942 enirn
501 2882 587 2942 aliter
611 2903 713 2972 preces
738 2881 909 2943 vendebant
933 2903 1020 2962 qnam
1039 2883 1217 2952 mercenarii

49 2957 170 3018 diurnas
193 2977 298 3036 operas
312 2901 427 3018 locant
467 2959 557 3018 Unde
579 2971 666 3018 elram
678 2957 854 3044 colligimus,
875 2979 937 3032 nou
957 2960 1089 3040 praecise
1109 2981 1213 3040 repre-

47 3034 138 3094 hendi
158 3033 265 3114 longas
286 3053 399 3114 preces,
420 3035 502 3116 quasi
522 3036 553 3095 iu
574 3057 607 3095 ea
629 3057 660 3095 re
677 3036 778 3096 vitium
791 3037 829 3096 sit
848 3037 1034 3115 (praesertim
1055 3058 1145 3117 quum
1154 3037 1214 3096 Ec-

49 3108 167 3171 clesiae·
180 3123 315 3190 pastores
340 3113 491 3190 precando
511 3111 701 3193 singulariter
718 3112 940 3174 intentos‘esse
961 3119 1131 3204 oporteat),
1160 3114 1214 3174 sed

46 3187 123 3248 hauc
138 3187 344 3267 corruptelam
364 3187 505 3265 damnari,
525 3190 606 3268 quod
625 3209 671 3250 res
713 3209 796 3250 erse
816 3187 971 3250 laudabilis
991 3211 1021 3249 ru
1043 3209 1164 3270 pravum
1176 3190 1213 3249 li-
1235 3239 1236 3244 κ

47 3284 113 3323 nem
134 3283 280 3325 conversa
301 3275 386 3324 esset.
410 3265 486 3325 Nam
506 3265 557 3326 ubi
577 3285 679 3328 escon
702 3265 814 3326 ucticiis
827 3265 965 3345 precibus
977 3279 1212 3347 captatorquae-

45 3353 114 3414 stus,
137 3362 202 3422 quo
220 3339 314 3422 magis
330 3342 436 3402 crescit
448 3342 577 3404 fervidae
613 3354 646 3402 ut
656 3342 833 3420 loquuntur)
853 3342 1154 3423 deuotionisspecies,
1174 3345 1213 3403 bo

45 3419 137 3500 magis
157 3417 337 3498 profanatur
354 3417 414 3478 Dei
433 3439 554 3478 nomen.
627 3418 746 3482 uoniam
757 3430 854 3480 autern
872 3419 953 3500 vulgi
973 3419 1076 3479 animis
1096 3419 1212 3500 pridem

45 3492 196 3557 insederat
217 3493 288 3553 lalsa
309 3495 471 3574 persuasio,
490 3495 559 3566 ideo
580 3495 709 3574 asperius
728 3494 787 3556 illis
806 3496 933 3558 minatur
947 3493 1094 3556 Christus:
1115 3513 1213 3573 neque

46 3571 123 3630 enirn
144 3571 212 3634 leve
235 3571 345 3630 crimen
367 3570 473 3630 estrei
494 3583 553 3630 tam
573 3591 672 3631 sacrae
692 3565 829 3651 pollutio.
848 3572 959 3632 Viduas
978 3583 1075 3630 antem
1095 3569 1212 3648 praeci-

43 3667 101 3725 pue
123 3648 216 3710 luisse
238 3657 367 3726 captatus
387 3646 491 3706 mirum
517 3668 579 3707 non
605 3659 663 3722 est,
710 3649 772 3724 uia,
797 3669 887 3728 quoru
912 3648 949 3708 ad
972 3646 1213 3727 superstitionem

43 3743 215 3858 propensae
235 3722 296 3784 sint
314 3722 520 3798 mulierculae,
545 3669 744 3802 nebulonibus
764 3745 813 3786 cas
833 3743 994 3804 emungere
1012 3741 1131 3812 semper
1149 3719 1212 3780 sol-

55 3822 131 3862 enne
154 3801 224 3862 l'uit.
264 3799 315 3861 Sic
335 3798 443 3859 Paulus
467 3799 547 3862 salsis
573 3801 677 3864 aetatis
696 3822 765 3862 suae
786 3800 958 3862 doctoribus
978 3797 1098 3872 obiicit,
1130 3796 1212 3876 quod

43 3879 172 4022 captipas
193 3879 306 3973 ducant
322 3875 519 3974 mulierculas,
539 3891 675 4015 onelriatas
695 3878 823 3958 peccatis
842 3877 899 4012 (111.
920 3873 1195 4012 {motha-193⁰

160 4003 168 4018 .
272 3967 556 4016 omanorum.
626 3976 662 4016 oc
712 3973 904 4023 nouezeo
942 3971 1141 4012 avoremsrr
1197 3985 1211 4000 -

43 3955 353 4108 quisieiansllilibse,
373 4029 452 4109 qood
473 4033 626 4092 studerent
644 4031 680 4090 ad
692 3977 877 4113 loliginum
897 4029 1045 4089 Iudaicam
1064 4026 1212 4116 adducere

41 4120 159 4169 exteros
181 4121 214 4170 et
234 4107 462 4168 incircumcisos.
502 4109 607 4188 ltaque
626 4107 652 4168 si
672 4129 760 4187 quem
778 4105 837 4170 suis
857 4103 1005 4166 illecebris
1024 4102 1072 4166 vel
1091 4103 1151 4164 alro
1163 4123 1212 4162 ar-

40 4183 136 4246 tihcio
162 4183 364 4266 pellexerunt,
396 4184 479 4262 quasi
503 4195 586 4245 aucta
605 4183 737 4264 Ecclesia
761 4183 851 4243 miros
877 4179 1007 4264 agebant
1036 4180 1210 4272 triumphos.

40 4257 120 4321 llinc
141 4263 234 4323 etiam
254 4281 300 4320 ma
324 4261 354 4320 ni
374 4261 490 4342 plausus
511 4281 526 4320 a
546 4260 648 4342 vulgo,
669 4261 750 4351 quod
760 4259 941 4342 alienigenas
950 4279 1002 4320 sua
1019 4257 1161 4318 industrra
1181 4265 1212 4316 et

38 4337 151 4398 virtute
171 4337 236 4398 Dei
245 4281 395 4399 Ecclesiae
415 4337 589 4398 insererent
617 4335 751 4398 Christus
770 4348 867 4404 autern
889 4355 924 4395 ex
942 4334 1212 4425 adversopronnn-

38 4413 103 4490 siat,
123 4415 156 4475 id
176 4413 307 4475 studium
326 4415 402 4476 adeo
420 4414 491 4496 ipsis
510 4435 573 4474 uon
593 4413 728 4474 dandum'
741 4433 804 4477 esse
823 4411 913 4489 laudi,
932 4422 966 4472 ut
975 4410 1036 4473 Dei
1053 4409 1212 4476 rrndrctaru

944 4486 1012 4556 16*
