2766 4834
204 206 246 274 aa
377 202 531 267 stc‘no
552 204 593 266 11.
632 202 774 282 loannes
795 202 987 267 narraras
1008 215 1174 315 sagenas.

202 369 346 442 turgeant
373 355 527 439 superbia,
564 368 598 418 nt
622 377 674 417 eos
698 375 868 439 prosperae
885 356 1023 420 fortunae
1050 353 1176 418 dulcedo
1201 356 1348 420 inebriet.

203 437 334 496 Tantam
350 435 605 517 ingratitudinem
623 434 648 494 si
673 431 752 494 serre
778 444 908 514 nequeat
925 432 1090 508 Dominus,
1126 433 1199 494 nihil
1220 435 1349 496 mirum:

201 513 276 574 binc
300 512 349 588 fit,
379 523 412 570 ut
436 510 609 601 plerumque
636 507 769 570 nundin
788 522 926 570 maneant
945 509 1080 585 stabiles,
1111 531 1186 644 quos
1206 510 1292 574 Deus
1316 515 1349 573 in

203 589 330 652 sublime
356 587 465 648 extulit.
510 587 574 646 Iam
598 607 697 645 rursus
719 606 825 668 regom
846 598 875 646 et
895 585 1114 666 principumqsp
1129 586 1223 648 endor
1243 588 1348 650 bomi-

203 687 277 728 num
302 665 407 747 vulgus
432 662 647 744 obstupefacit,
676 673 709 722 ut
735 662 821 741 pauci
844 663 977 740 superius
1004 661 1127 742 aliquod
1146 679 1258 724 numen
1280 686 1349 727 esse

206 742 349 824 cogitent.
386 739 502 814 Quodsi
522 759 556 798 en
575 751 661 799 utero
681 757 729 800 sce
753 749 830 798 uum
849 735 993 798 allerrent
1011 758 1111 799 secum
1132 739 1293 820 principes,
1316 755 1350 802 et

206 819 348 878 continua
376 827 451 876 esset
475 835 636 908 regnorum
655 760 813 891 stabilitas,
843 814 939 874 statim
959 827 1148 875 evanesceret
1167 817 1263 878 omnis
1284 819 1349 878 Dei

205 906 237 954 ct
261 893 323 954 eius
347 892 550 974 providentiae
575 890 689 951 notitia.
727 891 873 952 Dominus
900 911 989 972 ergo,
1020 891 1143 952 humiles
1163 892 1195 956 in
1214 893 1348 955 sublime

203 969 329 1045 tollens,
354 969 455 1028 mundi
474 967 641 1049 superbiam
661 967 743 1047 quasi
761 969 793 1027 in
812 967 963 1048 triumpho
982 968 1127 1043 traducit,
1148 981 1178 1028 et
1197 968 1284 1032 simul
1307 973 1347 1032 ad

186 1046 420 1126 ,simplicitatem
444 1066 478 1106 ae
503 1045 675 1106 modestiam
701 1044 798 1104 erudit
820 1063 899 1107 suos.
937 1045 1024 1104 Nunc
1043 1055 1176 1106 tenemus
1198 1067 1347 1137 quorsum

206 1123 285 1184 dicat
303 1119 413 1196 Maria',
437 1122 536 1181 Deum
557 1141 619 1182 esse
640 1120 691 1201 qui
710 1141 849 1200 proceres
869 1119 969 1181 delicit
988 1141 1023 1180 ex
1041 1120 1137 1196 soliis,
1156 1132 1188 1181 et
1206 1122 1345 1185 infirmos

205 1199 326 1262 exaltat:
346 1217 454 1278 nempe
474 1209 507 1256 ut
527 1199 642 1272 doceat,
661 1217 724 1257 non
744 1217 837 1257 coeco
857 1196 994 1257 lortunae
1012 1195 1126 1277 impetu
1145 1197 1224 1258 volvi
1244 1211 1277 1258 et
1289 1223 1345 1260 ro-

203 1275 262 1336 tari
285 1276 445 1348 mundum,
474 1275 526 1334 sed
550 1293 742 1364 quaecunque
768 1285 929 1334 cernuntur
955 1273 1163 1334 conversiones
1186 1275 1247 1335 Dei
1266 1297 1366 1357 pro-¹

203 1353 336 1414 videntia
355 1351 504 1425 accidere,
524 1350 631 1411 demde
648 1349 744 1430 ipsum
763 1349 862 1410 Deum
882 1369 992 1410 summa
1012 1350 1159 1430 aequitate
1178 1353 1345 1430 moderari,

205 1449 282 1510 quae
300 1439 398 1489 totum
417 1426 518 1488 mundi
538 1426 674 1487 ordinem
692 1426 813 1487 turbare
833 1437 863 1486 et
883 1437 1052 1506 pervertere
1071 1427 1177 1487 iudicia
1190 1428 1344 1506 videntur,

227 1505 287 1566 uod
305 1505 439 1585 proximo
459 1524 544 1565 versu
563 1502 666 1564 melius
686 1502 855 1563 confirmat:
887 1506 1057 1578 esurimus,
1083 1503 1195 1584 inquit,
1219 1505 1345 1581 reptem

202 1527 285 1642 lorus
307 1579 453 1642 ecdiciae:
469 1577 577 1639 dimisit
594 1583 705 1640 inanes.
743 1580 820 1640 Nam
839 1579 909 1641 binc
929 1578 998 1641 colli
1020 1580 1108 1655 imus,
1138 1600 1201 1641 non
1220 1602 1276 1662 per
1297 1605 1344 1660 se,

203 1660 257 1720 sed
276 1679 311 1718 ex
331 1677 415 1718 eausa
435 1656 613 1716 mutationes
633 1655 749 1736 placere
768 1655 854 1730 Deo,
874 1655 942 1748 quia
961 1601 1073 1717 scilicet
1092 1657 1191 1748 magni
1211 1670 1242 1718 et
1262 1659 1342 1720 divi-

203 1745 248 1796 tes
269 1746 300 1794 et
319 1745 457 1814 potentes
477 1732 627 1794 saturitate
647 1753 698 1792 sna
716 1731 813 1792 inflati
831 1733 887 1793 sibr
907 1753 974 1792 arro
998 1744 1050 1792 ant
1068 1754 1183 1809 omma,
1206 1733 1265 1816 ipsi
1285 1758 1341 1797 au-

203 1822 265 1871 tem
284 1809 352 1870 Deo
373 1809 446 1870 nibil
464 1809 578 1869 faciunt
597 1808 750 1889 reliquum.
791 1808 893 1882 Quare
912 1753 1015 1870 sedulo
1036 1812 1196 1872 cavendum
1216 1824 1278 1887 est,
1300 1835 1342 1874 ne

202 1887 292 1948 rebus
311 1885 461 1978 prosperis
481 1885 647 1946 efferamur.
680 1885 819 1947 Cavenda
839 1886 926 1946 etiam
944 1897 1067 1946 ventosa
1088 1887 1341 1982 carnissatnritas²

183 1985 243 2026 ¹ne
262 1963 362 2024 subito
382 1962 530 2023 nosDeus
550 1961 710 2023 exinaniat:
731 1961 786 2053 piis
805 1961 960 2042 vero,·qui
980 1963 1117 2044 egestatis
1136 1984 1204 2024 suae
1225 1967 1341 2027 conscii

174 2052 178 2078 ¹
201 2051 235 2101 et
255 2040 336 2120 quasi
355 2037 482 2099 famelici
503 2039 539 2099 ad
549 2035 646 2100 Deum
666 2050 822 2120 suspirant,
842 2061 904 2100 non
923 2059 1027 2119 parum
1046 2037 1144 2101 solatii
1163 2039 1253 2104 allent
1263 2043 1340 2106 haec

203 2116 350 2192 doctrina,
389 2114 550 2175 uod'lleus
571 2115 730 2176 esurientes
750 2115 838 2176 bonis
856 2116 985 2196 impleat

279 2199 327 2258 tt.
358 2137 491 2268 dissaepit
513 2189 619 2256 lsrael.
658 2193 725 2252 Hoc
751 2203 903 2271 postremo
928 2191 1061 2252 membro
1087 2193 1240 2275 generales
1266 2216 1338 2256 sen-

202 2269 309 2330 tentias
329 2270 533 2330 accommodat
552 2268 644 2330 Maria
664 2269 701 2328 ad
720 2268 964 2330 circumstantiam
984 2282 1177 2348 praesentem.
1214 2269 1338 2333 Summa

203 2358 300 2407 autern
320 2359 375 2420 est,
393 2347 491 2406 Deum
511 2366 590 2405 nune
632 2367 698 2405 uam
717 2344 788 2405 olim
807 2345 956 2425 pollicitus
975 2345 1098 2408 salutern
1118 2345 1225 2408 sanctis
1236 2346 1338 2408 Patri-

202 2421 257 2484 bus
278 2421 374 2484 luerat
394 2421 581 2502 praestitisse.
610 2366 672 2482 led
693 2421 818 2502 primum
838 2421 870 2482 in
888 2422 981 2482 verbo
1000 2421 1176 2499 aecipiendi
1205 2424 1339 2488 oncinna

204 2512 250 2560 est
268 2499 456 2580 metaphora:
475 2499 516 2560 sic
537 2498 615 2558 enim
636 2497 780 2577 collapsus
794 2511 858 2558 erat
869 2498 973 2579 populi
984 2511 1085 2573 status,
1104 2512 1137 2559 ut
1149 2446 1229 2578 nula
1242 2501 1336 2584 vulgo

200 2595 267 2637 scs
299 2587 390 2651 esset,
424 2594 511 2655 posse
540 2573 571 2634 in
603 2575 751 2657 integrum
774 2575 897 2635 restitui.
942 2574 1100 2656 Susceptus
1127 2597 1200 2658 ergo
1226 2577 1335 2640 dicitur

125 2713 143 2731 κ
232 2651 310 2727 rael,
346 2653 413 2743 quia
437 2650 519 2712 Deus
544 2663 682 2731 porrecta
707 2671 796 2710 mann
819 2661 997 2730 prostratum
1018 2664 1049 2712 et
1067 2652 1211 2714 iacentem
1232 2656 1336 2714 erexit.

199 2728 320 2810 Religio
349 2729 510 2789 innumeris
539 2729 633 2788 modis
664 2727 861 2788 contaminata
887 2739 962 2786 erat:
994 2727 1025 2788 in
1052 2728 1170 2808 publiea
1197 2731 1337 2792 doctrina

200 2805 275 2866 nibil
296 2805 358 2864 sere
377 2805 538 2864 sincerum:
567 2803 717 2864 Ecclesiae
737 2803 871 2884 regimen
891 2803 955 2882 plus
997 2825 1063 2864 uam
1084 2806 1238 2866 confusum
1258 2809 1335 2868 nibil

200 2881 280 2942 aliud
306 2902 391 2960 quam
411 2881 566 2942 immanem
587 2879 753 2938 barbariem
772 2878 916 2959 spirabat:
947 2825 1084 2959 pdlitieus
1104 2883 1179 2943 ordo
1201 2903 1335 2944 eversus:

200 2957 307 3037 populi
331 2977 437 3037 corpus
457 2957 584 3016 Romani
603 2968 633 3017 et
652 2955 787 3015 Herodes
809 2955 890 3034 quasi
910 2956 990 3017 serae
1011 2956 1122 3019 bestiae
1142 2957 1335 3028 laniaverant.

201 3033 274 3108 Quo
299 3033 441 3094 illustrior
465 3034 521 3093 luit
544 3030 732 3106 instauratio,
760 3053 847 3121 quam
865 3031 955 3094 rebus
975 3035 1049 3094 adeo
1070 3035 1191 3114 perditis
1211 3056 1336 3115 sperare

88 3105 118 3146 5²
199 3109 257 3170 illis
276 3130 338 3170 non
359 3109 476 3174 licebat.
508 3109 598 3168 Pueri
616 3128 726 3168 nomen
746 3107 792 3168 lnc
813 3117 871 3167 tam
891 3130 946 3189 pro
968 3109 1040 3184 filio,
1060 3131 1147 3191 quam
1167 3133 1222 3192 pro
1243 3131 1335 3174 servo

198 3197 299 3266 potest
310 3187 418 3266 accipi:
436 3185 584 3267 posterior
602 3197 702 3244 tamen
721 3183 897 3266 significatio
917 3186 1008 3276 magis
1029 3186 1177 3247 convenit
1206 3190 1246 3250 Et
1265 3209 1334 3249 ser-

199 3283 251 3324 vus
266 3263 324 3323 Dei
343 3275 465 3324 vocatur
484 3263 542 3322 boc
562 3260 630 3320 loco
651 3261 741 3322 Israel
761 3259 862 3341 (sicuti
881 3262 910 3321 in
932 3261 994 3322 alus
1014 3263 1240 3344 compluribus),
1282 3267 1334 3326 uia

199 3337 230 3396 in
255 3339 476 3401 Dei'iamiliam
502 3348 638 3416 receptus
663 3349 734 3397 erat.
778 3337 818 3397 tls
840 3361 947 3398 mernor
969 3353 1046 3398 esset.
1087 3337 1212 3400 Causam
1232 3287 1333 3402 reddit

199 3415 303 3490 Maria,
322 3439 375 3478 cur
394 3413 530 3496 proclivis
550 3414 580 3472 in
600 3415 714 3473 ruinam
734 3414 860 3506 populus
880 3415 977 3474 aDeo
996 3428 1131 3495 receptus
1148 3417 1248 3492 fuerit,
1267 3417 1331 3479 imo

199 3513 253 3552 eur
271 3494 353 3554 Deus
372 3493 430 3552 iam
450 3490 610 3570 collapsum
632 3503 768 3552 erexerit:
789 3511 895 3572 nempe
916 3492 998 3550 utin
1018 3513 1055 3552 eo
1075 3495 1219 3553 servando
1240 3495 1331 3554 mise-

197 3569 343 3632 ricordiae
363 3589 431 3628 suae
451 3567 600 3645 specimen
621 3569 731 3627 ederet.
763 3567 945 3628 Nominatim
964 3581 1063 3628 tamen
1084 3568 1217 3649 exprimit
1229 3571 1331 3631 Deum

197 3644 415 3706 misericordiae
434 3645 634 3704 recordatum:
659 3643 742 3704 cuius
759 3643 851 3704 videri
871 3655 989 3724 poterat
1008 3646 1227 3725 quodammodo
1249 3647 1330 3707 obli-

198 3733 262 3795 tus,
292 3743 381 3802 quum
407 3719 554 3809 populum
584 3743 666 3780 suum
697 3731 762 3780 tam
780 3721 886 3780 misere
910 3721 1006 3781 vexari
1031 3720 1183 3804 affligique
1207 3723 1331 3784 sineret.

196 3799 345 3858 Usitatum
366 3817 445 3856 emm
465 3808 525 3873 est,
543 3796 666 3858 allectus
685 3797 753 3858 Deo
773 3797 874 3873 tribui,
916 3809 985 3857 rout
1004 3819 1038 3856 ex
1056 3818 1088 3857 re
1108 3798 1171 3879 ipsa
1190 3798 1329 3861 homines

195 3874 244 3936 vel
262 3875 367 3934 iratum
387 3871 443 3932 sibi
461 3873 508 3933 vcl
528 3894 582 3953 pro
607 3873 688 3933 itium
708 3873 861 3953 colligunt.
892 3819 971 3950 &uia
990 3894 1061 3934 vero
1080 3874 1139 3933 Dei
1158 3874 1329 3944 misericor-

195 3950 273 4011 diam
299 3970 361 4010 non
388 3949 559 4029 concipiunt
582 3895 726 4010 inmense
743 3961 880 4024 mentes,
910 3949 964 4010 nisi
985 3961 1127 4029 quatenus
1148 3971 1211 4010 cam
1232 3951 1327 4012 verbo

194 4048 251 4089 suo
277 4025 369 4086 offert
393 4047 428 4086 ac
451 4038 590 4100 testatur,
623 4024 690 4086 binc
717 4046 748 4085 se
774 4038 804 4086 et
828 4025 900 4086 alios
922 4027 957 4086 ad
976 4026 1186 4106 promissiones
1206 4040 1330 4089 revocat

193 4103 304 4174 Maria,
323 4101 479 4182 Deumque
499 4102 530 4166 in
549 4103 605 4162 illis
625 4101 772 4168 servandis
793 4101 882 4162 lidum
902 4121 936 4162 ae
957 4113 1140 4162 constantem
1162 4103 1249 4164 luisse
1270 4103 1328 4163 do-

195 4189 252 4240 cet.
291 4179 359 4240 lloc
377 4199 464 4239 sensu
485 4180 657 4259 frequenter
675 4189 798 4238 vocatur
817 4177 898 4238 Deus
919 4177 1064 4258 benignus
1084 4191 1115 4238 et
1134 4200 1236 4254 verax,
1278 4180 1328 4240 uia

194 4273 345 4336 nunquam
371 4257 407 4317 de
432 4268 555 4338 paterna
580 4255 641 4316 eius
666 4275 736 4336 erga
762 4275 817 4314 nos
837 4253 1044 4314 benevolentia
1063 4267 1191 4316 statuere
1212 4202 1327 4330 lieibit,

192 4329 251 4393 nisi
269 4333 407 4411 verbum,
432 4333 512 4398 cuius
531 4351 563 4396 se
582 4330 700 4396 vinculo
721 4329 808 4395 nobis
828 4323 1000 4408 obstrinxit,
1025 4333 1186 4400 memoriae
1205 4346 1327 4395 nostrae
