2766 4840
161 217 220 280 33⁰
370 259 371 264 .
391 191 506 272 Sh'CT.
526 211 606 272 xlx.
645 223 777 272 eumsrr
797 223 913 334 passm
935 222 977 269 ar
997 223 1096 270 uuus.

244 366 384 438 MARC.
403 367 489 431 xlv.
531 367 581 432 tt.
603 367 644 432 Et
664 369 753 432 venit
772 368 886 443 tertio,
907 364 1051 452 dicitque
1072 365 1152 445 illis,
1172 367 1324 433 Donnite

161 469 313 558 posthac,
328 482 367 536 'et
388 473 595 557 requiescite:
623 469 758 549 sufficit,
779 473 869 535 veuit
890 469 985 534 bura:
1015 451 1091 536 dece
1113 459 1254 536 traditur
1273 471 1324 536 li·

162 573 225 640 lius
246 571 383 639 hominis
405 575 438 640 in
461 595 572 640 maritas
593 584 806 659 pcccatorum.
848 573 1067 666 4238urgite,
1093 595 1221 638 eamus:
1249 596 1324 638 ecce

157 679 415 763 appropinquat,
445 681 500 764 qui
530 697 582 742 me
610 676 728 764 prodit.
770 673 821 743 43.
842 676 884 741 Et
906 671 1062 741 corstinuo
1084 677 1196 743 adhuc
1216 699 1257 742 eo
1277 677 1323 741 lo-

163 791 297 867 quente,
325 781 450 847 accedit
471 779 579 856 ludas,
605 782 661 865 qui
681 802 763 846 unus
785 791 853 847 erat
875 801 893 845 e
916 779 1107 860 duodecim,
1135 793 1169 846 et
1190 803 1263 846 cnm
1283 803 1323 846 eo
1372 805 1373 814 ¹

162 883 257 950 turba
283 882 383 950 multa
412 907 482 949 cum
510 881 625 968 gladiis
650 894 682 947 ct
711 883 864 962 luctibus,
892 907 909 948 a
940 888 1069 948 summis
1089 883 1326 958 sacerdotibus,

132 1008 135 1018 ¹
163 997 196 1053 et
223 985 351 1064 scribis,
378 984 626 1071 etacnioribns.
674 987 728 1052 44.
755 987 901 1053 Dederat
928 996 1051 1064 autem,
1078 988 1135 1074 qui
1165 986 1326 1072 prodebat

163 1111 251 1176 punt,
271 1093 349 1178 ipsis
368 1091 601 1173 intersignium,
623 1089 746 1163 dicens,
775 1091 1012 1176 Quemcunque
1035 1090 1202 1156 osctrlatus
1224 1077 1327 1166 lucro,

162 1197 191 1260 is
219 1204 278 1260 este
309 1191 573 1279 comprehendite
602 1217 689 1272 eum,
722 1202 754 1259 ct
778 1191 932 1258 abducite
961 1205 1063 1258 caute.
1121 1195 1174 1259 45.
1204 1193 1246 1258 Et
1272 1215 1326 1257 re-

163 1299 274 1375 niens,
305 1295 473 1362 confestim
502 1299 627 1364 aceedit
656 1297 696 1363 ad
724 1295 830 1374 illum,
860 1319 898 1360 ac
924 1297 1016 1374 didit,
1048 1295 1178 1373 Rabbi,
1208 1295 1326 1362 Rabbi.

164 1401 205 1466 Et
226 1399 389 1468 esculatus
410 1411 457 1465 est
479 1423 560 1467 curn.
603 1404 652 1469 46.
681 1401 732 1468 11Ιί
755 1422 833 1466 rere
856 1404 1037 1468 iniecerunt
1059 1403 1091 1466 iu
1116 1421 1326 1464 commanus

122 1591 126 1596 ·
163 1527 248 1585 snas,
270 1515 302 1570 ct
322 1515 478 1589 ceperunt
500 1526 581 1571 curn.

248 1683 349 1754 LUC.
370 1687 468 1754 XXll.
514 1691 564 1755 47.
593 1689 708 1754 Adhuc
730 1699 835 1756 autem
860 1709 902 1754 eo
923 1687 1094 1774 loquente,
1126 1707 1207 1752 ecce
1226 1686 1324 1764 turba,

164 1782 197 1859 et
219 1794 275 1879 qui
295 1789 472 1859 vecabatur
485 1791 590 1874 ludas,
610 1814 695 1858 unus
717 1815 735 1858 e
758 1769 939 1871 duodecidr,
959 1789 1180 1856 antecedebat
1203 1814 1275 1857 ecs:
1296 1802 1325 1854 ct

164 1896 437 1982 appropinquavit
453 1896 534 1971 lesu,
556 1896 813 1962 utoscnlaretur
838 1918 931 1961 eum:
962 1896 1013 1959 48
1034 1895 1129 1959 lesus
1152 1904 1261 1958 auteur
1280 1894 1324 1958 di·
1372 1883 1373 1944 l

162 2001 207 2064 xit
227 1997 284 2077 illi,
306 1997 392 2078 luda,
414 1997 528 2064 osculo
548 1997 666 2064 Filium
688 1999 827 2065 hominis
848 1989 978 2086 prodis?

240 2259 345 2319 blattb.
365 2265 412 2326 45.
451 2257 585 2320 Dormite
603 2262 673 2334 iam,
693 2274 720 2319 et
739 2262 913 2340 requiescite.
934 2239 941 2326 .Ι
951 2256 1028 2318 Satis
1050 2258 1200 2318 conuenit
1217 2257 1321 2318 ironice

165 2337 215 2396 nie
233 2336 382 2400 Christum
409 2336 505 2415 loqui:
529 2338 582 2398 sed
602 2336 762 2396 tenendum
783 2337 866 2398 simul
888 2345 949 2411 est,
969 2354 1110 2424 quorsmu
1131 2347 1250 2414 spectet
1268 2335 1320 2393 iro

165 2414 221 2472 nia.
262 2413 341 2486 Quia
361 2412 438 2472 enirn
460 2411 594 2491 Christus
614 2411 771 2494 discipulos
792 2414 943 2472 monendo
962 2409 1037 2470 nrlril
1057 2411 1251 2490 prefecerat,
1267 2432 1321 2470 non

69 2541 72 2548 .
164 2489 257 2550 uredo
284 2509 384 2551 eurum
408 2488 573 2550 socordiam
594 2488 715 2568 oblique
737 2489 922 2580 perstringit:
945 2489 996 2548 sed
1025 2487 1205 2564 denuntiat,
1230 2511 1321 2568 qoam-

164 2565 207 2626 vis
227 2586 332 2648 segnes
353 2587 414 2626 esse
433 2566 540 2642 velint,
565 2587 628 2626 non
649 2565 715 2632 lure
733 2565 793 2628 illis
813 2567 934 2645 amplius
954 2565 1113 2646 integrum.
1156 2565 1269 2626 Sensus
1287 2577 1325 2624 est

60 2693 61 2698 ,
129 2642 270 2723 ‘igiturz
291 2643 358 2722 quia
379 2642 553 2702 lracteuusa
577 2643 687 2702 uduos
706 2643 795 2703 verba
816 2641 946 2723 perdidi,
965 2643 1020 2701 iam
1041 2661 1094 2703 vos
1116 2640 1237 2705 hortari
1257 2642 1324 2702 desi-
1372 2675 1373 2718 ,

153 2738 250 2794 uam,
273 2719 325 2779 sed
344 2731 493 2797 utcunque
512 2663 596 2780 vohis
616 2741 671 2809 per
689 2715 736 2780 rire
757 2718 885 2780 dormire
905 2718 1008 2790 liceat,
1032 2717 1091 2776 boc
1116 2728 1223 2778 tamen
1249 2719 1326 2778 robis

165 2792 264 2856 hostes
276 2817 337 2854 non
371 2796 531 2868 ermittent,
550 2797 603 2856 sed
623 2796 730 2858 invitos
751 2808 863 2888 cogent
883 2797 919 2856 ad
939 2793 1132 2877 vigilandum.
1166 2796 1326 2876 Ideoapud
1372 2867 1373 2874 ἵ

164 2871 304 2931 Marcum.
329 2815 458 2944 additur,
487 2873 618 2952 sufficit:
648 2872 724 2932 acsi.
740 2873 870 2948 dixisset,
899 2893 962 2932 nou
987 2891 1051 2932 esse
1075 2871 1136 2930 iam
1164 2872 1327 2934 dormiendi

164 2959 290 3037 tempus.
327 2949 427 3026 Atque
447 2946 504 3007 boc
523 2951 613 3010 uredo
634 2949 807 3030 plerumque
826 2949 973 3009 Dominus
992 2948 1147 3007 bominum
1173 2953 1327 3042 segnitiem
1372 2967 1373 3020 1

166 3033 298 3104 castigat,
317 3034 365 3096 nt,
385 3021 434 3101 qui
454 3022 491 3083 ad
509 3025 599 3084 verba
619 3025 699 3086 surdi
721 3025 854 3100 suerunt,
873 3026 954 3086 malis
974 3025 1094 3085 tandem
1114 3039 1219 3087 coacte
1241 3029 1326 3110 erigi-

166 3099 238 3158 leut.
279 3101 380 3174 Quare
396 3099 670 3160 discamusDcmiui
689 3103 787 3163 verbis
806 3114 919 3167 mature
939 3101 1105 3175 attendere,
1123 3123 1166 3163 ne
1177 3108 1264 3184 quod
1275 3107 1328 3186 ipse

166 3186 274 3255 sponte
294 3195 310 3234 a
330 3174 417 3236 nohis
438 3174 546 3238 elicere
567 3178 637 3249 vult,
656 3199 723 3238 sero
745 3190 917 3258 extorqueat
936 3177 1102 3238 necessitas.

138 3257 149 3276 ¹
242 3257 290 3316 46.
328 3251 456 3326 Surga'te,
476 3275 582 3313 emnam.
622 3253 675 3314 llis
695 3253 792 3316 verbis
812 3255 951 3330 declarat,
970 3275 1004 3314 ex
1025 3269 1250 3335 qu0·precatus
1270 3259 1332 3330 luit,

166 3327 250 3388 nevis
277 3329 363 3388 armis
387 3349 418 3388 se
443 3349 504 3388 esse
530 3331 715 3406 instructum,
752 3333 838 3392 Prius
863 3331 979 3410 quidem
999 3331 1068 3393 satis
1087 3333 1279 3396 voluntarius
1297 3337 1330 3394 ad
1372 3357 1373 3372 ¹

166 3417 291 3466 nicetem
313 3405 424 3476 luerat,
447 3407 499 3466 sed
526 3405 554 3466 in
581 3407 646 3488 ipso
672 3407 796 3469 articulo
823 3430 889 3468 eum
916 3408 1010 3469 earnis
1030 3407 1207 3472 infirmitate
1229 3413 1330 3472 ἀυηω

167 3483 210 3542 illi
231 3494 379 3554 certamen
401 3481 471 3556 luit,
491 3494 524 3542 ut
543 3482 672 3544 libenter
691 3505 721 3544 se
741 3506 758 3544 a
777 3495 874 3546 morte
893 3483 1086 3559 subduceret,
1105 3485 1130 3545 si
1152 3489 1246 3548 medo
1265 3489 1329 3548 lici-
1372 3498 1373 3524 ¹

167 3571 228 3618 tum
248 3557 350 3619 fuisset
369 3579 434 3618 curn
455 3558 534 3619 hona
554 3559 648 3619 Patris
676 3561 771 3620 venia.
808 3560 951 3621 Precibus
971 3583 1044 3642 ergo
1065 3571 1097 3621 et
1117 3562 1253 3655 laci-paris
1270 3587 1330 3623 nc·
1372 3537 1373 3592 l

166 3657 231 3699 vaur
252 3655 268 3696 e
289 3634 375 3696 coelo
394 3635 530 3696 virtutem
552 3635 695 3697 obtinuit:
721 3657 783 3697 neu
809 3638 889 3718 quod
914 3640 1209 3716 uuquamtvacillarrt
1225 3641 1332 3720 inopia

165 3713 289 3787 virtutis,
308 3711 359 3770 sed
379 3711 447 3790 quia
466 3713 520 3773 sub
541 3712 636 3772 carnis
656 3713 835 3789 infirmitate,
875 3735 940 3773 uam
953 3727 1061 3794 sponte
1073 3729 1256 3809 susceperat,
1274 3739 1331 3776 an-

165 3791 211 3850 xie
232 3802 346 3850 etcum
366 3788 493 3850 molesto
514 3787 685 3869 difficilique
706 3802 814 3852 conatu
834 3734 968 3851 laborare
985 3791 1089 3866 voluit,
1110 3805 1144 3852 ut
1156 3816 1330 3875 msuaper-

164 3887 237 3926 scna
258 3865 409 3926 victoriam
429 3863 517 3925 nohis
537 3865 711 3946 acquireret.
749 3869 836 3929 Nunc
855 3885 926 3929 reru
946 3868 1045 3928 sedata
1064 3871 1284 3948 trepidatione,
1304 3883 1332 3930 et

140 3943 273 4004 tumore
292 3942 426 4014 subacto,
445 3963 542 4003 rursus
562 3954 595 4001 ut
614 3942 810 4004 voluntarium
830 3942 1003 4012 sacrificium
1023 3944 1135 4007 alterat
1152 3948 1250 4024 Patri,
1269 3967 1330 4008 nan

165 4020 256 4080 modo
277 4039 338 4078 nnn
359 4018 451 4079 lrrrita
494 4020 546 4080 sed
565 4016 644 4079 ultro
664 4022 700 4080 ad
719 4033 845 4082 mortem
865 4020 1003 4080 occurrit.
1372 4075 1373 4090 ,

222 4103 288 4161 *47¹-
327 4095 362 4156 A
421 4117 488 4156 ceo
507 4093 645 4176 laqueata.
685 4096 796 4158 Sedulo
817 4097 982 4178 exprimunt
1000 4095 1226 4180 Evangelistae,
1245 4121 1330 4184 prae·
1372 4135 1373 4168 o

166 4170 256 4230 visum
269 4171 356 4232 luisse
368 4193 384 4232 a
397 4171 530 4232 Domino
543 4172 683 4253 quicquid
693 4173 813 4234 accidit:
833 4174 911 4234 unde
923 4186 1006 4233 certo
1018 4173 1121 4258 colligi
1135 4177 1250 4269 potuit,
1269 4197 1330 4236 nan
1372 4199 1373 4252 p

165 4259 284 4306 externa
303 4247 444 4308 violentia
464 4249 558 4328 ipsum
579 4252 615 4310 ad
635 4262 761 4311 mortem
781 4250 872 4326 trahi,
896 4248 951 4310 nisi
977 4261 1123 4329 quatenus
1143 4255 1231 4336 unpii
1249 4275 1328 4314 arca
1372 4253 1373 4308 l

155 4344 235 4384 vuum
245 4321 305 4382 Dei
324 4323 479 4386 consilium
499 4327 740 4407 exsequebantur.
771 4327 949 4409 Quanquam
969 4347 1042 4408 ergo
1062 4327 1193 4412 lugubre
1214 4343 1245 4394 et
1264 4331 1326 4411 ple·
