2768 4834
191 285 251 350 130
398 270 551 340 SECTIO
571 275 609 339 V.
648 261 799 342 Murrius
820 275 897 341 lssn
917 289 1116 342 ramosum.

193 434 318 504 sanarit
338 409 468 514 multos,
498 437 553 524 qni
574 431 657 502 mala
680 433 789 501 allecti
812 444 904 502 eraut
921 437 1018 502 variis
1039 431 1176 512 morbis,
1196 443 1232 500 et
1255 433 1352 500 dae·

192 540 303 606 monia
325 535 424 600 multa
444 538 552 602 eiecit:
585 547 617 601 et
644 559 712 604 non
740 535 867 602 sinebat
898 535 989 622 loqui
1016 533 1202 614 daemonia,
1238 535 1348 620 quod

185 639 298 734 ,ipsum
331 640 506 702 novissent.
555 638 606 703 35.
637 637 679 702 Et
706 659 797 702 mane
825 636 923 702 multa
951 636 1056 701 adbuc
1075 649 1187 713 nocte,
1231 657 1347 724 quum

26 757 36 784 ⁰
135 765 141 773 ·
194 740 392 815 surrexisset,
414 745 446 802 et
468 758 613 824 egressus
634 749 690 816 est,
713 748 745 832 qt
767 735 846 803 abiit
862 738 952 803 lesus
973 739 1006 803 in
1029 738 1190 805 desertum
1213 735 1351 813 locum,

195 839 308 927 ibique
331 835 453 916 orabat.
494 839 546 904 36.
576 841 618 902 Et
639 849 854 926 prosequutus
877 848 925 903 est
946 836 1036 904 illum
1056 839 1182 914 Simon,
1218 850 1252 902 et
1278 841 1345 923 qui

196 961 267 1004 cum
290 931 451 1004 socrant.
493 939 544 1005 37.
577 936 751 1027 Quumque
773 941 972 1004 invenissent
998 959 1084 1016 enm,
1111 938 1265 1006 dixerunt
1297 941 1346 1017 ei,

197 1039 322 1106 Omnes
359 1049 519 1125 quaerunt
558 1049 602 1107 te.
662 1041 713 1106 38.
746 1039 789 1105 Et
830 1043 875 1105 ait
911 1037 993 1118 illis,
1034 1039 1153 1104 Eamus
1187 1041 1222 1104 in
1258 1061 1347 1124 pro-

195 1143 298 1206 ximos
317 1141 416 1217 vicos,
437 1152 473 1204 ut
495 1139 594 1206 stibi
616 1141 814 1226 praedicem:
835 1143 867 1206 iu
890 1139 953 1205 boc
975 1141 1059 1205 enim
1083 1160 1230 1224 egressus
1253 1161 1345 1204 sum.

189 1243 249 1307 39.
274 1241 317 1306 Et
337 1238 545 1325 praedicabat
565 1244 600 1308 in
620 1244 792 1330 synagogis
818 1261 930 1307 eorum
951 1243 986 1308 iu
1012 1251 1080 1309 tota
1102 1239 1273 1320 Galilaea,
1305 1251 1344 1306 et

197 1341 368 1410 daemonia
391 1337 557 1424 eliciebat,
783 1354 785 1364 '

190 1482 196 1498 '
280 1497 383 1568 LUC.
407 1500 464 1566 IV.
507 1503 560 1572 38.
592 1500 701 1588 Quum
731 1513 836 1568 autem
862 1487 1049 1570 surrexisset
1075 1503 1164 1569 lesus
1192 1507 1375 1596 asyma:¹

197 1623 294 1692 goga,
324 1603 468 1666 introivit
496 1605 530 1667 iu
558 1598 688 1668 domum
710 1603 857 1671 Simonis.
909 1605 1030 1672 Socrus
1057 1615 1163 1672 autem
1190 1603 1340 1668 Simonis

196 1700 369 1771 tenebatur
387 1699 472 1766 labri
492 1723 614 1788 magna,
636 1714 669 1768 et
685 1715 880 1788 rogaverunt
899 1726 961 1792 pro
983 1704 1047 1769 illa.
1088 1705 1139 1773 39.
1159 1704 1202 1768 Et
1224 1714 1338 1767 astans

120 1855 127 1874 .
197 1826 294 1891 supra
305 1801 402 1880 illam,
415 1805 594 1889 increpavit
605 1802 730 1884 febrim,
753 1817 784 1870 et
797 1804 898 1871 febris
911 1805 1029 1871 dimisit
1040 1802 1140 1871 illam:
1160 1807 1338 1890 statimque

197 1923 332 1991 surgens
344 1902 543 1968 ministrabat
554 1902 629 1970 illis.
659 1906 710 1972 40.
732 1906 841 1991 Quum
856 1919 960 1974 autem
973 1905 1022 1971 sol
1034 1905 1206 1982 occideret,
1218 1926 1337 1970 omnes

196 2009 254 2093 qui
275 2002 437 2076 habebant
457 2003 602 2090 infirmos
622 2007 720 2072 variis
740 2007 875 2087 morbis,
895 2007 971 2073 illos
995 2006 1158 2074 ducebant
1179 2006 1219 2071 ad
1242 2027 1337 2070 eume

197 2118 230 2171 at
255 2107 325 2193 ipse
355 2103 487 2190 singulis
515 2127 628 2172 manus
654 2109 825 2194 imponens
852 2107 986 2174 sanabat
1007 2129 1073 2174 eos.
1113 2107 1167 2172 41.
1190 2105 1336 2172 Exibunt

149 2263 154 2272 .
198 2217 303 2272 autem
327 2195 496 2271 daemonia
518 2229 536 2272 a
557 2206 672 2286 multis,
693 2208 863 2276 clamantia
885 2231 924 2276 ao
941 2209 1090 2286 dicentia,
1111 2209 1163 2272 'l'u
1186 2229 1221 2274 es
1236 2204 1336 2271 Chri-

197 2317 265 2372 stus
286 2305 389 2372 Filius
407 2305 480 2372 Ilei.
523 2307 565 2372 Et
592 2309 763 2394 increpans
790 2331 857 2376 nun
886 2309 1014 2376 sinebat
1042 2329 1080 2374 ea
1102 2307 1207 2395 loqui,
1239 2307 1333 2395 quod

108 2426 116 2450 t
197 2410 373 2486 novissent,
393 2409 497 2492 ipsum
520 2429 590 2474 esse
604 2407 776 2476 Christum.
819 2413 870 2477 42.
892 2411 992 2476 Facto
1015 2419 1119 2474 autem
1142 2409 1205 2487 die,
1225 2431 1334 2494 egres-

198 2529 253 2574 sus
273 2511 333 2573 ivit
352 2509 386 2573 iu
410 2506 571 2574 desertum
593 2509 717 2588 locum,
751 2521 785 2575 et
811 2511 924 2578 turbae
951 2507 1151 2598 quaerebant
1178 2532 1264 2588 earm:
1300 2520 1333 2575 et

101 2645 110 2654 -
198 2618 358 2674 venerunt
379 2629 482 2695 usque
504 2608 544 2674 ad
566 2611 679 2696 ipsum,
701 2624 733 2676 et
754 2611 942 2678 detinebant
963 2610 1064 2688 illum,
1084 2631 1125 2674 ne
1149 2609 1333 2676 discederet

103 2718 106 2730 ·
199 2708 320 2775 abeis.
361 2709 414 2774 43.
437 2707 568 2793 Quibus
594 2709 651 2776 ille
677 2715 736 2792 ait,
763 2714 867 2778 Etiam
896 2711 966 2779 aliis
995 2711 1177 2793 ciuitatibus
1201 2723 1332 2798 oportet

198 2831 251 2876 me
273 2807 497 2894 evangelizare
517 2831 649 2894 regnum
670 2812 751 2878 Dei:
784 2834 857 2879 nam
884 2815 918 2880 in
947 2800 1010 2880 boo
1038 2815 1150 2878 missus
1171 2835 1250 2880 sum.
1286 2814 1331 2880 Et

199 2907 410 2998 praedicabat
429 2909 462 2972 in
484 2913 658 2996 synagogis
678 2911 858 2980 Galilaeae.

259 3105 408 3174 Marc29.
443 3104 635 3168 meidio
644 3106 760 3170 doarium
770 3111 863 3173 Porri.
895 3112 988 3188 Quod
1004 3113 1079 3174 bunc
1092 3111 1241 3173 historiam
1253 3114 1328 3173 Mat-

203 3183 306 3244 thaeus
325 3205 378 3244 suo
400 3181 504 3244 ordine
525 3205 586 3244 non
606 3199 774 3263 recenseat,
793 3189 941 3250 coniicere
961 3191 1030 3250 inde
1051 3190 1129 3263 licet,
1150 3191 1231 3268 qnod
1250 3191 1327 3250 lilar-

203 3282 253 3320 cus
279 3261 451 3322 nominatim
476 3271 603 3341 quatuor
627 3275 740 3322 tantum
765 3264 923 3347 discipulos
950 3253 1068 3326 Christo
1095 3265 1183 3325 luisse
1209 3266 1327 3326 comites

201 3335 300 3395 tradit
337 3336 454 3398 Deinde
479 3359 569 3417 quum
589 3359 605 3398 e
624 3359 786 3423 synagogav
801 3362 932 3423 egressus
958 3355 1037 3402 recta
1063 3363 1093 3402 sc
1120 3341 1276 3402 contulerit
1295 3343 1325 3402 in

201 3413 321 3473 domum
341 3413 439 3489 Petri,
470 3427 584 3496 tempus
611 3429 710 3476 exacte
730 3439 746 3477 a
765 3419 917 3480 Matthaeo
943 3441 1003 3479 non
1030 3418 1117 3480 luisse
1143 3419 1324 3480 observatum

201 3487 289 3551 docile
310 3501 399 3570 patet
437 3491 533 3552 Porro
552 3491 690 3554 videntur
707 3495 913 3586 Evauqelistae
932 3494 1102 3556 miraculum
1122 3495 1180 3555 boc
1201 3495 1326 3576 peculia-

106 3621 112 3628 .
202 3565 277 3627 riter
297 3588 444 3642 narrasse,
464 3589 525 3628 nou
546 3571 626 3648 quod
647 3591 744 3662 perse
764 3571 827 3631 alus
847 3585 922 3633 esset
941 3572 1080 3646 nobilius,
1099 3571 1145 3632 vel
1165 3585 1324 3632 memoratu

197 3643 294 3726 magis
319 3645 456 3726 dignuin,
486 3646 538 3706 sed
557 3645 629 3724 qnia
655 3669 685 3706 ιιι
709 3668 746 3709 eo
772 3647 909 3710 Christus
932 3649 1123 3710 domesticum
1149 3660 1180 3708 et
1208 3649 1324 3710 interius

200 3720 313 3857 fiesties
331 3741 399 3780 suae
418 3721 566 3801 specimen
588 3723 718 3783 exhibuit
736 3725 908 3818 discipulus
926 3726 1032 3786 deinde
1053 3725 1132 3805 quod
1157 3725 1241 3785 unius
1260 3747 1322 3786 mo-

223 3793 280 3858 eris
298 3797 411 3857 sanatio
431 3797 564 3877 pluribus
584 3798 727 3861 miraculis
748 3802 829 3862 deun
848 3803 1051 3877 occasionem,
1079 3813 1112 3860 nt
1136 3802 1264 3883 undiquc
1288 3805 1321 3864 ad

200 3891 269 3932 euru
289 3874 475 3936 confluerent
494 3873 559 3952 opis
578 3876 723 3955 petendae
734 3898 827 3939 cansa.
852 3880 945 3940 Lucas
964 3879 1223 3953 taurenuirtutem,
1243 3899 1322 3958 qnam

199 3947 249 4008 bic
261 3946 394 4012 Christus
408 3949 559 4031 patefecit,
577 3971 638 4015 uuo
657 3952 750 4016 rerbo
771 3955 939 4035 amplificat,
957 3976 1063 4046 pasqua
1082 3954 1160 4014 febri
1181 3955 1322 4014 detentam

200 4021 290 4084 fuisse
315 4025 415 4086 dicens
434 4025 517 4088 Petri
540 4047 666 4087 socrum.
707 4027 823 4092 Certius
848 4031 925 4091 enim
951 4054 986 4092 ac
1005 4031 1148 4114 insignius
1167 4031 1322 4091 documen-

200 4107 264 4156 tum
285 4098 340 4159 luit
359 4101 473 4162 divinae
493 4101 656 4182 potentiae,
674 4114 734 4164 tarn
757 4107 815 4167 oris
831 4119 983 4168 momento
1004 4119 1033 4167 et
1052 4106 1118 4167 solo
1138 4117 1219 4167 tactn
1238 4109 1320 4168 relae-

200 4185 330 4234 mentem
350 4197 383 4236 ac
402 4197 520 4258 gravem
539 4179 674 4241 morbum
694 4127 809 4242 toliere.
850 4182 1027 4262 Quanquam
1052 4195 1148 4243 antem
1169 4184 1233 4244 solo
1253 4196 1321 4244 nutu

201 4247 233 4306 id
253 4260 381 4338 poterat,
399 4274 516 4314 manum
535 4265 633 4316 umen
649 4257 709 4316 eins
722 4258 830 4392 tetiqit,
848 4258 894 4322 rel
906 4260 1086 4340 exprimendi
1099 4261 1223 4321 allectus
1233 4281 1320 4334 causa,

201 4322 251 4385 rel
283 4344 348 4402 qma
379 4328 544 4418 spmbolum
570 4331 625 4392 hoc
650 4343 721 4392 tuuc
744 4347 817 4396 uuo
843 4355 905 4395 esse
930 4349 1062 4398 noverat.
1101 4335 1215 4399 Scimus
1239 4336 1320 4414 etnim,

203 4418 260 4481 pro
280 4409 421 4479 temporis
438 4415 553 4466 rauoue
574 4409 699 4471 externis
718 4409 858 4490 symbolis
877 4409 970 4474 libere
991 4413 1077 4476 luisse
1097 4427 1189 4473 nsum.
