2756 4838
184 9 195 38 Ι

321 111 327 138 l
1043 133 1051 163 Ι

168 237 228 300 tto
328 231 444 296 SECT.
464 207 562 294 avit
601 217 864 294 ruanrsaronbu
882 203 1192 292 memnsrrounss

170 386 223 448 ris:
235 372 573 468 e'rgoilomaniirbperr'i
594 385 753 446 auctoritas
773 385 922 460 communi
941 405 995 446 tun
1007 383 1135 464 probata
1155 398 1337 478 receptaque

170 475 248 523 erat:
267 463 348 522 unde
369 462 523 522 constabat
541 462 667 522 Iudaeos
686 463 765 542 ipsos
786 463 842 520 iam
854 459 1027 540 sibispoute
1044 461 1338 554 legem'imposursse

68 556 80 574 ‘
168 540 304 600 solvendi
323 538 441 613 tributi,
463 540 531 618 quia
550 539 691 600 Romanis
711 537 801 620 gladii
821 549 999 616 potestatem
1015 552 1241 598 concesserant.
1282 543 1338 600 Ne-

169 617 327 695 que'enim
347 636 479 686 seorsum
499 616 536 676 de
557 636 646 676 censu
657 615 863 696 disputandum
883 625 956 689 erat,
975 613 1027 674 sed
1037 615 1193 694 pendebat
1210 639 1227 676 a
1247 637 1337 699 genc-

170 692 226 755 rali
245 691 349 772 politia
369 691 442 751 lrae'c
461 694 605 770 quaestio.

246 777 293 833 21.
336 767 461 828 Reddita
483 787 557 848 qnos
583 781 649 827 sunt
676 767 825 828 ·Gnesoris.
880 769 1032 828 Admonet
1060 767 1218 845 Christus,
1253 792 1337 848 quuru

62 865 67 875 ·
192 845 267 906 entis
286 844 431 905 subiectio
452 867 572 904 numano
592 855 696 904 testata
716 845 768 919 sit,
793 865 854 905 non
876 865 942 904 ¹esse
971 845 1008 904 de
1030 845 1092 905 eius
1112 858 1200 925 parte
1221 847 1336 928 litigau-

169 865 250 996 ium,
269 921 327 980 acsi
348 921 473 994 dixisset,
493 921 526 981 si
545 919 630 982 vobis
650 921 807 982 absurdum
827 933 871 980 est
889 920 1031 980 tributum
1051 923 1199 1001 pendere,
1220 945 1261 983 ne
1280 926 1336 983 llo-

168 1019 257 1057 mauo
276 997 404 1077 imperio
424 997 550 1058 subiecti
570 998 640 1058 sitis.
678 999 719 1058 At
741 997 769 1056 u'i
786 1019 918 1060 nummus
938 998 1004 1076 (qni
1017 995 1138 1058 mutuati
1151 1001 1337 1060 interbomi-

169 1095 223 1134 nes
244 1073 518 1134 communicationis
537 1095 664 1154 sponsor
684 1019 743 1165 esti
765 1073 922 1134 Caesarem
940 1073 1025 1134 vobis
1043 1075 1190 1136 dominari
1204 1089 1340 1152 testatur,

169 1163 204 1210 ut
222 1150 308 1212 tacita
350 1171 448 1230 noque
467 1161 564 1230 vestra
577 1151 794 1232 approbatione
808 1150 974 1230 perieritac
990 1163 1092 1232 erepta
1105 1153 1150 1220 sit,
1169 1173 1259 1231 quam
1281 1154 1337 1212 ob-

169 1228 289 1288 tenditis
309 1171 438 1290 libertas.
469 1228 565 1287 Porro
586 1249 648 1296 uon
668 1227 708 1286 ita
728 1227 857 1290 medium
876 1240 921 1287 est
937 1248 1109 1308 responsum
1127 1228 1246 1304 Christi,
1263 1231 1338 1310 quin

168 1304 289 1388 plenam
309 1304 346 1363 de
367 1304 540 1383 quaestione
552 1304 704 1385 proposita
717 1303 881 1364 doctrinam
901 1305 1062 1364 contineat.
1091 1305 1167 1365 Nam
1186 1306 1234 1368 bic
1257 1307 1338 1364 inter

169 1380 321 1472 spirituale
342 1391 372 1441 et
391 1381 546 1516 politicum
567 1381 700 1462 regimen
720 1379 799 1469 elarq
816 1380 967 1440 distinctio
987 1382 1125 1461 ponitur,
1156 1395 1191 1442 ut
1214 1383 1336 1442 sciamus

168 1455 243 1516 nrbil
263 1455 351 1517 nobis
372 1479 390 1518 ο
413 1471 489 1518 stare
502 1470 650 1517 externam
666 1457 892 1530 subiectionem,
911 1458 1067 1536 quominus
1088 1458 1184 1520 libera
1204 1459 1284 1519 intus
1303 1461 1336 1519 sit

169 1533 350 1594 conscientia
371 1555 471 1594 coram
490 1535 568 1594 Deo.
606 1533 712 1593 Voluit
735 1533 813 1592 enim
843 1533 976 1595 Christus
1003 1555 1106 1596 eorum
1135 1556 1273 1596 errorem
1293 1558 1335 1596 re-

168 1609 286 1685 fellere,
307 1611 357 1690 qui
376 1632 407 1671 se
428 1610 486 1670 Dei
507 1609 650 1691 populum
667 1631 730 1670 esse
748 1629 809 1668 non
825 1609 978 1690 putabant,
997 1611 1053 1672 nisi
1069 1609 1107 1670 ab
1122 1613 1209 1672 omni
1222 1612 1335 1672 humani

168 1687 209 1748 im
234 1687 288 1747 erii
306 1688 377 1769 iugo
399 1695 496 1748 essent
515 1689 666 1747 immunes.
710 1685 805 1746 Sicuti
825 1698 856 1746 et
874 1687 982 1747 Paulus
1005 1687 1041 1748 in
1057 1688 1135 1748 hanc
1157 1701 1272 1770 partem
1291 1710 1335 1748 se-

171 1708 241 1822 dulo
262 1762 418 1838 incumbit,
437 1784 475 1823 ne
494 1763 590 1823 minus
609 1783 641 1822 sc
655 1762 707 1821 uni
717 1763 786 1823 Deo
798 1763 907 1824 servire
924 1764 1097 1838 existiment,
1114 1765 1144 1824 si
1164 1778 1274 1845 parent
1285 1767 1334 1824 bu-

168 1839 262 1898 manis
283 1838 407 1920 legibus,
426 1838 450 1897 si
470 1838 579 1899 tributa
599 1839 732 1912 solvunt,
752 1860 787 1898 ac
806 1839 926 1920 reliquis
954 1840 1093 1900 oneribus
1114 1841 1252 1902 serendis
1270 1843 1333 1902 sub

103 1949 105 1960 ι
168 1915 290 1973 mittunt
308 1915 445 1974 eervices.
482 1916 520 1974 ln
539 1935 666 1988 summa,
693 1916 867 1994 pronuntiat
890 1937 954 1976 non
976 1916 1084 1978 uiolari
1109 1919 1157 1978 ius
1177 1919 1257 1989 Dei,
1284 1939 1332 1977 nec

168 1991 246 2052 laedi
260 1989 328 2054 ,cius
348 1988 475 2064 cultum,
499 1991 524 2050 si
550 1991 651 2051 Iudaei
671 1992 769 2070 quoad
795 2003 943 2054 externam
967 1993 1100 2074 politiam
1122 1995 1267 2055 Romanis
1283 2015 1330 2074 pa-

168 2079 263 2128 reant.
294 2065 420 2127 Videtur
435 2069 524 2127 etiam
545 2088 647 2128 eorum
667 2067 837 2148 hypocrisin
854 2069 1065 2152 perstringere,
1085 2073 1171 2160 qnod
1192 2093 1331 2152 qunmse-

168 2149 239 2206 cure
260 2143 467 2224 permitterent
484 2145 544 2204 Dei
564 2143 674 2204 cultum
692 2143 790 2204 multis
807 2145 836 2204 iu
849 2145 937 2206 rebus
956 2145 1072 2223 violari,
1092 2169 1154 2207 mro
1177 2149 1218 2207 im
1242 2149 1267 2208 ie
1284 2167 1329 2206 sua
1369 2155 1370 2166 ¹

168 2232 316 2302 potestate
335 2219 432 2282 Deum
452 2221 632 2294 fraudarent,
651 2233 765 2280 tantum
786 2220 842 2281 aeli
858 2223 994 2283 ardorem
1007 2245 1078 2304 prae
1093 2245 1126 2284 se
1147 2169 1285 2285 serebant
1302 2223 1328 2280 in
1369 2207 1370 2232 ¹

167 2320 203 2358 re
222 2297 320 2369 nihili:
340 2299 398 2358 acsi
418 2299 544 2374 dixisset,
566 2297 657 2358 Valde
677 2297 796 2359 solliciti
816 2298 894 2374 estis,
913 2301 937 2360 si
956 2300 1099 2360 tributum
1122 2302 1256 2362 solvatur
1270 2302 1328 2359 llo-
1369 2317 1370 2400 q

167 2376 272 2449 manis,
291 2395 330 2434 ne
350 2374 420 2454 quid
442 2395 476 2434 ea
494 2375 553 2434 Dei
572 2376 688 2434 lionorc
708 2373 838 2466 decedpt
885 2377 977 2456 Atqui
1003 2377 1102 2456 potius
1128 2379 1228 2438 danda
1246 2397 1330 2456 opera
1369 2401 1370 2454 1

168 2464 223 2526 est,
243 2463 277 2510 ut
294 2450 370 2534 Deo!
383 2451 492 2512 cultum
504 2451 662 2512 exhibeatis
678 2471 766 2531 quem
786 2473 801 2510 a
821 2453 905 2512 vobis
923 2453 1056 2532 requirit,
1077 2455 1196 2514 interea
1209 2455 1329 2514 bomini-

80 2547 84 2566 ·
148 2527 224 2588 -bus
250 2530 337 2590 etiam
363 2529 490 2590 reddatis
511 2529 591 2606 quod
615 2549 699 2588 suurn
725 2539 777 2587 est.
816 2528 942 2589 Videtur
962 2529 1080 2609 quidem
1106 2551 1171 2590 non
1194 2531 1329 2611 quadrare
1369 2565 1370 2604 2

209 2605 303 2665 rtltio:
326 2605 393 2686 quia
413 2605 534 2686 proprie
554 2605 716 2684 loquendo,
736 2605 804 2665 dum
818 2603 919 2667 cilicio
936 2618 1040 2666 nostro
1053 2605 1247 2690 defungimur
1265 2627 1329 2688 erga

192 2684 321 2757 omines,
347 2680 520 2759 obsequium
546 2682 604 2740 hoc
623 2682 693 2741 Deo
712 2681 915 2762 impendimus.
960 2683 1021 2743 Sed
1042 2681 1179 2743 Christus
1199 2685 1237 2744 ad
1255 2683 1330 2763 tulgi

169 2772 286 2840 captum
305 2779 473 2818 sermonem
492 2758 731 2831 accommodans,
750 2758 820 2818 satis
838 2759 941 2818 babuit
959 2758 1109 2839 spirituale
1129 2761 1192 2820 Dei
1213 2783 1330 2842 regnum

169 2835 206 2894 ab
228 2833 333 2895 ordine
354 2833 477 2914 politico
506 2845 537 2894 et
555 2834 715 2914 praesentis
740 2834 1112 2896 ritae·statudiscerue1¹e.
1153 2837 1259 2912 Quare
1278 2839 1328 2896 bor

170 2911 326 2971 discrimen
346 2911 507 2970 tenendum
529 2923 581 2986 est,
603 2931 690 2990 quum
709 2909 854 2971 Dominus
875 2912 911 2970 ad
933 2913 1078 2994 regendas
1098 2911 1213 2974 animas
1234 2915 1329 2973 unicus
1369 2931 1370 2958 t

103 3041 105 3050 ,
169 2985 334 3068 Legislator
354 3007 415 3048 esse
434 2988 516 3062 velit,
536 3008 597 3046 nou
618 2985 736 3047 aliunde
756 2987 817 3048 eius
828 2988 946 3048 colendi
956 2990 1114 3070 petendam
1126 3011 1191 3050 esse
1202 2993 1327 3072 regulam

170 3077 256 3141 quam
277 3084 310 3122 ex
330 3062 418 3142 ipsius
436 3063 541 3138 verbo,
561 3074 648 3146 atqqe
668 3062 697 3122 iu
719 3062 784 3124 solo
806 3085 939 3146 puroque
956 3065 1036 3127 cultu
1046 3066 1096 3156 qni
1108 3065 1173 3126 illic
1189 3067 1327 3146 praescri-

169 3137 251 3199 bitur
269 3141 458 3200 maneud'um:
479 3139 570 3222 gladii
589 3161 660 3200 vero
681 3152 875 3220 potestatem,
905 3143 986 3225 leges
1005 3154 1036 3202 et
1054 3143 1162 3204 iudicia
1184 3144 1259 3203 nibil
1279 3145 1328 3203 ob-

169 3226 256 3291 stare,
297 3217 430 3278 uominus
451 3217 567 3298 integer
586 3217 664 3295 apud
684 3237 738 3278 nos
757 3217 816 3277 Dei
837 3218 942 3280 cultus*
954 3219 1060 3302 vigeat.
1099 3221 1163 3279 lam
1185 3219 1260 3280 baec
1279 3223 1328 3280 do-

170 3292 263 3352 ctrina
276 3237 368 3353 latius
389 3305 479 3374 patet,
498 3306 531 3351 ut
551 3292 673 3384 quisque
692 3315 749 3384 pro
769 3316 820 3356 sua
839 3296 997 3356 vocatione
1005 3295 1147 3356 debitum
1165 3295 1329 3359 bominibus

169 3369 300 3430 officium
321 3381 459 3452 praestet,
478 3369 564 3429 libert
585 3372 765 3460 parentibus,
784 3372 861 3432 servi
871 3373 997 3433 dominis
1016 3393 1047 3432 se
1060 3372 1191 3435 libenter
1211 3374 1329 3433 submit-

167 3457 241 3518 tant,
261 3448 310 3507 alii
329 3446 391 3506 aliis
411 3446 551 3531 morigeri
571 3458 631 3506 srnt
650 3459 681 3506 et
700 3447 897 3526 obsequentes
906 3450 1066 3510 secundnm
1077 3451 1207 3509 caritatis
1227 3449 1329 3532 legem,

141 3573 143 3592 ,
167 3523 258 3584 modo
277 3545 418 3584 summum
438 3523 591 3614 imperium
611 3524 693 3590 Deus
714 3539 830 3605 semp'er
845 3526 989 3598 obtineat,
1008 3528 1055 3588 cui
1067 3525 1268 3586 subalternum
1286 3538 1329 3584 est

166 3603 216 3678 (ut
235 3599 410 3680 loquuntur)
432 3601 571 3680 quicquid
592 3599 759 3660 hominibus
780 3601 882 3662 deberi
899 3615 1006 3683 potest.
1039 3603 1162 3663 Summa
1183 3623 1250 3684 ergo
1271 3613 1328 3674 est,

166 3677 236 3814 quia
256 3677 324 3736 Deo
344 3676 470 3737 rebelles
482 3690 550 3760 suut
561 3677 728 3757 quicunque
737 3677 891 3768 politicum
908 3679 1042 3739 ordinem
1054 3680 1242 3749 labefactant,
1252 3677 1327 3736 obe-

125 3822 135 3834 *
188 3754 307 3814 ientIam
335 3774 405 3836 erga
431 3753 580 3834 principes
605 3766 635 3814 et
666 3765 849 3835 magistratus
880 3777 945 3816 cum
970 3757 1029 3816 Dei
1062 3756 1144 3816 cultu
1172 3767 1202 3816 et
1223 3755 1329 3815 timore

80 3865 88 3872 -
166 3851 284 3910 semper
303 3832 489 3891 coniunctam
511 3851 583 3902 esse,
602 3832 654 3889 sed
673 3853 798 3905 rursum,
818 3833 842 3892 si
863 3832 933 3912 quid
952 3833 1008 3892 sibi
1030 3855 1064 3893 cx
1083 3833 1144 3892 Dei
1166 3834 1229 3894 iure
1250 3833 1328 3912 priu-

166 3909 245 3988 cipes
264 3929 333 3968 usur
355 3921 414 3981 aut,
433 3929 494 3967 non
516 3928 576 3968 esse
598 3907 653 3966 illis
674 3906 873 3968 obediendum
893 3908 946 3970 nisi
967 3931 1058 3988 usque
1080 3911 1115 3970 ad
1137 3932 1211 3970 aras.

242 3989 308 4049 2⁸2!
368 3989 437 4044 irati
454 3998 529 4044 nrm.
576 3984 633 4042 llic
659 3985 744 4042 etiam
770 3997 908 4065 apparet,
938 3995 969 4044 ut
993 3985 1074 4046 Deus
1099 3988 1249 4068 malignos
1279 3985 1326 4044 ho

165 4062 251 4120 stium
271 4081 389 4122 snorum
410 4073 531 4130 conatus
551 4060 582 4119 in
603 4061 746 4122 diversum
767 4063 855 4122 finem
876 4074 1040 4136 convertat,
1060 4083 1118 4122 uec
1136 4064 1231 4122 modo
1251 4085 1266 4122 s
1287 4081 1326 4120 eru

165 4157 268 4195 eorum
290 4138 408 4198 deludat
426 4159 459 4197 ac
480 4137 645 4210 frustretur,
666 4136 715 4196 sed
737 4139 824 4198 etiam
846 4161 910 4198 cum
933 4139 1098 4220 ignominia
1124 4160 1178 4198 eos
1198 4083 1326 4218 repellat.

165 4207 234 4270 Fiet
254 4214 369 4292 quidem
388 4215 535 4274 interdum
554 4225 589 4271 ut
606 4213 701 4292 impii,
721 4213 878 4290 licetsicti,
898 4235 959 4273 non
974 4227 1073 4274 tamen
1090 4215 1270 4298 obstrepere
1282 4214 1326 4270 de·

165 4287 275 4349 sinant:
295 4291 345 4348 sed
387 4289 549 4350 uantumvis
568 4289 712 4350 indomita
731 4291 770 4351 sit
788 4313 890 4352 eorum
906 4291 1087 4370 petulantia,
1108 4303 1260 4372 quotquot
1278 4311 1327 4368 pu·
1369 4329 1370 4354 t

165 4383 238 4444 guas
256 4376 359 4426 contra
409 4367 437 4426 ei
455 4367 579 4430 verbum
598 4366 762 4444 intentant,
786 4369 913 4432 totidem
931 4368 1070 4432 victorias
1088 4367 1184 4430 babet
1202 4369 1283 4430 Deos
1299 4365 1327 4423 in
