2778 4838
279 243 469 325 (tta-tta.
506 241 555 302 De
574 240 716 304 facilitate
735 241 767 301 in
786 241 1001 322 poenitentes.)
1168 247 1228 310 143

79 401 151 477 ih),
169 395 371 458 nonduhinm
392 406 446 470 est,
466 391 537 474 quin
558 411 592 454 ex
611 394 759 472 praesenti
779 413 813 455 ac
831 361 920 474 legali
939 394 1033 483 cultus
1051 393 1111 454 Dei
1130 391 1227 456 lorma

80 477 179 536 docere
198 473 279 546 velit,
298 493 360 532 non
380 491 468 552 posse
487 491 543 530 nos
561 470 618 532 rite
638 471 764 548 precari,
782 491 839 532 nec
859 470 1227 551 quicquamolierreDeo,

80 571 157 629 quam
176 551 225 611 diu
246 548 394 640 dissidium
416 546 555 638 estnohis
575 546 799 638 cumfratribus.
824 547 874 608 Sic
885 547 976 638 igitur
986 567 1066 608 nune
1075 555 1227 637 receptam

73 623 628 764 tttldtl‘tltttlt‘tltttt
644 622 1227 763 ttlttth‘⁸tt¹„ttl⁸⁰ltllttl
1251 729 1254 737 ,

79 780 148 859 apud
166 725 292 839 Iudicis
312 797 402 858 penes
421 777 554 838 seniores
574 744 650 838 essit
669 722 975 838 excommiinidhtionis
1000 721 1156 856 potestas:l
1176 775 1228 854 qui

80 856 161 916 totius
179 855 331 916 Ecclesiae
350 875 507 934 personam
527 851 687 944 gerebant,
707 854 842 934 apposite
863 852 998 914 Christus
1017 864 1088 914 tunc
1108 854 1227 912 dentum
1266 911 1271 922 ,
1364 921 1365 936 ¹

79 932 186 1010 publice
206 933 242 992 ad
255 930 416 992 Ecclesiam
427 931 539 991 traduci
555 929 626 990 dicit
645 929 695 1008 qui
714 942 884 1011 peccarunt,
902 930 927 992 si
946 931 1071 1010 privatas
1091 927 1227 990 admoni-

78 1008 165 1069 tiones
183 1007 231 1070 vel
250 1030 283 1068 su
307 1007 378 1067 erbe
398 1017 606 1080 contemnant,
629 1006 676 1066 vel
696 1006 856 1068 scurriliter
874 1007 1005 1067 eludant.
1041 1005 1173 1076 Scimus,
1192 1024 1227 1064 ex

80 1105 131 1162 quo
149 1083 259 1146 reversi
279 1029 399 1144 dierunt
418 1082 455 1144 ah
476 1083 577 1146 exsilio
595 1082 783 1162 babylonico
803 1084 919 1157 Iudaei,
948 1082 1065 1144 delecto
1085 1081 1228 1157 concilio,

79 1162 152 1239 quod
162 1160 311 1222 vocabant
321 1159 498 1234 Sanhedrin,
517 1147 623 1294 gpaece
635 1157 814 1249 Spoedrion,
833 1161 997 1220 mandatam
1013 1159 1111 1222 fuisse.
1122 1179 1228 1220 censu-

79 1259 133 1296 ram
151 1259 266 1298 morum
286 1248 317 1296 et
335 1236 497 1296 doctrinae.
557 1256 593 1296 oc
611 1235 639 1294 le
670 1236 772 1296 timum
787 1236 983 1314 fuitDeoque
1000 1235 1158 1314 probatum
1177 1255 1227 1293 re·
1287 1235 1292 1246 '

79 1314 180 1408 gimen,
200 1326 231 1376 ct
251 1314 309 1372 hoc
330 1312 445 1372 frenum
465 1313 502 1372 ad
521 1255 670 1394 retinendi

79 1391 107 1450 bi
145 1392 186 1451 uis
206 1389 343 1469 excipiat,
363 1387 473 1448 Christi
493 1399 588 1450 aetate
610 1387 708 1448 omnia
728 1388 816 1448 luisse
837 1400 974 1468 conrupta
988 1399 1018 1447 ct
1050 1406 1175 1462 erversa,
1193 1395 1229 1446 nt

78 1413 256 1527 sisimirus
276 1486 363 1555 quam
382 1465 532 1526 Ecclesiae
555 1464 694 1524 iudicium
720 1465 835 1526 censeri
854 1464 985 1545 tyrannis
1009 1407 1061 1524 itia
1081 1461 1228 1538 debuerit,

77 1544 221 1622 responsio
243 1540 335 1602 facilis
356 1553 409 1614 est,
431 1541 571 1617 Quamvis
589 1553 659 1601 tunc
676 1539 839 1601 adulterata
856 1552 931 1601 essct
944 1562 977 1600 ac
994 1559 1128 1621 perversa
1138 1538 1227 1615 ratio,

79 1617 218 1680 Christum
229 1631 328 1678 tamen
342 1618 450 1678 merito
471 1619 607 1678 ordinem
627 1617 755 1689 laudare,
796 1617 867 1678 ualis
888 1617 958 1677 olim
978 1615 1141 1678 aPatrihus
1161 1615 1228 1676 lue-

77 1707 119 1756 rat
135 1698 267 1758 traditns.
305 1694 367 1754 Ubi
387 1715 459 1756 vero
478 1694 567 1775 paulo
588 1704 656 1775 post
674 1694 765 1754 crexit
830 1695 961 1767 clesiam,
988 1692 1101 1754 sublata
1122 1713 1227 1752 corru-

77 1773 148 1851 ptela
166 1793 273 1853 purum
293 1771 564 1842 excommunicandi
583 1792 666 1831 usum
685 1763 821 1832 restituit.
844 1771 977 1831 Dubium
987 1783 1087 1830 tamen
1107 1777 1229 1828 nonest

77 1848 142 1926 quin
159 1850 235 1910 ratio
257 1846 443 1927 disciplinae,
463 1868 538 1927 quae
557 1847 652 1930 viguit
669 1845 723 1908 suh
743 1868 838 1930 regno
860 1847 987 1922 Christi,
1004 1846 1177 1908 successerit
1195 1845 1229 1904 in

78 1923 168 1986 locum
188 1925 265 1985 illius
284 1925 399 1986 veteris.
437 1926 478 1984 Et
497 1936 578 1985 certe
598 1945 688 2005 quum
708 1923 893 1985 umbratilem
905 1921 1177 1985 excommunicandi
1185 1921 1228 1980 ri-

76 2012 131 2061 torn
148 2003 298 2064 tenuerint
313 2001 399 2061 etiarn
412 2001 555 2080 profanae
567 2013 681 2083 gentes,
701 2000 759 2061 hoc
781 2001 919 2062 divinitus
939 2001 976 2061 ah
996 2001 1082 2060 initio
1101 1998 1229 2058 inditum

77 2077 157 2138 luisse
175 2078 330 2139 hominum
347 2076 493 2138 mentibus
513 2099 528 2136 a
551 2088 645 2157 paret,
663 2077 689 2138 si
709 2078 760 2155 qni
778 2078 887 2158 impuri
908 2089 938 2138 ct
955 2077 1062 2156 polluti
1083 2087 1191 2148 essent,
1210 2095 1228 2134 a

76 2156 156 2216 sacris
176 2175 240 2216 esse
261 2154 412 2214 arcendos.
451 2099 570 2232 Popuio
594 2174 668 2234 ergo
687 2153 746 2212 Dei
766 2165 852 2233 turpe
872 2173 906 2213 ac
927 2153 1094 2233 pudendum
1114 2151 1228 2226 fnisset,

77 2231 132 2291 eius
151 2229 322 2311 disciplinae
341 2250 460 2309 prorsus
480 2249 543 2288 esse
556 2239 713 2308 expertem,
733 2230 814 2289 cuias
825 2229 945 2308 aliquod
964 2230 1043 2288 inter
1061 2238 1165 2306 gentes
1177 2247 1228 2286 ex-

77 2307 164 2368 stabat
182 2307 349 2386 vestigium.
390 2304 482 2378 Quod
501 2315 599 2363 autem
617 2305 671 2364 suh
692 2304 774 2385 Lege
793 2317 938 2364 screatum
958 2304 1069 2376 luerat,
1093 2300 1227 2362 Christus

77 2384 108 2442 ad
125 2405 179 2446 nos
199 2381 369 2453 transmisit,
389 2381 455 2459 quia
475 2379 562 2440 nobis
582 2380 743 2440 communis
764 2391 808 2440 est
823 2380 899 2440 ratio
912 2378 1050 2440 comanti
1072 2378 1116 2437 nis
1128 2377 1228 2438 Patri-

77 2457 132 2521 bus.
169 2463 277 2537 Neque
298 2457 376 2516 enirn
396 2455 549 2518 consilium
563 2454 674 2516 Christi
692 2456 758 2529 fuit,
777 2477 845 2516 suos
864 2454 1023 2534 discipulos
1042 2400 1079 2514 ab
1098 2477 1111 2515 s
1131 2475 1227 2537 nago-

77 2555 135 2616 gam
155 2535 316 2616 ablegare,
332 2553 425 2611 quae,
445 2553 534 2612 quum
554 2531 679 2592 foetidas
698 2532 799 2592 sordes
819 2531 948 2592 libenter
967 2532 998 2590 in
1017 2531 1083 2590 sinu
1115 2542 1229 2604 ovaret,

77 2633 155 2674 veros
175 2625 207 2673 et
226 2610 372 2690 simplices
391 2608 450 2669 Dei
470 2609 599 2669 cultores
619 2608 901 2675 excommunicabat:
930 2609 981 2668 sed
1001 2606 1171 2680 admonuit,
1195 2605 1228 2665 in

76 2688 200 2752 Ecclesia
220 2709 273 2749 sua
291 2686 454 2747 tenendum
475 2706 537 2746 esse
557 2685 704 2758 ordinem,
724 2685 773 2764 qui
788 2684 900 2765 pridem
911 2684 1058 2774 subLege
1070 2693 1169 2742 sancte
1180 2682 1228 2740 ln-

75 2765 184 2826 stitutus
205 2765 312 2824 suerat.
358 2764 450 2839 Quod
470 2763 506 2822 de
527 2759 644 2822 utrem
663 2773 693 2822 et
710 2760 872 2837 publicanis
891 2781 959 2822 mox
977 2759 1147 2833 subricitur',
1178 2759 1227 2818 in-

76 2843 314 2922 terpretationem
333 2862 350 2899 a
369 2861 417 2899 me
443 2839 558 2900 allatam
583 2838 746 2899 confirmat.
784 2841 859 2900 Nam
884 2837 952 2929 quia
969 2838 1001 2897 in
1021 2855 1135 2896 summo
1156 2835 1228 2896 odio

78 2931 106 2977 et
123 2918 316 2980 detestatione
342 2928 413 2976 tunc
438 2917 516 2996 apud
536 2916 660 2976 ludaeos
687 2927 772 2975 erant
796 2914 905 2976 ethnici
926 2925 956 2975 et
975 2911 1139 2994 publicani,
1169 2910 1228 2971 illis

77 3007 223 3076 comparat
241 2995 376 3054 homines
387 2993 426 3052 im
450 3013 518 3054 uros
530 3005 560 3053 et
570 2991 756 3066 insanabiles,
777 2993 827 3072 qui
838 2991 925 3051 nullis
944 2989 1157 3052 monitionibus
1169 2988 1227 3048 ob-

77 3082 247 3153 temperant.
287 3070 378 3132 Certe
398 3015 533 3145 ethnicis,
553 3091 587 3130 ex
603 3069 709 3159 quibus
722 3069 829 3130 deinde
841 3068 1004 3148 composita
1018 3065 1228 3139 luitEcclesia,

77 3160 262 3230 pracceptum
283 3148 352 3207 dare
372 3146 483 3221 noluit,
514 3157 548 3206 ut
565 3167 597 3206 se
616 3164 695 3224 rpsos
715 3145 865 3226 lugerent:
894 3166 951 3206 nec
971 3144 1060 3204 hodie
1079 3143 1156 3204 ratio
1173 3153 1228 3218 cst,

77 3245 124 3284 cur
142 3247 158 3284 a
177 3222 343 3306 publicanis
363 3222 543 3282 abhorreant
561 3221 671 3287 fideles.
710 3221 770 3282 Sed
783 3220 926 3296 Christus,
945 3240 1004 3300 quo
1024 3218 1139 3281 facilius
1157 3239 1228 3300 pos-

77 3313 118 3358 set
135 3323 150 3362 a
169 3299 292 3362 madibus
311 3299 447 3382 intelligi,
467 3299 609 3435 loguendi
629 3297 754 3358 sormam
774 3297 950 3378 apraesenti
965 3297 1062 3380 gentis
1072 3315 1141 3356 suae
1153 3317 1227 3359 con-

76 3380 223 3439 suetudine
243 3388 390 3436 mutuatus
410 3388 462 3436 est.
526 3397 611 3435 ensus
631 3386 729 3434 autern
748 3387 804 3435 est:
825 3375 897 3435 nihil
914 3395 979 3434 cum
990 3372 1141 3436 Ecclesiae
1153 3389 1228 3432 con-

77 3455 265 3535 temptoribus
286 3453 395 3523 dehere
416 3450 503 3512 nohis
524 3471 643 3512 essene
665 3452 731 3526 otii,
750 3453 846 3512 donec
866 3451 1050 3531 resipuerint

146 3537 192 3598 18.
444 3528 609 3604 ligaveritis.
682 3529 766 3588 adem
789 3523 868 3588 nnuc
886 3525 979 3588 verba
998 3521 1122 3616 repetit,
1161 3521 1228 3600 qui-

77 3603 127 3666 hus
145 3630 212 3669 usus
247 3606 528 3686 ueratcapite16.‚
551 3606 603 3666 sed
627 3604 741 3667 diverso
767 3623 862 3663 sensu.
900 3605 975 3665 Nam
994 3603 1055 3662 lllrc
1074 3599 1227 3660 doctrinae

79 3686 280 3745 auctoritatem
299 3702 429 3744 asserere
448 3680 581 3742 volebat:
607 3681 654 3741 hic
673 3701 745 3742 vero
766 3680 948 3760 disciplinam
967 3675 1133 3746 constituit,
1152 3693 1228 3752 quae

77 3777 111 3838 ap
132 3761 217 3821 endix
237 3772 282 3820 est
302 3757 464 3820 doctrinae.
484 3757 550 3819 illic
562 3755 679 3818 dicebat
691 3755 835 3830 Christus,
855 3751 1227 3816 nonirritamforeEvan-

79 3781 147 3914 geht
163 3836 426 3917 praedicationem,
447 3834 518 3913 quin
539 3834 615 3894 odor
635 3845 711 3894 essct
729 3833 860 3896 vivificus
879 3831 926 3892 vel
946 3829 1054 3890 letalis:
1079 3827 1127 3886 hic
1145 3824 1227 3885 alhr-

78 3925 149 3988 rnat,
168 3913 297 3993 quamvis
317 3911 400 3991 impii
411 3909 563 3972 Ecclesiae
581 3910 721 3972 iudicium
741 3911 903 3984 derideant,
922 3925 985 3966 non
1005 3917 1102 3965 tamen
1121 3921 1229 3962 vanum

78 3987 147 4050 lore.
186 3991 269 4052 Haec
289 3988 439 4050 distinctio
464 3988 592 4048 tenenda
617 3998 677 4062 est,
709 3987 789 4067 quod
809 3985 868 4045 illic
887 3981 1059 4061 simpliciter
1078 3979 1114 4039 dc
1133 3977 1227 4038 verbo

98 4067 263 4142 medicato,
298 4065 346 4126 hic
370 4076 468 4126 autem
493 4063 530 4124 de
555 4062 679 4145 puhlicis
698 4062 827 4124 censuris
847 4070 877 4120 et
896 4057 1047 4194 disciplina
1068 4055 1239 4118 disseritur„

77 4083 232 4204 Caeterum
252 4143 398 4204 rationem
416 4141 608 4221 metaphorae
632 4139 745 4216 iignffl
770 4151 801 4200 et
817 4134 945 4198 ecberdi
984 4133 1042 4194 linc
1062 4145 1165 4213 petant
1184 4132 1227 4192 le-

78 4230 180 4280 ctores.
198 4220 319 4280 Summa
332 4219 405 4280 haec
423 4229 480 4293 est,
499 4217 563 4298 quis
585 4217 628 4276 uis
648 4216 772 4278 admisso
792 4213 901 4274 delicto
921 4210 1093 4292 suppliciter
1111 4209 1228 4290 culpam

77 4296 208 4374 agnoscit
225 4297 304 4356 etde
342 4307 453 4369 ceatur,
472 4307 506 4355 ut
523 4235 711 4354 aqucclesia
730 4291 845 4356 veniam
864 4289 1012 4368 impetret,
1029 4308 1096 4378 enm
1115 4282 1229 4374 absolvi

77 4389 137 4432 uon
155 4317 325 4446 tantuunab
345 4369 523 4452 hominibus,
541 4369 700 4434 sedaDco
711 4362 791 4452 ipah:
810 4385 924 4430 sumum
937 4366 1066 4448 quisquis
1077 4362 1228 4426 Ecclesiae

661 1332 693 1370 os
707 1311 736 1370 in
750 1311 851 1372 ol'bcio
863 1323 1018 1391 protervos
1032 1322 1062 1370 et
1074 1309 1227 1370 indociles.
1313 1325 1317 1330 ·
