2790 4838
178 263 237 324 aas
501 223 653 318 snc‘rro
673 253 743 314 vn
782 237 973 314 nurture

185 409 264 488 quod
289 406 382 486 prima
410 405 507 486 speeie
526 415 614 500 turpe
632 427 667 468 ac
687 403 856 488 pudendum
876 415 949 466 erat.
989 403 1139 494 Quorsum
1160 401 1241 462 enim
1262 401 1331 462 illis

206 484 322 563 roprius
346 480 504 564 magister,
532 485 591 544 nisr
614 495 697 546 utse
717 483 841 564 evulgo
862 481 899 543 ad
919 493 1096 544 sanctiorem
1114 479 1204 542 uitam
1225 499 1333 560 agen-

185 505 253 620 ¹dam
279 558 494 622 subducerent?
516 561 624 640 ¹Atqui
648 581 699 622 eos
723 560 760 621 ab
781 561 907 620 honesto
928 569 959 618 et
977 555 1127 617 tolerabili
1145 554 1223 616 vitae
1244 567 1336 615 statu

189 639 225 698 ad
251 635 406 716 molanum
424 635 572 698 licentiam
590 637 732 714 traduxit,
762 649 796 696 ut
814 657 877 696 sese
898 657 964 694 cnm
982 633 1103 723 impuris
1123 632 1256 692 convivis
1279 633 1336 690 in-

191 716 322 796 quinent
366 711 489 772 Poterat
514 715 601 774 rudes
626 714 719 775 adhuc
747 725 777 772 et
801 712 943 772 flexibiles
963 709 1120 790 discrpulos
1139 708 1194 768 ista
1216 729 1336 788 expro-

189 791 287 852 bratio
307 808 456 879 pungere,
475 800 508 848 ut
526 791 695 872 magistrum
715 791 894 852 desererent.
933 789 1025 850 Recte
1045 799 1142 846 autem
1161 783 1222 860 illi,
1243 785 1336 865 quod

92 875 95 886 ’
190 889 253 930 non
277 875 345 926 satrs
370 865 476 926 muniti
496 865 632 927 adversus
649 866 740 930 talem
759 865 932 926 calumniam
952 863 1167 943 querimoniam
1186 883 1270 923 suam
1292 859 1335 920 ad

188 943 359 1077 magiiistrum
384 941 533 1002 deferunt:
564 963 639 1033 nam,
658 942 791 1004 Christus
816 963 847 1002 se
873 961 1030 1023 opponens
1051 960 1102 1000 eos
1122 939 1154 998 in
1173 949 1335 1020 posterum

210 1041 250 1080 ou
273 1030 355 1078 rmat.
1039 1059 1044 1067 ,

192 1043 208 1096 l
267 1101 313 1160 12.
342 1093 415 1154 Nou
432 1115 505 1171 opus
521 1091 624 1156 tutem
639 1109 692 1158 ete.
722 1096 858 1176 Apparet
876 1115 910 1156 er
924 1091 1034 1154 Christi
1053 1111 1209 1171 responso,
1229 1089 1337 1170 dupli-

192 1172 266 1236 citer
290 1189 426 1260 peccasse
450 1172 576 1245 scribas,
607 1173 687 1252 quod
713 1193 768 1232 nec
792 1181 966 1252 reputarent
985 1167 1116 1233 officium
1137 1166 1264 1240 Christi,
1301 1179 1336 1226 et

154 1283 158 1290 ·
193 1249 250 1310 suis
274 1248 351 1308 vrtiis
375 1248 524 1326 parcendo
549 1248 623 1310 alios
643 1269 747 1310 omnes
765 1248 892 1328 superbe
912 1246 1105 1326 despicerent
1145 1243 1237 1318 Quod
1257 1243 1337 1303 ideo

175 1323 355 1384 «notandum
379 1333 438 1398 est,
469 1323 550 1405 quod
574 1325 639 1406 plus
663 1347 750 1406 quam
775 1325 902 1406 vrrlgaris
920 1341 1037 1402 semper
1056 1321 1112 1381 luit
1130 1320 1178 1384 hic
1197 1318 1338 1378 morbus.

191 1403 269 1462 Nam
298 1399 485 1480 hypocritae,
523 1411 557 1460 ut
585 1403 676 1462 saturi
703 1413 771 1461 sunt
804 1414 835 1461 et
859 1401 935 1462 ebrii
959 1409 1083 1459 ventosa
1105 1417 1174 1458 suae
1199 1396 1336 1458 iustitiae
1386 1439 1387 1448 ,

135 1499 140 1514 ·
194 1476 310 1550 fidncia,
331 1477 367 1536 ad
387 1475 458 1555 quid
477 1478 578 1537 missus
599 1478 689 1539 suerit
709 1477 843 1540 Christum
862 1477 895 1536 iu
912 1487 1025 1536 terram
1040 1495 1102 1535 non
1121 1484 1278 1554 reputant:
1300 1471 1336 1530 in

195 1563 306 1634 quanto
331 1549 477 1612 malorum
496 1552 665 1634 labyrintho
685 1557 848 1616 demersum
868 1554 906 1614 sit
923 1554 1082 1612 humanum
1102 1571 1213 1632 genus,
1242 1569 1337 1627 quam

194 1627 344 1690 horribilis
369 1630 428 1689 Dei
451 1630 495 1690 ira
522 1641 554 1690 et
576 1631 745 1696 maledictio
771 1629 882 1692 cunetis
902 1628 1068 1703 incumbat,
1099 1647 1186 1706 quam
1206 1624 1337 1686 eoulusa

194 1705 334 1766 vitiorum
352 1706 432 1766 mole
452 1717 622 1787 premantur
642 1714 897 1789 non'agnoscunt.
926 1708 972 1765 Ita
992 1705 1026 1764 fit
1043 1715 1077 1762 ut
1095 1701 1205 1792 stupidi
1225 1703 1263 1760 ad
1277 1701 1336 1759 ho-

196 1781 307 1840 minum
328 1781 457 1842 miserias
477 1783 514 1842 de
533 1783 665 1844 remedio
686 1805 749 1842 nou
769 1783 910 1865 cogitent
955 1783 1018 1841 Iam
1037 1799 1109 1840 vero
1130 1777 1187 1839 srbi
1207 1776 1335 1858 placen-

195 1869 240 1916 tes
260 1857 291 1916 in
312 1858 447 1918 ordinem
467 1859 536 1940 cogi
556 1879 618 1919 non
637 1860 793 1933 sustinent,
812 1881 846 1918 ac
865 1858 1019 1938 indignum
1039 1867 1153 1945 putant,
1171 1875 1205 1914 se
1224 1874 1335 1933 peeca-

195 1933 310 1994 toribus
335 1931 505 2016 aggregari.
543 1937 632 1996 Hunc
655 1936 813 1996 secundum
841 1955 973 2013 errorem
992 1932 1165 2013 perstringat
1186 1930 1337 2003 Christus,

175 2010 249 2070 ,ubi
274 2011 450 2100 respondet,
479 2031 565 2071 sanos
590 2033 651 2071 non
673 2031 691 2071 o
714 2035 747 2072 us
765 2009 876 2071 habere
893 2010 1025 2072 medico:
1056 2020 1101 2069 est
1120 2007 1199 2066 eninr
1216 2006 1336 2066 ironica

198 2089 362 2160 concessio,
380 2086 411 2145 in
432 2107 489 2165 qua
507 2086 576 2148 ideo
597 2087 679 2148 elien
703 2088 711 2102 '
731 2107 783 2148 eos
803 2087 892 2148 docet
911 2098 1099 2167 peccatorum
1117 2083 1243 2156 intuitu,
1264 2081 1337 2172 quia

196 2161 333 2222 iustitiam
352 2162 409 2222 sibi
427 2175 577 2245 arrogant.
612 2163 692 2245 Quia
711 2164 774 2224 sani
794 2163 880 2237 estis,
899 2163 1010 2242 inquit,
1029 2161 1113 2222 vobis
1134 2157 1333 2238 despicabiles

134 2242 136 2248 '
197 2250 268 2298 sunt
291 2238 423 2319 aegroti,
454 2250 487 2298 ut
511 2261 614 2305 corum
637 2261 691 2301 vos
715 2241 832 2323 pigeat,
861 2261 895 2300 ac
915 2249 1089 2318 conspectus
1107 2237 1170 2316 ipse
1190 2234 1337 2296 molestus

198 2308 247 2374 sits
278 2315 359 2394 atqui
383 2315 528 2376 medicum
552 2315 644 2408 longe
669 2317 754 2377 aliter
778 2315 856 2376 allici
880 2327 1011 2396 oportet.
1059 2311 1167 2373 Postea
1191 2312 1337 2385 ostendit,

199 2389 351 2451 obeundas
376 2391 432 2450 sibi
456 2411 517 2452 esse
536 2394 644 2454 medici
663 2406 777 2484 partes,
829 2393 948 2452 uoniam
966 2391 1106 2453 vocandis
1125 2387 1337 2469 peccatoribus

197 2467 300 2528 missus
325 2468 414 2526 luerit
437 2488 453 2526 a
474 2468 571 2528 Patre.
609 2471 672 2531 Etsr
692 2481 792 2530 autem
808 2413 942 2531 {hristus
963 2470 1000 2528 ab
1021 2467 1229 2548 obiurgatione
1241 2465 1335 2524 ince-

199 2542 261 2678 pit,
292 2555 391 2603 tamen
416 2545 441 2603 si
466 2545 613 2624 prolicere
633 2547 764 2626 cupimus
784 2546 815 2605 in
836 2547 897 2606 eius
917 2545 1071 2619 doctrina,
1100 2544 1181 2622 quod
1199 2541 1336 2602 secunde

213 2641 270 2680 oco
290 2621 400 2700 posuit,
419 2620 560 2700 imprimis
579 2625 742 2685 tenendum
760 2635 815 2697 est,
834 2621 927 2702 ipsum
948 2621 1059 2684 scilibet
1078 2619 1189 2680 venisse
1205 2629 1336 2690 utmor-

198 2697 266 2756 tuo's
286 2697 428 2772 vivificet,
445 2709 480 2756 ut
497 2697 635 2760 iustificet
653 2719 720 2759 reos
740 2720 774 2760 ac
794 2699 964 2771 damnatos,
982 2707 1017 2757 ut
1034 2697 1165 2778 pollutos
1186 2706 1216 2756 et
1235 2691 1336 2756 sordi-

200 2770 254 2832 bus
273 2772 400 2832 inlectos
420 2773 530 2847 abluat,
548 2787 582 2833 ut
601 2775 733 2864 perditos
753 2787 837 2836 eruat
854 2776 891 2834 ab
911 2775 1026 2850 inferis,
1043 2785 1077 2834 ut
1094 2793 1146 2834 sua
1164 2769 1261 2853 gloria
1280 2790 1337 2829 ve-

199 2849 268 2908 stiat
288 2849 338 2928 qui
358 2847 500 2908 foeditate
520 2861 618 2928 operta
638 2863 732 2926 erant,
751 2862 784 2910 ut
803 2856 854 2911 e'os
874 2851 924 2930 qui
944 2850 1077 2930 corrupti
1096 2846 1336 2910 erantvitiorum

199 2923 318 2983 foetore
338 2924 374 2983 ad
393 2923 509 2982 beatam
528 2925 776 2987 immortalitatem
795 2939 929 2988 renovet.
969 2928 1002 2988 si
1020 2927 1078 2987 hoc
1099 2927 1159 2987 eius
1180 2943 1243 2985 esse
1262 2922 1335 2982 orfi-

201 2997 278 3058 einm
298 2999 496 3078 expendimus,
515 3012 603 3081 atque
623 3002 701 3063 hune
720 3003 861 3064 adventus
880 3003 985 3078 finem,
1003 3005 1027 3064 si
1047 3003 1133 3062 nobis
1152 3001 1182 3060 in
1202 3011 1336 3060 mentem

199 3074 283 3135 venit
301 3074 354 3134 hac
375 3077 411 3134 dc
432 3095 516 3135 cama
535 3075 662 3138 induisse
682 3099 800 3139 carnem
819 3093 966 3154 nostram,
989 3102 1039 3142 san
1063 3080 1162 3139 uinem
1181 3098 1265 3138 suum
1286 3075 1336 3134 lu-

202 3149 294 3227 disse,
324 3149 427 3210 mortis
447 3151 589 3213 sacrificio
610 3175 672 3216 esse
692 3156 878 3230 defunctum,
907 3177 1001 3235 usque
1022 3100 1062 3216 ad
1077 3155 1189 3216 inferos
1208 3155 1336 3214 descen-

202 3225 293 3302 disse,
317 3247 466 3306 nuuquam
486 3228 643 3290 absurdum
660 3231 823 3308 videbitur,
847 3235 928 3313 quod
947 3245 1112 3312 postremos
1131 3229 1283 3292 hominum
1302 3240 1337 3288 et

200 3302 344 3362 scelerum
364 3303 490 3366 colluvie
510 3318 631 3386 opertos
650 3308 681 3366 in
700 3309 821 3373 salutem
833 3309 962 3391 colligat.
991 3309 1061 3368 Tibi
1073 3308 1211 3390 indignus
1222 3305 1338 3366 Christi

101 3392 107 3408 '
202 3381 296 3517 gratia
321 3380 449 3454 videtur,
485 3403 573 3460 quem
598 3383 791 3446 abominaris:
825 3407 877 3446 eur
903 3407 975 3476 ergo
1000 3383 1147 3466 piaculum
1171 3383 1264 3444 lactus
1290 3394 1337 3442 est

220 3455 337 3516 ‘hristus
356 3457 420 3536 ipse
439 3469 471 3518 et
488 3459 667 3538 maledictio,
686 3463 742 3522 nisi
761 3475 794 3521 ut
811 3462 972 3522 maledictis
992 3462 1196 3541 peecatoribus
1214 3481 1335 3520 manum

138 3597 148 3617 χ
203 3533 393 3616 porrigeret?
431 3536 494 3594 lam
513 3537 538 3597 si
557 3537 643 3596 nobis
664 3539 784 3619 obrepit
801 3538 964 3614 fastidium,
991 3539 1070 3617 quod
1089 3551 1148 3597 tam
1169 3537 1336 3627 Baptismus

126 3647 129 3659 ·
203 3629 289 3688 quam
317 3628 398 3670 sacra
419 3611 524 3672 Coena
543 3613 668 3697 sordidis
689 3613 855 3675 bominibus
875 3635 930 3675 nos
950 3614 1120 3696 coniungit,
1148 3626 1183 3674 ut
1201 3613 1336 3674 vrdeatur

203 3706 307 3747 eorum
326 3688 449 3748 societas
469 3689 565 3769 aliqua
585 3712 640 3751 nos
659 3690 771 3752 macula
787 3711 960 3772 aspergere,
985 3692 1164 3751 descendere
1185 3690 1281 3752 statim
1301 3691 1336 3750 in

203 3783 258 3822 nos
278 3764 287 3822 i
309 3785 357 3824 sos
377 3777 512 3845 oportet,
538 3777 569 3825 et
608 3768 708 3847 ropria
729 3767 803 3827 mala
823 3767 885 3828 sine
906 3767 1053 3828 blanditiis
1074 3779 1219 3827 excutere.
1257 3765 1335 3826 Esti-

136 3849 138 3854 '
203 3839 263 3898 ciet
286 3785 343 3900 lios
371 3862 505 3916 eramen,
535 3853 568 3901 nt
588 3788 721 3903 libenter
743 3843 870 3903 sinamus
889 3845 994 3905 eodem
1014 3865 1069 3904 nos
1089 3844 1173 3902 sonte
1193 3863 1259 3904 eum
1278 3842 1335 3902 inr-

204 3917 362 3996 purissimis
389 3917 493 3993 lavari,
529 3929 562 3977 ut
586 3941 648 3978 nou
672 3919 875 3999 repudiemus,
908 3942 995 3999 qnam
1019 3921 1216 3980 communiter
1240 3919 1336 3998 impiis

204 3991 340 4052 omnibus
359 3993 508 4069 iustitiam,
528 4013 613 4072 quam
633 3997 756 4056 mortuis
775 3996 864 4058 vitam
883 4008 913 4056 et
932 3997 1053 4076 perditis
1072 3995 1195 4056 salutem
1215 3995 1316 4056 nlsert.

279 4076 326 4134 13.
364 4069 425 4152 Ire,
457 4070 606 4131 et'discira.
644 4073 774 4153 Ablegat
793 4093 844 4133 eos
864 4085 894 4131 et
913 4073 1056 4134 lacessere
1076 4072 1175 4146 iubet,
1201 4073 1269 4152 quia
1288 4072 1335 4132 in-

175 4141 315 4204 .dociles
341 4166 402 4206 esse
427 4147 546 4208 videbat
570 4159 600 4206 ct
645 4150 814 4210 raelractos.
857 4150 918 4208 vet
940 4161 1019 4210 certe
1044 4149 1158 4222 innuit,
1186 4161 1334 4211 certamen

202 4219 259 4278 illis
285 4241 345 4280 esse
370 4244 435 4281 cnm
459 4223 529 4282 Deo
556 4236 586 4282 et
636 4225 778 4304 ropheta,
818 4226 867 4304 qui
891 4225 1027 4305 superbia
1054 4224 1189 4286 crudeles
1213 4225 1335 4317 indigue

203 4293 300 4356 lerant
318 4297 410 4356 iuvari
429 4300 561 4374 miseros,
581 4313 611 4360 et
630 4301 758 4382 aegrotis
778 4301 878 4362 allerri
897 4301 1080 4362 medicinam.
1119 4303 1334 4364 Testimonium

202 4369 260 4432 boe
280 4393 314 4436 er
334 4374 433 4434 llosea
452 4383 486 4450 6,
509 4383 553 4450 6..
583 4389 729 4457 sumptum
750 4391 810 4454 est,
834 4378 885 4440 ubi
904 4379 1054 4461 Propheta
1073 4380 1110 4440 de
1129 4379 1257 4448 vindicta
1276 4377 1335 4440 bet
