2766 4834
184 239 233 352 ιδ’
361 281 515 344 sacrm
535 281 594 342 111.
631 280 708 342 nso
727 283 881 344 saratas
901 293 943 339 rr
964 277 1137 340 rimam.

189 419 241 515 bat
269 413 350 496 reite
365 414 440 496 ''nou
464 433 581 517 ¹vulgari
610 434 715 496 astutia
740 433 891 496 Ilerodes:
931 443 996 493 erat
1018 432 1056 506 iu,
1077 421 1123 492 eo¹
1140 447 1204 490 rara
1230 426 1348 486 animi

188 503 371 596 magnitudoi
392 562 393 570 ,
412 510 482 588 Quo
509 511 601 593 magis
626 511 731 575 mirum
756 524 814 586 est,
844 509 972 571 nuncin
993 521 1122 570 extremo
1143 503 1348 578 discrimine,

191 609 282 673 quum
300 599 398 650 tamen
417 587 447 648 in
467 593 556 647 rnanu
574 587 612 648 sit
630 589 807 662 remedium,
826 588 922 648 iacere
942 585 1099 649 attonitum
1121 595 1151 644 ct
1170 583 1233 644 sere
1255 602 1345 640 exa-

85 675 89 694 '
189 668 321 734 nimem.¹
355 663 616 755 Quares‘ciamps,
648 686 710 724 non
738 664 793 724 nisi
818 663 957 724 miraculo
986 662 1116 741 elapsum
1140 673 1211 720 tunc
1232 658 1348 718 luisse

191 729 375 805 Etiamne
396 761 430 802 ex
448 739 580 804 saucibus
601 741 705 803 leonis.
748 741 811 802 Nec
830 739 925 800 minus
946 739 1035 801 hodie
1056 740 1204 800 dementat
1224 737 1349 796 hostes

91 814 98 856 t
189 823 257 880 duos
282 817 445 897 Dominus,
475 840 514 878 ne
538 818 618 879 mille
644 817 772 878 nocendi
797 830 873 878 artes
898 816 1068 898 excogitent
1087 816 1122 876 ad
1142 813 1345 894 perdendam

189 891 367 972 Ecclesiam,
386 893 445 954 imo
467 893 504 959 ire
525 915 611 975 saepe
633 893 818 969 occasiones,
840 893 965 974 quaein
986 903 1127 974 promptu
1146 903 1228 964 sunt,
1249 891 1344 949 arri-

191 971 284 1054 piant.
323 969 469 1030 Astutiam
488 991 569 1048 vcro,
590 992 647 1051 qua
666 992 769 1054 magos
789 968 961 1051 deceperat,
979 991 1010 1031 se
1032 991 1090 1048 quo
1112 989 1149 1028 ue
1168 977 1345 1028 venturum

189 1043 331 1110 simulans·
346 1047 488 1128 adorandi
508 1067 602 1122 causa,
621 1047 767 1108 Dominus
787 1047 845 1108 alio
865 1047 967 1121 modo,
986 1059 1018 1106 ut
1037 1046 1102 1108 vide
1127 1045 1209 1119 imus,
1229 1043 1345 1105 elusit.

192 1115 349 1196 Caeterum
367 1124 403 1204 ul,
416 1120 556 1194 ,Herodes
576 1123 632 1187 sibi
652 1121 679 1183 a'
709 1124 791 1204 opuli
809 1123 936 1184 tumultu
954 1135 1087 1184 metuens
1106 1133 1205 1182 mente
1226 1121 1344 1202 priva-

191 1211 257 1276 tur,
272 1199 317 1260 ita
336 1221 449 1262 rursum
469 1212 567 1262 tantus
587 1223 654 1262 eum
688 1223 759 1262 uror
778 1203 936 1282 agitat,·ut
955 1201 1052 1261 Deum
1073 1200 1154 1260 inse
1174 1199 1344 1267 concitare

190 1272 515 1357 nonldubitet„ueque
530 1278 664 1356 ,horreat
696 1277 817 1338 Sciebat
837 1277 926 1352 enim,
943 1277 969 1338 si
1011 1277 1053 1338 uis
1065 1273 1344 1350 llexnatusloret,

190 1351 329 1490 Sillim
359 1353 630 1430 mordinatum,
670 1367 702 1414 ut
726 1353 886 1436 collapsum
910 1299 1030 1416 Davidis
1055 1353 1161 1414 solium
1188 1351 1343 1432 erigeret.

221 1437 262 1490 on
281 1449 354 1512 ergo
375 1429 509 1492 homines
530 1430 709 1513 aggreditur,
729 1433 781 1492 sed
799 1432 916 1498 rabioso
937 1453 1002 1492 cum
1013 1431 1081 1510 Deo
1102 1428 1213 1490 bellare
1229 1430 1342 1489 audet.

190 1503 357 1586 Utrumque
377 1504 468 1590 igitar
487 1509 650 1570 notandum
671 1520 727 1584 est,¹
745 1508 859 1588 Spiritu
877 1509 1029 1590 vertiginis
1046 1517 1214 1594 correptum
1227 1504 1343 1580 luisse,

191 1593 226 1642 ut
242 1583 340 1650 Deum
359 1581 534 1664 impeteret,
559 1585 712 1664 pueriliter
731 1595 829 1646 tamen
850 1585 959 1666 egisse,
987 1583 1053 1665 quia
1068 1583 1244 1664 dissipatum
1266 1596 1342 1643 erat

101 1727 105 1742 .
193 1657 255 1740 eius
275 1657 440 1742 consilium,
460 1671 493 1719 ut
512 1659 603 1740 instar
622 1662 705 1722 coeci
724 1659 754 1720 in
774 1661 906 1722 tenebris
926 1657 1068 1742 palparet'.

266 1741 295 1804 9-
333 1735 452 1799 Asdtro'
471 1758 539 1814 rege
557 1739 690 1818 maseati
713 1752 788 1800 tunt.
826 1739 935 1819 Turpis
955 1759 1027 1798 sane
1045 1734 1340 1819 Irrdaeorumligna-

191 1811 252 1888 via,
276 1812 365 1890 ,quod
390 1833 535 1874 nemeae
561 1813 733 1896 alienigenis
758 1814 896 1874 comitem
923 1813 1070 1896 adiungit,
1101 1826 1133 1872 ut
1153 1813 1341 1893 promissum

191 1888 275 2030 genti
300 1907 369 1966 suae
389 1888 503 1970 Regem
522 1891 666 1972 inspiciat
705 1891 947 1955 Pracmonstrant
966 1890 1021 1952 illis
1041 1889 1154 1952 scribac
1175 1889 1267 1963 viam,
1303 1903 1341 1950 et

204 1986 291 2026 ocum
311 1963 480 2046 designant,
512 1967 563 2026 ubi
583 1981 668 2028 natus
689 1980 746 2027 est:
779 1970 880 2028 sinunt
899 1980 996 2028 tamen
1016 1967 1096 2028 solos
1117 1965 1213 2040 abire,
1237 1987 1337 2026 nemo

190 2041 299 2146 pedem
320 2053 427 2102 movet
466 2041 627 2104 Timebant
647 2044 724 2104 sorte
744 2044 874 2106 Herodis
893 2045 1056 2117 saevitiam,
1085 2045 1136 2103 sed
1158 2043 1230 2102 haec
1251 2064 1339 2121 quo-

192 2139 251 2199 que
272 2115 328 2176 suit
347 2117 468 2178 scelesta
488 2119 517 2177 in
543 2121 686 2194 ratitudo,
706 2119 804 2182 salutis
824 2121 880 2182 sibi
902 2120 1018 2181 oblatae
1038 2141 1124 2180 causa
1143 2118 1224 2179 nolle
1267 2120 1338 2180 uic-

194 2215 282 2286 quam
303 2193 476 2254 discriminis
495 2139 605 2271 crisin,
626 2195 725 2256 ctDei
744 2198 867 2277 gratiam
888 2211 1069 2280 postponere
1089 2195 1246 2278 tyrannio
1277 2217 1338 2256 en-

191 2271 276 2348 sroni.
311 2269 428 2348 ,Totum
451 2288 531 2332 vero
547 2272 690 2352 populum
717 2273 806 2356 paulo
833 2288 900 2334 ante
928 2273 1043 2336 ostendi
1063 2273 1148 2334 nimis
1167 2271 1255 2332 fuisse
1277 2273 1339 2334 de-

193 2357 353 2431 generem,
378 2347 428 2427 qui
447 2347 518 2430 iugo
538 2349 700 2430 tyrannidis
721 2351 814 2432 premi
833 2351 984 2424 maluerit,
1004 2371 1091 2431 quam
1111 2371 1145 2410 ex
1164 2348 1337 2410 mutatione

193 2425 303 2504 aliquid
329 2425 438 2484 sentire
462 2423 652 2486 incommodi.
695 2428 741 2488 Ac
761 2427 816 2488 nisi
836 2449 880 2488 ma
905 2450 989 2488 orum
1009 2419 1121 2506 animm
1142 2425 1163 2485 S
1186 2425 1256 2485 iritu
1275 2448 1338 2488 suo

150 2510 154 2518 ‘
192 2503 274 2562 Deus
301 2501 517 2577 confirmasset,
546 2515 687 2583 poteraut
711 2503 747 2563 ad
773 2447 939 2566 scandalium
967 2505 1044 2564 istud
1064 2504 1149 2564 conci
1171 2523 1236 2562 cres
1267 2523 1336 2564 nan

132 2635 145 2648 .,
193 2591 294 2641 tamen
319 2577 502 2638 imminuitur
525 2579 613 2640 studii
633 2579 741 2655 ardor,
766 2583 947 2662 sedataque
967 2581 1075 2642 comite
1096 2580 1338 2661 proficiscuntur.

139 2661 143 2674 ’
193 2655 258 2718 Nec
278 2675 349 2715 vero
369 2653 425 2716 illis
446 2655 528 2716 deest
546 2655 765 2719 confirmandae
785 2658 854 2718 fidei
873 2659 1008 2750 mateqia,
1038 2658 1105 2718 dum
1127 2656 1248 2718 audiunt
1291 2656 1337 2716 ri-

193 2733 260 2793 dem
280 2729 384 2792 divinis
404 2731 730 2794 oraculis‘celebratum
750 2755 811 2795 csse
832 2735 961 2818 Regem,
992 2735 1043 2814 qui
1062 2728 1121 2807 illis,
1160 2753 1192 2794 cr
1211 2678 1330 2794 stellam

164 2851 174 2868 .
194 2821 327 2869 ostensus
347 2807 452 2866 fuerat.
498 2807 590 2883 Quod
609 2809 684 2869 viam
705 2809 852 2894 ingressos
872 2813 1067 2902 stellamque
1087 2811 1117 2870 in
1138 2753 1156 2869 l

194 2886 256 2969 git,
289 2882 376 2949 facile
396 2880 537 2966 colligere
557 2885 642 2960 licet,
665 2907 728 2949 uon
747 2887 805 2950 alia
824 2890 860 2948 de
880 2908 965 2948 causa
985 2909 1065 2968 prius
1085 2886 1250 2961 evanuisse,
1297 2888 1337 2948 isi

189 2973 232 3020 tut
252 2959 476 3042 llierosolylmae
497 2962 532 3022 de
553 2983 631 3023 noro
650 2960 732 3048 Rege
752 2965 983 3025 sciscitarentur:
1003 2964 1092 3044 idque
1113 2965 1149 3024 ad
1168 2908 1336 3040 tollendim

198 3037 414 3126 excusationem
440 3038 573 3115 ludaeis,
604 3041 669 3119 qui,
698 3051 856 3121 postquam
883 3041 981 3102 edocti
1006 3043 1126 3100 suerunt
1145 3041 1181 3100 de
1202 3039 1335 3102 Redem-

131 3128 132 3137 ’
197 3125 285 3196 ptore
305 3113 360 3174 sibi
379 3114 478 3190 misso,
498 3137 564 3176 eum
584 3127 682 3178 tamen
703 3119 827 3178 scientes
848 3133 881 3178 ac
902 3117 1034 3178 volentes
1054 3127 1258 3178 contemnunt
1362 3169 1364 3179 .

271 3197 319 3258 11.
357 3189 532 3267 Invenerunt
549 3195 714 3270 mercium
752 3195 870 3265 Novum
894 3192 1061 3254 scandalum
1080 3191 1212 3254 obiicere
1233 3193 1335 3273 potuit

194 3267 287 3350 magis
306 3279 366 3328 mm
386 3269 519 3332 deforme
538 3271 751 3363 spectaculum,
778 3292 868 3352 quum
888 3272 961 3332 adeo
982 3271 1054 3332 nihil
1074 3270 1187 3353 regium
1208 3282 1337 3332 exstaret

105 3381 110 3404 ι
198 3343 229 3402 ἰιι
252 3345 404 3421 Christo,'
420 3357 453 3406 ut
472 3347 575 3428 quovis
595 3345 713 3430 plebeio
734 3347 846 3408 infante
866 3339 952 3409 vilio'r
972 3359 1049 3409 esset
1068 3367 1101 3408 ac
1122 3347 1334 3427 contemptior.

199 3421 260 3482 Sed
286 3422 353 3501 quia
378 3426 507 3503 persuasi
533 3440 617 3501 sunt,
646 3421 783 3486 divinitus
804 3424 994 3484 constitutum
1014 3443 1078 3484 esse
1097 3423 1227 3505 Regem,
1259 3424 1334 3484 haec

199 3499 262 3560 sola
289 3518 381 3559 conce
403 3499 446 3560 tio
473 3523 575 3562 corum
599 3501 702 3562 animis
721 3501 807 3562 infixa
828 3501 948 3563 Christo
969 3502 1047 3582 apud
1066 3501 1333 3563 eos-reverentiam

192 3559 352 3637 'conciliata
393 3577 546 3660 ignitatem
566 3579 644 3639 euim
664 3577 726 3638 eius
745 3578 840 3639 adhuc
861 3579 1006 3638 occultam
1025 3579 1213 3638 considerant
1232 3575 1333 3637 inDei

199 3653 334 3714 consilio.
371 3655 413 3714 Et
432 3655 498 3736 quia
519 3667 600 3717 certo
620 3666 761 3730 statuunt,
781 3655 868 3714 alium
888 3654 954 3715 lore
996 3669 1063 3716 uam
1082 3673 1160 3717 nunc
1182 3665 1333 3734 appareat,

198 3731 313 3814 regium
332 3729 479 3794 honorem
500 3733 615 3793 deferre
634 3732 754 3792 minime
775 3751 826 3792 eos
846 3732 945 3814 pudet.
1011 3751 1082 3793 orro
1103 3729 1187 3790 donis
1205 3730 1264 3790 'suis
1282 3743 1332 3789 te-

200 3819 329 3884 stantur,
359 3801 438 3871 dude
462 3810 521 3870 sint
546 3809 677 3877 oriundi:
709 3829 813 3899 neque.
831 3809 909 3874 enim
933 3807 1060 3872 dubium
1080 3820 1138 3882 est,
1169 3806 1240 3886 quin
1260 3805 1333 3866 haec

200 3883 353 3960 attulerint
374 3897 513 3965 tanquam
536 3885 650 3976 patriae
670 3905 738 3956 suae
757 3881 900 3968 insignia.¹
931 3885 1069 3968 Intellige
1090 3897 1203 3962 autern,
1232 3903 1292 3941 non
1314 3905 1332 3942 a

200 3959 322 4044 singulis
346 3959 478 4022 oblatum
504 3961 591 4022 sursse
612 3963 763 4046 proprium
782 3985 904 4038 mortus,
934 3964 985 4024 sed
1005 3963 1041 4022 ab
1063 3961 1199 4021 omnibns
1220 3959 1330 4040 promi-

201 4059 269 4112 scue
289 4037 356 4112 tria,
376 4058 450 4117 quae
470 4039 647 4100 referuntur.
681 4036 893 4114 Quod'omncs
914 4040 977 4101 sere
990 4038 1214 4118 interpretesde
1226 4055 1331 4127 regno,

201 4115 368 4194 sacerdotio
396 4129 427 4174 et
449 4116 598 4198 sepultura
624 4117 734 4178 Christi
753 4115 874 4207 plriloso
897 4117 1019 4190 huntur,
1047 4127 1079 4179 ,et
1099 4137 1200 4174 aurum
1221 4111 1331 4174 iaciunt

202 4189 301 4270 Regni
319 4189 502 4270 symbolum,
521 4194 587 4254 thus
607 4191 781 4266 Sacerdotis,
800 4138 946 4274 myrrliam
966 4191 1153 4273 quulturae,
1174 4189 1245 4249 nihil
1263 4209 1330 4250 meo

166 4323 170 4334 ,
202 4265 310 4336 iudicio
336 4267 422 4332 solidi
446 4271 543 4332 habet.
590 4269 717 4342 Scimus,
749 4269 849 4330 Persis.
869 4268 992 4330 solenne
1018 4269 1119 4344 luisse,
1149 4269 1258 4328 donum
1277 4265 1328 4324 ali-

203 4343 284 4422 quod
313 4343 422 4404 habere
446 4349 478 4408 in
502 4369 613 4422 mauu„
639 4325 755 4428 quoties
779 4345 863 4428 rpg'e's
883 4367 955 4417 ¹suos
980 4344 1153 4424 salutabant.
1211 4341 1330 4432 illigant

204 4433 300 4484 auteur
319 4422 471 4504 magitria
491 4424 555 4499 ista,
574 4444 700 4502 quorum
719 4417 879 4506 provenias
901 4420 1055 4486 Orientem
1074 4421 1228 4494 nobilitat,
1246 4420 1329 4484 sicuti

1150 2829 1236 2870 ocum
1257 2811 1335 2870 diri-
