2766 4834
335 305 342 383 ᾗ
384 261 481 396 (ae-
489 321 535 381 29.
561 316 689 378 Ioannes
710 281 907 398 praedicans.)
927 317 953 368 ,¹
1168 329 1206 394 99

123 465 199 526 Luc.
235 471 293 532 1⁰2
347 465 577 544 [mgnum
606 461 671 532 eum
698 467 813 534 urbm:
859 471 950 535 Haud
979 473 1204 538 sollicitudiuem

55 543 144 634 giguit
168 563 268 604 verus
307 545 504 624 resipiscendi
534 547 674 625 affectus,
707 561 740 610 ut
766 549 872 631 cupide
896 551 1028 630 inquirat
1054 563 1204 632 peccator,

57 621 187 696 qurdnaua
209 621 299 679 uelit
318 621 403 680 Deus
422 643 458 682 ae
479 625 649 718 praecipiat·
686 626 854 706 Responsio
874 639 971 688 autem
992 627 1113 689 loannis
1134 627 1203 709 bre-

57 697 123 755 riter
142 697 264 756 definit
286 699 400 757 tructus
422 699 607 778 poeniteam
629 702 748 795 dignos:
774 705 990 795 sempereuim
1009 705 1203 767 mundus-ce·

54 775 190 834 nmouiis
215 795 300 858 erga
320 775 422 834 Deum
443 777 526 866 cupit
545 779 683 861 defungi,
714 801 770 840 nec
791 802 857 859 quac
882 801 945 851 uun
970 779 1130 874 proclivius
1151 795 1205 858 est,

55 873 131 928 quam
153 851 298 910 fictitios
320 851 417 912 cultus
438 851 589 916 obnectere
602 855 681 928 Deo,
702 853 817 937 qrioties
838 803 877 918 ad
894 858 1204 938 poenitentiam-invi·

56 939 98 986 tat.
139 927 239 1000 Quos
264 940 366 1004 autern
389 927 500 990 fructus
521 934 787 1012 commendatrboc
816 934 885 995 ioco
906 936 1054 1016 Baptista?
1094 934 1202 996 Officia

55 1006 177 1064 raritatis
201 1018 239 1064 et
260 1006 413 1066 secundae
435 1005 564 1074 tabulae:
586 1029 647 1069 nou
669 1011 749 1090 quod
769 1011 850 1071 Deus
870 1025 1017 1072 externam
1059 1013 1153 1074 ietutis
1173 1025 1204 1074 et

56 1081 139 1140 tultus
167 1083 220 1141 sui
253 1081 478 1162 professionem
503 1084 583 1166 negli
622 1099 649 1161 t,
683 1088 735 1146 sed
761 1088 827 1166 quia
849 1089 920 1148 baec
940 1101 1011 1148 nota
1031 1033 1202 1150 discriminis

57 1160 160 1224 certior
184 1171 249 1232 est,
272 1181 306 1218 ac
327 1159 425 1218 miuus
445 1180 532 1240 saepe
554 1163 581 1221 t'a
607 1163 636 1226 it.
676 1163 928 1224 Laborioseenim
948 1175 1086 1246 satagunt
1106 1166 1201 1248 bype-

56 1236 147 1308 eritas,
170 1249 210 1296 ut
231 1257 267 1296 se
278 1236 338 1296 Dei
359 1235 491 1296 cultores
511 1240 685 1312 ceremoniis
705 1237 844 1320 probent,
865 1241 967 1300 omissa
986 1243 1201 1302 interiturerae

56 1311 175 1372 iustitiae
199 1313 293 1384 cuia,
315 1313 438 1391 quaudo
460 1315 512 1373 vel
525 1315 676 1378 inhumani
697 1327 766 1375 stunt
786 1337 856 1407 erga
876 1317 1035 1396 proximos,
1054 1317 1102 1378 vel
1122 1319 1201 1378 irata⁴

57 1389 134 1448 dibus
168 1402 204 1450 et
238 1389 353 1470 rapinis
370 1389 502 1467 addicti.
541 1391 651 1464 'Quare
682 1413 846 1452 necessario
880 1394 1037 1453 reuocandi
1056 1406 1134 1453 sunt
1165 1397 1202 1456 ad

57 1466 173 1526 crassius
198 1485 342 1540 examen,
376 1473 415 1524 tn
437 1466 614 1546 probitatem
635 1467 736 1528 rolant
761 1467 839 1530 inter
857 1469 1006 1542 homiues,
1038 1489 1076 1528 an
1095 1469 1201 1532 subve-

58 1542 132 1602 niant
179 1542 363 1623 nepotibus,
395 1563 434 1601 an
460 1555 581 1624 parcant
605 1545 731 1618 nriseris,
763 1566 800 1622 au
826 1545 955 1627 benigne
977 1545 1202 1620 communicent,

59 1637 125 1695 quae
146 1565 303 1680 lbominus
324 1619 384 1694 illis
405 1621 532 1679 contulit
551 1604 807 1700 (Matinates.)
856 1623 920 1682 Hac
940 1622 1201 1701 ratiorperristus

60 1697 214 1778 praecipua
235 1697 330 1777 Legis
352 1695 450 1776 capita
471 1699 605 1768 nominat·
623 1697 774 1773 iustitiam,
796 1698 1024 1772 misericordiam
1043 1711 1073 1764 et
1092 1699 1199 1759 verita-

62 1783 130 1844 tem,
163 1787 196 1833 et
216 1773 284 1833 Seri
308 1786 378 1832 tura
400 1773 504 1852 passim
525 1777 711 1842 commendat
734 1775 870 1834 iustitiam
896 1775 926 1835 et'
947 1776 1102 1836 iudiciunta
1133 1767 1200 1836 Hoc

61 1850 150 1983 grimo
174 1795 350 1928 babenrbtm
372 1862 433 1922 est,
459 1851 604 1910 nominari
622 1857 752 1936 comrade
769 1853 891 1932 (affluite,
918 1871 982 1912 non
1002 1847 1082 1932 quod
1103 1854 1201 1913 excel-

85 1939 224 2008 utsupra
246 1927 364 1988 cultum
385 1926 462 2000 Dei,
495 1929 546 1988 sed
573 1941 715 2007 quatenus
740 1941 883 1988 testantur
908 1930 947 1989 de
966 1930 1115 1992 bominum
1136 1932 1201 2010 pie-

63 2013 133 2074 tate,
165 2017 198 2065 ut
218 2025 329 2065 eorum
351 2003 508 2083 detegatur
526 2005 686 2080 simulatio,
717 2006 767 2086 qui
793 2027 845 2066 ore
865 2005 975 2066 iactant
993 2007 1074 2085 quod
1096 2005 1200 2086 procul
1225 2033 1228 2036 ·

64 2078 141 2139 abest
160 2104 176 2142 a
196 2083 302 2143 corde.
346 2079 407 2140 Sed
429 2081 591 2158 quaeritur,
622 2103 658 2140 au
705 2082 813 2141 raecise
839 2082 936 2174 legem
962 2084 1036 2142 banc
1064 2083 1199 2143 onrnibus

64 2155 233 2236 imposuerit
251 2157 401 2230 loannes,
429 2177 501 2236 quos
522 2156 643 2236 parabat
675 2159 783 2218 bristo
805 2157 976 2238 discrpulos,
1002 2180 1040 2218 ne
1061 2160 1130 2219 duas
1147 2158 1201 2218 ‘tu-

66 2233 138 2293 ricas
159 2235 319 2296 baberent.
359 2233 461 2292 Primo
481 2235 642 2294 notandum
663 2247 722 2308 est,
743 2235 986 2314 synecrlocbicam
1008 2257 1069 2295 esse
1091 2234 1200 2315 loquu-

66 2309 188 2385 tionem,
220 2311 289 2402 quia
320 2307 375 2368 sub
404 2329 461 2368 unu
485 2311 584 2391 specie
609 2311 867 2390 comprehenditur
890 2311 1036 2392 generalis
1056 2312 1190 2371 doctrina

68 2385 139 2447 lliuc
159 2400 296 2466 sequatur
317 2385 493 2446 eliciendam
512 2407 574 2446 esse
594 2407 720 2460 sensum,
741 2388 790 2466 qui
810 2387 936 2446 caritatis
955 2387 1087 2468 regulae,
1127 2388 1201 2448 ualis

68 2465 166 2526 alteo
188 2462 418 2544 praescribitur,
441 2461 633 2543 respoudeat:
659 2483 728 2522 uem
751 2483 767 2520 e
788 2462 962 2541 utquisque
983 2483 1016 2521 ex
1034 2485 1085 2522 sua
1105 2485 1119 2521 a
1163 2483 1205 2522 ua

71 2539 160 2604 dantia
185 2539 345 2600 subveniat
369 2559 529 2619 pauperum
559 2539 688 2618 inopiae.
726 2484 795 2598 bon
828 2537 905 2596 enirn
938 2549 1093 2646 extorquet
1116 2539 1205 2598 Deus¹

68 2621 200 2701 vectigal,
220 2616 302 2697 quod
322 2616 420 2678 tristes
441 2626 471 2675 et
487 2613 748 2688 iuviticonierant,
769 2613 819 2692 qui
835 2613 1008 2672 necessitate
1028 2633 1125 2672 racerc
1146 2635 1198 2673 co-

69 2709 170 2772 gantur
191 2694 274 2774 quod
294 2691 428 2766 nollent,
459 2691 510 2752 sed
531 2685 635 2752 hilares
656 2691 772 2752 datores
792 2709 825 2750 ac
844 2687 1027 2750 voluntarios
1048 2699 1140 2764 amat,
1166 2701 1198 2748 ut

70 2772 135 2832 dicit
152 2770 323 2844 Paulusll.
346 2769 419 2832 Cor.
438 2775 471 2842 9,
491 2775 518 2834 7.
556 2768 625 2828 Hoc
650 2767 718 2827 ideo
739 2765 824 2841 dico,
850 2765 917 2845 quia
941 2764 1040 2848 magni
1064 2765 1197 2842 interest,

71 2862 101 2908 rt
117 2835 248 2929 persuasi
267 2847 326 2908 aiut
346 2844 497 2920 homiues,
527 2857 642 2926 gratum
667 2845 700 2904 ae
726 2843 799 2904 boui
819 2842 930 2905 odoris¹
943 2842 1115 2909 sacrificium
1135 2863 1198 2902 csse

71 2925 144 3000 Deo,
162 2925 246 3018 quod
263 2923 400 2985 atterunt
420 2927 453 2981 bx
471 2922 528 2982 suis
547 2919 741 2982 facultatibus.
778 2917 871 2998 Atqui
889 2940 951 2979 non
970 2919 1198 3000 trepidationem

72 3003 154 3062 modo
174 3000 311 3061 rniiciuirt
329 2998 525 3071 conscientiis,
545 2999 597 3058 sed
616 3019 664 3058 eas
685 2995 889 3079 desperatIone
910 2995 1050 3070 obruunt,
1062 2996 1196 3075 „quicun-

109 3101 124 3138 e
148 3079 245 3161 legem
269 3078 444 3156 imponunt,
474 3095 513 3135 ne
540 3075 691 3165 quisquam
720 3073 871 3154 proprium
898 3073 1006 3152 aliquid
1041 3073 1197 3154 possideat.

72 3099 129 3217 burc
147 3177 218 3216 vero
240 3165 346 3216 contra
367 3150 507 3212 riumodi
539 3163 670 3212 anatrcos
687 3149 829 3223 homines,
847 3149 898 3228 qui
915 3149 1063 3210 mordicus
1083 3149 1196 3218 literam

74 3233 217 3322 arripiunt,
237 3233 330 3314 longa
350 3228 528 3290 refutatione
549 3249 622 3308 opus
643 3239 695 3287 est.
735 3226 829 3287 Silas
850 3247 911 3286 uon
933 3239 977 3287 est
997 3229 1065 3300 duas
1087 3225 1196 3288 babere
1267 3235 1272 3239 '

74 3319 192 3384 muscas,
210 3308 290 3368 idem
313 3307 350 3366 de
372 3304 491 3384 patinis,
511 3305 623 3379 salinis,
643 3303 776 3374 indutis,
796 3313 858 3362 tota
883 3323 918 3362 ue
938 3303 1120 3383 supellectile
1141 3304 1197 3364 erit

77 3385 229 3446 dicendum.
269 3381 364 3462 Atqui
384 3402 418 3440 ex
437 3392 574 3441 contextu
595 3381 672 3440 clarc
692 3390 789 3469 patet,
809 3323 882 3437 nibil
901 3379 995 3440 miuus
1017 3380 1103 3440 tuisse
1146 3401 1196 3439 ro-

76 3462 190 3539 positum
211 3459 336 3534 loanni,
379 3477 444 3516 uam
463 3457 614 3536 politicum
635 3456 774 3517 ordroena
790 3465 932 3516 evertere.
972 3457 1060 3518 Unde
1080 3401 1196 3538 colligi-

75 3559 139 3614 mus,
156 3537 228 3598 nibil
249 3555 318 3598 eum
338 3479 403 3614 plius
422 3534 588 3608 mandasse,
618 3552 703 3612 quam
723 3543 757 3591 ut
776 3531 878 3596 divites
899 3549 953 3613 pro
973 3533 1030 3593 suis
1051 3531 1196 3596 facultati-

76 3611 121 3675 bus
139 3626 299 3699 erogarent
318 3609 513 3692 pauperibus,
533 3610 613 3690 quod
633 3629 735 3669 eorum
755 3609 910 3670 necessitas
930 3609 1111 3689 postulabat:
1137 3605 1196 3668 acsi

76 3691 193 3767 dixisset,
225 3690 354 3762 Videte,
384 3685 487 3766 quibus
512 3688 589 3746 vitae
613 3683 748 3746 subsidiis
772 3684 925 3768 indigeant
950 3686 1073 3767 pruritui
1096 3682 1195 3772 vestri,

48 3756 53 3769 ⁸
94 3789 139 3828 uae
169 3767 255 3830 robis
287 3765 429 3836 affluunt,
460 3775 493 3825 ut
520 3776 616 3824 vestra
649 3760 734 3842 copia
759 3782 861 3822 eorum
886 3763 1009 3854 egestati
1037 3769 1231 3820 succurrat»

77 3787 160 3905 lurra
186 3865 248 3926 quo
277 3839 369 3923 magis
395 3839 526 3920 indulget
552 3839 638 3899 nobis
657 3839 755 3913 Deus,
784 3859 820 3898 co
840 3861 931 3919 tnagis
949 3837 1126 3910 cavendum,
1155 3855 1194 3894 ue

76 3917 122 3980 sibi
139 3923 292 4002 quisquam
313 3929 444 3976 nostrum
464 3916 624 3998 indulgeat
664 3917 779 3996 Urgeat
803 3916 979 3994 uos⁴potius
999 3914 1120 3972 bamam
1140 3931 1193 3972 ue·
1252 3941 1256 3956 ·

76 3999 195 4074 cessitas,
222 4011 254 4057 et
274 4003 424 4075 quotquot
442 3992 501 4053 Dei
520 3991 663 4054 beneficia
683 3992 768 4052 uobis
788 3993 911 4053 suntad
931 4005 1063 4064 uranum,
1083 3989 1119 4048 ad
1139 3988 1193 4049 be-

74 4075 251 4135 neficentiam
272 4093 328 4136 uos
349 4068 480 4128 intllessl»

137 4151 211 4211 [nc.
224 4157 274 4216 12.
299 4147 450 4208 Venerunt
467 4159 494 4204 et
509 4145 665 4220 prtblicoai.
690 4144 867 4206 Publicanos
884 4163 945 4201 non
959 4152 1069 4200 mutum
1089 4142 1118 4202 in
1140 4163 1192 4231 ge-

75 4247 135 4288 nere
155 4230 309 4299 bortatur,
339 4235 373 4284 ut
392 4223 579 4300 resipiscant,
607 4223 659 4282 sed
679 4221 767 4301 exigit
811 4241 866 4282 rrae
888 4218 1053 4292 ¹vocationis
1074 4239 1193 4298 propria

75 4317 145 4364 suut:
183 4304 292 4364 scimus
328 4300 421 4373 enirn,
452 4311 570 4378 praeter
598 4299 765 4380 generalem
792 4243 882 4380 legis
914 4293 1044 4385 regulam
1072 4293 1193 4380 singulis

75 4381 354 4514 gestandumesse,
386 4376 455 4457 quid
481 4376 612 4456 postulet
634 4375 711 4435 vitae
736 4375 772 4433 ad
799 4395 883 4454 quam
908 4381 1004 4432 viscata
1022 4382 1090 4430 sunt
1109 4381 1193 4427 ratro.

101 4455 242 4517 hristianis
268 4453 405 4548 omuibus
429 4453 623 4514 communiter
646 4451 824 4531 praecipitur
850 4447 1063 4561 dilectip:*sed
1088 4436 1194 4508 deiude

124 4551 134 4582 t
953 4549 962 4586 t

710 4724 721 4792 i
805 4789 808 4793 .
