2764 4846
466 241 558 302 nNN.
578 214 751 305 mutnus
943 327 949 342 1
1090 262 1189 306 xxxtx

66 393 119 452 lanti
138 393 296 466 deessent,
319 393 378 452 boe
399 361 503 454 auteln·
517 395 617 456 missos
638 393 704 456 illos
723 396 911 475 praestitisse,
930 415 992 454 non
1013 407 1045 454 ut
1064 417 1186 484 regnum
1213 409 1220 428 ¹

65 469 205 543 turbarent,
226 470 283 529 sed
302 482 340 529 ut
349 471 543 552 Evangelium
563 473 643 552 pacis
664 473 946 552 docerentwquotsi
966 471 1035 552 quid
1055 488 1185 552 praeter-

63 545 198 606 refecisse
218 559 445 628 arguerentur,
470 569 533 610 sese
553 562 669 629 paratos
691 569 752 608 esse
773 569 871 610 coram
892 550 957 628 ipso
978 569 1049 630 rege
1069 571 1185 612 accusa-

61 623 153 683 toribus
184 624 391 704 respondere·
442 626 547 704 Neque
579 626 629 685 lon
654 628 696 686 ius
725 625 777 686 ista
806 637 1020 705 processerunt.
1071 629 1184 687 Eodem

61 720 121 758 anno
139 698 287 761 Calvinus
311 712 344 760 et
364 722 424 784 ego
445 702 613 762 Tilemanui
633 647 770 762 llesbusii
797 701 1040 782 importunissimi
1054 702 1185 764 vhominis

60 775 119 835 bbro
142 775 370 857 respondimus.
418 777 557 839 Calvinus
582 779 689 840 deinde
714 778 866 838 Valentini
887 777 1015 838 Gentilis
1046 777 1183 858 blaspbe-
1219 792 1235 818 *

58 852 110 910 nias
125 853 269 934 Lugduni
291 866 357 913 tum
377 854 514 914 adversus
533 855 684 915 Athanasii
703 854 869 935 symbolum
895 873 1010 914 excusas
1033 855 1180 916 refutavit.

59 929 137 989 ttitit
158 949 289 1009 quoque
318 951 384 990 suas
415 931 446 990 in
471 931 628 992 Danielem
657 932 872 1012 praelectiones
899 930 1020 991 Gallicis
1051 931 1180 992 ecclesiis

58 1005 201 1085 inscriptas,
222 1027 260 1066 ac
283 1006 397 1068 inillis
418 1007 535 1087 quidem
556 1009 723 1090 Prophetae
743 1008 953 1088 interpretem,
973 1008 1003 1065 in
1024 1007 1084 1088 ipsa
1105 1029 1178 1069 vero

56 1079 226 1162 inscriptione
238 1083 431 1163 prophetam
450 1083 526 1146 visus
547 1098 590 1146 cst
610 1085 714 1168 egisse,
734 1085 918 1144 imminentes
931 1083 1020 1164 longe
1063 1083 1177 1144 ravissi-
1228 1098 1238 1116 ²

58 1177 102 1216 nas
117 1169 311 1238 tempestates
333 1160 521 1240 praedicens,
541 1183 600 1241 qno
620 1175 756 1242 tempore
777 1174 881 1222 coacto
902 1159 1020 1220 Pissiaci
1040 1105 1177 1254 ῗΡοίεεγ]

57 1233 253 1314 Episcopomm
276 1248 449 1312 conventu,
480 1237 595 1316 ipsique
619 1239 683 1320 regi
705 1237 815 1298 Carolo
839 1237 870 1297 in
894 1235 1071 1316 amplissimo
1091 1259 1177 1318 regns

58 1329 171 1372 consesm
190 1331 206 1372 a
228 1333 282 1373 me
312 1312 441 1374 exhibita
467 1312 651 1394 probataque
676 1311 857 1373 Gallicarum
883 1313 1069 1372 ecclesiarum
1092 1313 1176 1374 Con-

58 1386 171 1464 fessione,
191 1386 273 1468 pleri
322 1411 339 1450 e
358 1389 416 1450 sibi
430 1391 557 1470 Papatns
568 1389 809 1472 profligationem
830 1389 911 1468 quasi
932 1389 1088 1448 instantem
1109 1389 1175 1468 pol-

57 1459 204 1524 licebantur.
259 1411 346 1524 fflm
377 1486 496 1546 quoque
530 1467 610 1528 inter
640 1479 772 1528 caeteros
799 1464 975 1524 Franciscus
1004 1461 1176 1542 Balduinus,

58 1537 192 1601 temtus
209 1553 323 1622 postea
343 1555 470 1632 propter
487 1543 663 1624 religionem
682 1556 730 1603 ter
748 1541 900 1602 minimum
923 1540 1081 1600 autetiam
1102 1561 1174 1618 qna-

59 1623 92 1672 ter
105 1629 238 1677 mutatam
258 1630 503 1700 cognominatus,
523 1641 539 1680 a
560 1617 710 1684 Cardinali
730 1618 916 1700 Lotbaringo
936 1615 1122 1694 subornatus,
1146 1627 1176 1676 et

58 1687 203 1754 llmrreno
225 1696 374 1775 paulatim
400 1696 459 1756 iam
482 1709 543 1756 tum
563 1719 579 1758 a
599 1708 679 1758 recta
704 1695 749 1756 via
776 1717 830 1774 per
850 1707 947 1754 certos
969 1692 1101 1752 bomines
1122 1691 1175 1752 ab·

61 1765 140 1842 dacto,
157 1769 241 1831 malis
263 1773 573 1833 artibusconciliatus
594 1773 726 1834 libellum
748 1773 910 1853 quendam,
928 1769 990 1830 sive
1010 1790 1026 1827 a
1045 1787 1093 1843 se,
1112 1769 1174 1830 sive

60 1844 135 1930 pptius
152 1866 167 1905 a
187 1845 364 1910 Cassandro
385 1849 512 1928 quodam
533 1845 670 1924 editunt,'
707 1849 737 1908 ui
755 1869 819 1908 sese
840 1849 919 1928 pium
940 1857 970 1906 et
988 1847 1173 1906 moderatum

60 1925 343 2016 mnnnnncupabat,
363 1925 404 1990 in.
416 1924 480 1984 aula
497 1926 678 1999 venditabat,
687 1871 907 1986 luterirnistico
927 1924 978 1983 illo
994 1920 1126 1984 Caesaris
1136 1923 1174 1982 V.

61 1995 136 2056 edicto
154 2019 190 2059 eo
210 2013 303 2062 etram
331 2001 527 2078 deteriorem,
556 2003 637 2082 quod
661 2004 830 2062 moderatae
856 1999 1002 2060 cuiusdam
1029 1997 1174 2058 instaura-

59 2069 127 2160 llqais
153 2079 252 2156 specie
285 2097 393 2138 omnes
419 2099 514 2156 paene
539 2078 665 2158 Papatus
693 2075 874 2158 corruptelas
897 2087 1038 2136 tueretur.
1062 2075 1173 2166 ‘Huiup

61 2168 93 2205 ru
107 2171 121 2208 a
136 2173 179 2212 me
199 2155 459 2215 commonefactus
480 2155 619 2215 Calvinus
644 2155 851 2219 refutationem
877 2152 969 2212 libelli
991 2150 1096 2224 edidit,
1126 2173 1172 2210 cur

61 2243 111 2284 net
125 2226 175 2288 alia
192 2244 264 2290 sunt
283 2231 435 2302 adiuncta,
455 2251 529 2310 quae
544 2231 682 2292 Balduini
700 2232 851 2313 ingenium
874 2241 903 2289 et
923 2229 1086 2291 institutum
1106 2225 1173 2307 qui,-

61 2297 136 2362 lnsris
153 2307 368 2385 patefacerent.
408 2306 476 2368 Hoc
495 2329 567 2368 vero
585 2329 772 2389 concoquere
793 2327 854 2367 non
868 2306 966 2384 potuit
986 2303 1106 2375 rabula,
1118 2324 1172 2364 ne-

63 2395 104 2454 que
118 2383 202 2466 magis
220 2385 350 2444 alterum
368 2404 466 2442 meum
485 2403 671 2465 responsum:
714 2405 770 2448 nec
795 2384 831 2444 ab
855 2402 891 2441 eo
912 2393 1048 2460 tempore
1071 2378 1171 2439 Calvi·
1278 2455 1281 2466 Ι

63 2472 112 2514 nan
134 2469 161 2516 et
188 2478 236 2520 me
268 2459 448 2521 meretriciis
480 2461 620 2522 conviciis
645 2462 788 2541 impetere
814 2458 941 2532 destitit,
980 2459 1076 2517 donec
1100 2455 1170 2514 lleo

65 2527 261 2616 loninibnsque
282 2535 453 2597 alterutrius
471 2537 641 2619 religionis,
673 2555 747 2616 quos
766 2531 855 2594 toties
875 2531 1036 2604 fefellerat,
1062 2531 1169 2590 invisus

62 2601 168 2693 lutetiae
186 2612 270 2675 litem
290 2613 396 2674 nescio
416 2633 500 2704 quam
521 2633 607 2694 perse
651 2632 713 2686 ens,
731 2611 791 2670 sive
803 2608 896 2668 livore
908 2607 1071 2696 tabescens,
1089 2607 1171 2684 quod

65 2679 129 2744 dmm
145 2687 196 2748 sibi
214 2691 383 2770 praelatum
400 2691 523 2765 vaderet,
543 2689 594 2770 qui
636 2687 767 2748 enricum
779 2685 835 2744 Ill.
847 2685 877 2742 in
889 2681 1034 2742 Polonrae
1040 2701 1168 2772 regnum
1256 2683 1261 2696 ‘

64 2760 270 2834 tabescentem
290 2767 493 2844 comitaretur,
511 2767 610 2830 vivere
630 2764 717 2826 simul
737 2760 965 2824 remaledicere
986 2758 1081 2818 (lenit.

228 2859 235 2890 Ι
1244 2889 1248 2903 Ι

120 2915 197 2980 buno
216 2941 290 2982 vero
303 2919 400 2980 LXII.
420 2939 481 2980 non
500 2920 591 2979 modo
612 2939 695 3000 pace,
714 2918 766 2978 sed
786 2919 872 2976 etiam
894 2913 1031 2975 libertate
1047 2909 1170 2971 Gallicis
1244 2906 1249 2926 ⁸

64 2987 164 3053 eedem
182 2997 313 3059 sollenni
333 2996 418 3076 regio
444 2995 543 3056 edicto
570 2997 656 3056 certis
676 2993 896 3056 conditionibus
917 3010 1069 3064 concessa,
1101 3007 1169 3048 mox
1210 3007 1215 3012 ·

65 3074 137 3148 ‚Um
151 3069 323 3134 Navarreno
345 3071 501 3152 pontificiis
521 3071 632 3132 artibus
650 3067 824 3144 subornato,
846 3091 934 3160 quum
948 3065 1067 3154 Guisius
1089 3065 1167 3124 edita

64 3137 101 3197 dla
116 3143 408 3210 inmaniVassiacena
429 3149 518 3230 [dous
532 3147 647 3230 Vnssy]
667 3161 764 3230 strage
784 3145 933 3206 classrcum
954 3143 1118 3215 cecinisset,
1139 3150 1170 3200 et

64 3209 146 3280 bellum
163 3223 231 3287 illud
252 3225 341 3288 civile
362 3224 405 3284 bis
426 3224 560 3305 auspiciis
580 3225 734 3304 coepisset,
754 3243 817 3304 quo
834 3241 913 3282 nunc
933 3230 1013 3310 totos
1033 3217 1094 3277 xt1
1113 3237 1167 3276 au-

66 3307 105 3350 ¹²⁰⁸
119 3297 211 3364 nistra
230 3303 333 3366 Gallia
353 3301 507 3384 deflagrat,
527 3313 602 3381 quot
619 3311 803 3380 quantaeque
817 3317 903 3359 curae
917 3295 1071 3356 Calvinum
1092 3312 1166 3354 con-

66 3363 164 3435 fecerint
181 3379 236 3442 dici
255 3401 321 3440 non
341 3389 456 3459 potest:
495 3378 536 3438 sic
562 3377 649 3437 etiam
675 3374 944 3457 ingravescentibus
965 3373 1025 3431 eius
1045 3369 1168 3444 morbis,

67 3453 92 3499 Ν
104 3447 151 3510 itm
166 3465 224 3516 tum
243 3457 328 3518 illum
350 3453 480 3515 dlvinare
500 3455 605 3514 liceret
624 3455 660 3514 ad
679 3453 833 3514 meliorem
852 3451 941 3510 vitam
961 3449 1052 3509 citato
1072 3446 1166 3530 gradu

68 3529 186 3604 l¹⁰gredi
221 3534 287 3595 Nec
305 3545 407 3591 tamen
428 3529 575 3592 consolari
596 3541 626 3592 et
646 3530 756 3590 hortari
775 3547 953 3606 unumquem
976 3545 1028 3598 ue,
1046 3524 1106 3586 imo
1128 3542 1167 3612 ne

68 3603 206 3682 muciouari
226 3612 347 3692 quidem
378 3617 409 3667 et
426 3605 527 3668 tbeolo
553 3608 607 3667 'am
627 3605 656 3665 in
677 3605 776 3668 schola
796 3603 931 3684 profiteri
949 3547 1074 3665 ‹festititz
1093 3619 1179 3688 επις

69 3683 140 3752 Qut
156 3701 189 3742 ce
207 3707 328 3766 annop
363 3684 515 3745 cerrimam
547 3685 617 3744 'idei
639 3681 867 3743 Confessioncm
887 3679 923 3740 ad
943 3679 1165 3754 statuslmpern
1240 3741 1248 3760 ι

68 3743 223 3824 fnncelurti
240 3775 313 3824 tnnc
333 3773 531 3844 congregatos
550 3761 671 3820 nomine
690 3759 834 3850 Principis
850 3755 1015 3820 Condensis
1035 3747 1165 3886 hcqnfff]

70 3828 203 3914 illim
222 3841 370 3914 omnium,
402 3859 475 3917 quos
502 3849 619 3918 praeter
640 3835 712 3898 belli
731 3837 800 3916 ipsas
820 3833 1005 3894 iniustissime
1024 3829 1033 3888 i
1058 3839 1098 3886 atr
1118 3847 1165 3886 m-

72 3917 148 3967 mmm
164 3911 359 4000 indignissime
380 3935 498 4005 quoque
512 3915 590 3994 apud
602 3914 768 3974 Germanos
783 3912 863 3990 quasi
883 3908 1020 3969 falsorum
1041 3905 1164 3994 dogma-

71 3981 117 4037 Ἦ
131 3999 251 4054 tectores
264 3994 399 4054 audierat
409 3991 580 4054 insimulari.
599 3991 704 4069 Neque
719 3988 767 4049 hic
778 3987 894 4124 pigebit
913 3985 1050 4065 quiddam
1070 3999 1163 4040 amm-

75 4051 212 4128 dentone
239 4091 301 4130 non
333 4069 393 4128 indi
417 4084 488 4128 num
521 4087 761 4129 commemorare.
828 4063 932 4124 acebat
968 4081 1002 4120 ex
1031 4059 1163 4148 podagra

76 4121 183 4202 Celsinus
200 4144 227 4206 iu
246 4145 326 4207 lecto
346 4089 522 4220 Uiben,
563 4145 591 4204 ui
611 4144 672 4204 dies
693 4154 755 4203 erat
776 4139 909 4214 Sabbati,
929 4150 958 4198 et
976 4137 1088 4227 floreas
1107 4153 1165 4224 rant

27 4243 29 4260 ·
74 4209 147 4298 ¹le
163 4215 273 4283 biduum
294 4222 385 4282 flabat
405 4243 490 4302 quam
510 4167 771 4281 velenensissnne.
810 4218 888 4276 Turn
909 4213 1047 4305 Calvinus
1064 4211 1164 4304 multis

27 4260 29 4318 l
79 4283 241 4378 ”lstfm’ben
265 4297 448 4379 „Equidem
467 4299 476 4357 i
484 4299 604 4377 nquit,
624 4297 724 4357 nescio
745 4296 816 4376 quid
836 4293 892 4352 boc
912 4313 956 4382 rer
975 4303 1025 4382 stt,
1045 4285 1165 4350 videbar

28 4405 30 4439 a
78 4361 144 4427 *lh
163 4369 211 4435 bac
234 4388 324 4438 nocte
349 4376 449 4438 audire
473 4387 611 4456 tympana
637 4373 742 4434 bellica
768 4390 853 4452 quarn
878 4369 1165 4476 forbssrmeqperso-

28 4483 35 4564 ⁴,
