2790 4838
1247 97 1255 124 i

208 125 300 227 ᾗ,
366 118 371 126 ’
519 128 674 192 SECTIO
694 127 765 190 vn„
793 127 994 194 ›lumem-a

186 321 194 330 -
264 286 405 354 Marad.
441 283 544 364 atqu
566 273 674 348 menis
689 295 824 359 perornat
841 303 906 344 eum
923 280 1027 359 ΒΜ.
1065 279 1249 344 Naturaliter
1269 300 1326 344 ea-

182 367 273 434 tenas
293 363 467 443 abrumpere
487 382 549 424 non
568 360 679 444 potuit:
705 360 784 420 unde
805 359 986 442 colligimus,
1006 358 1253 442 extraordinarios
1273 357 1325 420 in-

184 430 256 501 terd
334 452 430 506 motus
455 439 580 498 Satanae
607 435 753 518 permitti,
788 457 913 516 quorum
939 435 981 496 vis
1002 455 1116 495 sensum
1137 447 1271 494 nostnrm
1294 447 1327 494 et

185 515 265 576 utin
295 537 324 575 m
341 515 489 578 rationem
508 523 635 594 superet.
680 513 715 571 fn
734 511 914 593 phreneticis
934 512 1052 592 quidem
1071 511 1137 594 plns
1156 511 1251 572 nmlto
1270 533 1327 572 ro·
1392 565 1393 572 ,

187 589 272 652 boris
290 613 380 672 saepe
400 590 545 665 cernitur,
565 588 694 668 quamsi
713 589 837 672 integris
855 589 966 650 viribus
986 589 1158 670 pollerento
1171 609 1228 649 nec
1248 609 1325 650 vero

84 689 90 700 ·
189 669 359 752 negandum
380 664 601 742 estdiabolum
620 664 681 725 illic
701 687 820 746 quoque
840 687 930 749 agere
950 687 1014 726 suas
1057 665 1287 746 artes„qnoties
1308 685 1327 726 a

189 739 267 804 Deo'
279 741 474 824 permittitur,
498 742 550 802 sed
569 739 710 822 impetus,
750 764 817 802 uem
838 739 1007 804 describunt
1025 687 1249 824 livangelistae,
1268 741 1328 800 fuit

150 825 153 837 '
190 821 283 902 longe
306 819 409 880 maior.
463 817 562 878 Triste
586 837 656 878 eane
683 761 917 879 et'borrendum
941 819 1156 899 spectaculum,
1185 820 1237 879 sed
1262 839 1326 897 quo
1391 889 1393 904 1

187 916 356 974 monemur,
414 915 502 974 quam
528 895 666 955 miserum
694 908 725 956 et
748 895 936 956 formidabile
960 895 998 954 sit
1023 894 1329 976 Satanaettyrannidi

193 971 323 1047 subesse,
342 991 399 1032 nec
417 970 513 1034 minus
532 971 692 1032 timendam
712 993 775 1034 esse
794 973 908 1034 animae
927 973 1128 1049 vexationem,
1148 994 1234 1052 quam
1255 993 1328 1033 cor·

194 1042 276 1130 poris
297 1047 440 1110 eruciatus
461 1047 645 1130 quantumvis
666 1049 744 1108 diros
764 1059 851 1128 atque
871 1059 996 1110 atroces.

199 1137 204 1148 ’
265 1121 474 1200 6.·’,Αᾰοητυί1
496 1147 568 1185 aum.
607 1125 688 1186 Talis
715 1125 772 1185 fuit
795 1123 935 1188 historiae
961 1125 1064 1186 series:
1097 1139 1189 1204 quum
1206 1122 1327 1184 obviam

191 1193 360 1281 prodierant
380 1201 579 1279 daemoniaci,
607 1201 692 1262 iussit
711 1201 861 1279 Christus,
889 1201 1007 1284 spiritus
1026 1201 1191 1262 immundos
1210 1200 1246 1260 ah
1266 1199 1329 1260 illis

192 1277 313 1360 egredi,
341 1289 412 1338 tune
431 1297 484 1357 sup
508 1277 578 1338 lices
599 1278 749 1359 deprecati
767 1291 849 1352 sunt,
880 1301 918 1339 ne
939 1293 1006 1339 ante
1028 1290 1141 1358 tempus
1159 1277 1240 1358 ipsos
1257 1289 1328 1336 tor-

195 1364 308 1432 queret
347 1353 430 1438 Ergo
455 1353 589 1414 roratio
616 1375 679 1416 non
704 1355 863 1436 praecessit
888 1354 997 1416 Christi
1023 1354 1131 1428 verba,
1162 1375 1219 1414 nec
1244 1355 1328 1434 prius
1393 1373 1394 1416 l

192 1429 349 1510 conquesti
368 1441 445 1506 sunt,
464 1429 620 1492 molestum
639 1432 695 1492 sibi
716 1451 778 1492 esse
792 1432 959 1508 Christum,
979 1453 1063 1511 quam
1085 1431 1151 1490 dccm
1174 1451 1226 1490 eos
1247 1431 1329 1490 exire

192 1518 326 1589 cogeret.
353 1533 356 1545 ⁴
383 1506 544 1568 Sciendum
566 1529 640 1568 vero
668 1520 726 1582 est,
755 1523 817 1568 non
843 1519 902 1568 tam
927 1520 1035 1588 sponte
1058 1509 1088 1566 in
1115 1507 1226 1575 Christi
1252 1528 1330 1567 con-

191 1593 324 1663 spectum
344 1583 474 1658 venisse,
505 1605 590 1663 quam
610 1605 718 1645 arcano
739 1582 850 1644 Christi
870 1585 995 1665 imperio
1014 1595 1133 1644 tractos.
1174 1583 1330 1660 Quemad-

191 1661 313 1718 modum
339 1659 417 1718 enim
441 1657 521 1739 p'rius
547 1659 659 1720 furioso
683 1661 797 1740 impetu
821 1660 958 1742 abripere
986 1661 1118 1728 homines
1142 1661 1173 1720 in
1192 1660 1331 1751 sepulcra

191 1733 273 1794 soliti
294 1735 426 1813 fuerant,
452 1736 497 1794 ita
521 1757 601 1797 nunc
626 1737 762 1828 superior
787 1748 917 1817 potestas
944 1739 980 1797 ad
1007 1739 1050 1798 sui
1075 1735 1178 1797 iudicis
1196 1735 1331 1796 tribunal

191 1809 302 1870 invitos
327 1829 364 1871 co
387 1811 418 1872 it.
464 1811 553 1872 Unde
578 1811 759 1894 colligimus,
794 1825 890 1874 totum
914 1813 1041 1879 Satanae
1066 1833 1188 1896 regnum
1216 1812 1331 1874 Christi

191 1886 320 1968 imperio
339 1829 467 1948 subesse.
505 1889 611 1968 Neque
631 1890 709 1949 enim
730 1901 799 1948 tnnc
819 1891 911 1973 magis
932 1902 1085 1971 compotes
1105 1890 1150 1949 sui
1170 1901 1239 1950 sunt
1257 1889 1330 1949 dae-

191 1981 306 2038 mones,
326 1962 393 2024 dum
414 1965 450 2025 ad
470 1984 502 2024 se
523 1985 574 2025 eos
594 1965 826 2041 citathristus,
840 1987 930 2047 quam
951 1989 1047 2048 nuper
1064 1967 1161 2026 miseri
1183 1965 1332 2040 homines,

107 2055 110 2064 ⁴
193 2057 268 2120 quoa
292 2059 342 2098 sua
367 2039 526 2121 tyrannide
550 2041 607 2100 hnc
630 2040 700 2102 illuc
725 2042 890 2122 raptabant.
929 2044 1069 2123 Denique
1090 2064 1195 2104 areana
1217 2042 1332 2104 Christi

191 2113 328 2196 potentia
353 2115 385 2174 in
409 2115 538 2178 medium
562 2117 719 2192 sistuntur,
743 2131 777 2177 ut
795 2119 853 2180 lllis
874 2121 974 2182 eiectis
995 2121 1145 2180 bominum
1165 2140 1198 2182 se
1219 2118 1331 2178 libera-

190 2201 289 2252 torem
320 2191 511 2253 demonstret.
571 2193 677 2257 Coacti
708 2193 794 2255 etiam
825 2215 890 2256 eum
916 2197 1057 2272 adorant,
1087 2209 1118 2257 ct
1141 2209 1333 2258 contumaces

192 2287 297 2326 eorum
318 2269 519 2345 querimoniae
539 2281 628 2330 testes
649 2282 729 2406 sunq
747 2291 833 2350 quam
852 2293 914 2332 non
936 2273 1101 2333 voluntaria
1122 2269 1331 2332 fueriteorum

193 2337 425 2420 confessio,'sed
444 2345 473 2406 vi
494 2357 617 2408 extorta.
648 2347 707 2433 Qui
744 2346 978 2410 dbinobisouml
998 2349 1089 2411 aiunt.
1118 2349 1264 2409 Libenter
1275 2350 1331 2410 hac

190 2439 267 2482 voce
288 2421 392 2499 procul
413 2441 478 2482 eum
499 2422 647 2506 fugarent,
667 2424 718 2484 sed
739 2425 807 2504 quia
825 2445 856 2486 se
870 2427 1045 2488 constrictos
1056 2427 1153 2488 teneri
1164 2426 1278 2500 vident,
1298 2437 1333 2485 ut

119 2490 142 2537 '-
194 2497 303 2557 frustra
323 2498 384 2558 eiua
405 2497 559 2578 imperium
579 2499 705 2583 fugiant,
727 2513 900 2579 queruntur,
919 2523 950 2564 se
970 2515 1038 2563 ante
1056 2516 1173 2594 tempus
1184 2503 1319 2582 torqueri

163 2584 225 2662 ,et
248 2574 486 2656 deprecationem
510 2575 594 2636 simul
622 2577 790 2637 admiscent.
849 2579 893 2638 Ita
918 2580 1065 2657 videmus,
1094 2579 1229 2641 diabolos
1254 2579 1317 2638 mibi

234 2670 279 2709 am
308 2651 449 2712 ferociam
470 2652 605 2715 adversus
624 2649 722 2712 Deum
741 2653 869 2734 spirare,
902 2668 933 2716 et
950 2668 1048 2717 tamen
1069 2678 1133 2716 cum
1154 2678 1206 2716 sua
1225 2677 1333 2734 supcr-

214 2727 257 2803 ia,
296 2747 353 2805 qua
383 2739 520 2820 turgent,
558 2728 640 2807 qnasi
672 2728 781 2790 fractos
812 2733 987 2808 concidere,
1022 2733 1196 2813 etquidem
1224 2732 1333 2792 eodem

190 2815 361 2863 momento:
393 2825 460 2882 qura
482 2825 586 2864 eorum
605 2803 715 2864 malitia
736 2817 766 2864 et
785 2809 977 2884 perversitas,
1008 2831 1082 2889 qnae
1103 2829 1254 2889 nunquam
1276 2809 1333 2868 do-

191 2890 297 2957 matur,
316 2877 422 2938 luctari
440 2881 577 2940 adversus
587 2880 646 2940 Dei
667 2881 706 2939 im
730 2881 822 2940 erium
842 2905 904 2946 non
925 2885 1041 2960 desinit,
1061 2898 1200 2947 ettamen
1215 2885 1332 2946 interea

192 2965 296 3013 coacta
322 2955 410 3014 cedit
456 2955 548 3029 Quod
573 2967 671 3016 autem
716 2955 808 3018 raboli
834 2961 1050 3022 confessionem
1076 2974 1178 3044 aperte
1199 2983 1262 3022 non
1282 2984 1334 3022 re-

190 3029 294 3112 pudiet
305 3027 449 3106 Christus,
466 3031 542 3090 sicut
561 3031 641 3110 alibi,
661 3031 733 3093 baec
752 3034 868 3096 videtur
888 3059 951 3099 esse
971 3039 1059 3114 ratio,
1079 3040 1158 3129 quod
1179 3039 1332 3100 dissidium
1376 3105 1380 3113 ,

192 3105 315 3166 minime
342 3105 499 3166 obscurum
524 3118 603 3184 erat,
632 3121 665 3169 ut
691 3109 771 3170 nulla
798 3111 913 3173 sinistra
940 3115 1118 3176 obtrectatro
1140 3113 1265 3177 baberet
1285 3115 1334 3175 lo-

192 3201 270 3246 cum.
327 3183 414 3246 Adde
442 3184 524 3263 qnod
554 3185 703 3244 bominum
733 3186 810 3246 ratio
836 3209 853 3248 a
880 3191 1001 3251 Christo
1027 3193 1124 3252 habita
1150 3191 1221 3252 luit:
1263 3193 1334 3253 binc

191 3257 302 3318 factum
330 3270 389 3333 est,
418 3281 507 3340 quum
531 3261 667 3322 malevoli
695 3274 725 3324 et
748 3263 871 3358 maligni
897 3267 1034 3328 adessent
1051 3281 1156 3343 testes,
1182 3257 1220 3328 iat
1238 3269 1334 3352 magis

191 3335 322 3394 intentus
348 3348 426 3396 esset
451 3336 487 3397 ad
506 3337 683 3399 refellendas
702 3339 876 3417 calumnias,
908 3344 1037 3424 ideoque
1057 3345 1150 3405 acrius
1169 3345 1334 3418 daemones

192 3424 403 3491 compesceret.
443 3411 596 3488 Quantum
614 3415 651 3475 ad
671 3429 856 3495 praesentem
876 3419 974 3480 locum
993 3433 1117 3502 spectat,
1137 3421 1205 3482 satis
1226 3443 1333 3503 super-

194 3508 252 3568 que
278 3509 340 3550 esse
366 3488 486 3565 debuit,
522 3492 603 3571 qnod
629 3491 795 3552 daemones
812 3495 985 3576 suppliciter
1010 3500 1124 3558 orando
1150 3499 1334 3560 tumultuose

192 3584 251 3624 eon
283 3587 385 3626 aeum
407 3565 581 3627 fremebant.
672 3601 675 3621 ι

255 3575 373 3702 blant.
392 3647 439 3708 29.
479 3643 595 3704 Venisti
611 3641 667 3706 dato
686 3660 753 3705 note
770 3660 887 3724 ternpus.
929 3649 1032 3710 Genus
1052 3653 1192 3712 tormenti
1214 3653 1337 3733 quidam

191 3737 225 3779 er
248 3731 357 3795 emunt,
377 3718 459 3800 quod
479 3719 642 3795 hominem,
685 3743 750 3782 nem
771 3745 845 3782 occu
869 3723 968 3801 abant,
988 3740 1134 3810 cogantur
1153 3728 1282 3789 liberum
1302 3742 1336 3791 et

190 3741 318 3856 eoibtum
346 3796 504 3858 dimittere.
544 3797 604 3856 Alii
623 3743 758 3860 reibmnt
777 3802 813 3860 ad
853 3821 911 3860 cem
931 3815 1090 3864 extremum
1111 3805 1222 3870 iudicii.
1262 3809 1334 3888 Ego

190 3893 261 3935 vero
287 3872 440 3953 intelligo,
477 3872 579 3934 iudicis
604 3875 647 3932 sni
671 3876 838 3954 praesentia
862 3879 1066 3958 expavefactos
1093 3880 1129 3940 de
1155 3903 1255 3961 poena
1281 3905 1335 3944 sna

190 3949 349 4030 cogitasse:
369 3947 445 4008 mala
466 3949 543 4009 enim
565 3949 760 4027 conscientia,
780 3953 851 4031 qnid
870 3955 968 4015 meriti
988 3969 1102 4031 essent,
1123 3958 1191 4040 ipsis
1212 3971 1335 4021 tacente

193 4023 312 4086 Christo
334 4022 472 4085 dictabat.
512 4024 770 4100 Quemadmodum
789 4030 869 4089 enim
889 4032 1040 4108 scelerati,
1070 4033 1121 4095 ubi
1143 4036 1179 4096 ad
1199 4037 1334 4098 tribunal

190 4111 310 4160 ventum
331 4111 390 4173 est,
414 4101 588 4182 supplicium
608 4123 691 4162 suum
711 4105 901 4185 concipiunt,
919 4109 970 4170 ita
990 4130 1110 4170 necesse
1130 4122 1176 4171 est
1194 4113 1334 4173 diabolos

191 4185 222 4234 et
240 4175 346 4253 impios
367 4195 469 4236 omnes
489 4178 592 4238 adDei
613 4193 804 4259 conspectum
824 4185 1064 4260 contremiscere,
1084 4208 1145 4248 non
1166 4210 1251 4250 secus
1272 4189 1332 4251 acsi

191 4250 248 4312 iam
269 4249 392 4326 inferos,
411 4253 512 4334 ignem
532 4254 811 4337 inexstinguibilem,
831 4271 861 4319 et
881 4259 996 4322 futuros
1016 4264 1159 4326 cruciatus
1175 4267 1332 4328 sentirent.

336 4470 340 4482 l
