2764 4854
409 179 489 282 (²⁰5
530 175 634 236 Petrus
656 176 752 236 lesum
772 177 924 258 abnegat.)
1065 189 1069 194 ⁸
1189 183 1246 242 343
1287 269 1292 276 .

171 325 271 396 LUC.
308 331 405 396 llllll.
453 332 503 398 55.
536 332 645 418 Quum
674 339 783 398 ‘autem
819 319 1043 396 accendissent
1076 335 1180 416 iguem
1212 335 1246 394 in
1276 402 1278 410 Α

87 431 195 500 medio
222 431 331 510 aulae,
362 443 458 518 atque
486 457 550 499 nna
580 435 816 511 consedissent,
851 436 934 500 sedit
963 447 994 500 ct
1022 433 1134 500 Petrus
1163 436 1247 497 inter
1275 495 1279 508 ,

89 535 172 602 illos.
203 537 280 602 .56.
301 534 408 622 Quem
444 561 539 624 quum
574 537 708 604 vidisset
730 537 856 604 ancilla
888 539 1046 626 quaedam
1080 536 1246 601 sedentem

89 640 131 705 ad
158 639 283 717 lumen,
310 638 424 704 defixis
456 645 490 705 in
523 642 614 708 illurn
647 643 765 720 oculis,
799 643 891 724 dixit,
924 645 964 707 Et
999 643 1050 707 lric
1085 665 1155 704 cnm
1189 639 1246 704 illo

91 752 167 808 erat.
215 743 267 808 57.
296 745 336 806 m
363 741 421 807 illc
449 745 619 831 abnegavit
646 768 735 823 enm,
762 746 888 823 dicens,
916 745 1051 824 Mulier,
1078 766 1143 810 uun
1172 745 1248 808 nori

52 923 58 936 .
88 844 186 911 illum.
229 847 279 914 58.
304 845 345 910 Et
374 859 447 932 post
475 848 627 934 pusillum
662 850 744 915 nlius
768 849 882 914 videns
911 871 997 926 cum,
1029 851 1118 926 dixit,
1146 850 1186 912 Et
1213 859 1247 912 tu
1275 860 1277 871 '

88 948 130 1014 de
151 946 217 1012 illis
239 969 283 1012 os.
325 951 439 1016 Petrus
466 974 545 1018 vero
568 955 630 1028 ait,
659 953 780 1028 Homo,
808 974 873 1018 nou
896 975 974 1016 sum.
1017 955 1066 1018 59.
1084 955 1130 1026 „Et
1152 957 1247 1016 inter·
1316 1009 1324 1034 ,

87 1051 176 1118 vallo
197 1054 368 1140 interiecto
391 1053 461 1119 lere
484 1053 584 1119 horae
607 1058 711 1132 unius,
733 1051 813 1147 alius
833 1055 962 1142 qnidam
986 1042 1187 1132 altirmabat,
1201 1053 1248 1118 di-

89 1177 180 1232 cens,
210 1155 300 1220 Vere
325 1165 357 1220 ct
380 1155 433 1221 hic
454 1180 525 1224 cnm
556 1155 614 1224 illo
642 1167 723 1222 crata
752 1148 823 1224 nam
846 1159 1014 1225 Galilaeus
1041 1172 1096 1225 cst.
1137 1161 1188 1223 (ill.
1208 1160 1250 1222 Et

89 1260 134 1322 ait
156 1258 278 1338 Petrus,
299 1261 416 1339 Homo,
437 1265 549 1328 nescio
571 1260 650 1348 qnid
673 1259 781 1326 dicas*
813 1261 852 1326 Et
874 1267 1030 1328 contiuuo
1060 1263 1166 1326 udlmc
1191 1261 1248 1324 illo

89 1361 260 1448 loquente,
291 1365 407 1429 cecinit
442 1363 555 1448 gallus.
594 1365 644 1428 61.
677 1365 719 1428 Et
753 1383 929 1432 conversus
964 1368 1122 1432 Dominus
1156 1367 1250 1430 intui-

85 1478 137 1531 tus
158 1476 206 1532 est
226 1468 370 1532 Petrum:
402 1475 434 1532 et
461 1466 651 1532 recordatus
685 1477 733 1531 cst
767 1469 880 1534 Petrus
913 1473 1070 1534 sermonis
1105 1470 1246 1544 Domini,
1301 1457 1306 1464 ’

88 1569 253 1656 quomodo
276 1571 402 1635 dixerat
423 1570 498 1656 ipsi,
521 1570 709 1656 Priusquam
731 1570 835 1656 gallus
858 1573 1032 1650 cecinerit,
1053 1583 1102 1636 tcr
1125 1593 1174 1640 mc
1195 1591 1251 1635 ne·

88 1668 188 1756 gabis.
232 1671 282 1736 52.
305 1673 346 1738 Et
369 1695 515 1764 egressus
537 1673 624 1739 iuras
646 1675 760 1742 Petrus
781 1675 870 1740 tlevit
892 1695 1007 1740 amare.

12 2007 13 2010 Ἴ
165 1940 278 2020 Lapsus
300 1938 393 2014 Petri,
413 1939 463 2019 qui
483 1939 531 2000 liic
549 1945 697 2016 narratam,
717 1941 829 2002 illustre
851 1940 1025 2001 infirmitatis
1046 1953 1164 2000 nostrae
1185 1963 1252 2020 spu-

89 2018 186 2077 culum
207 2029 260 2078 est.
301 2017 426 2076 Rursum
447 2017 476 2076 in
499 2019 560 2079 eius
580 2008 766 2097 poenilentia
776 2018 970 2078 memorabile
985 2018 1128 2076 bonitatis
1149 2030 1178 2076 et
1198 2019 1252 2075 nri-

89 2094 269 2155 scricordiae
289 2094 348 2152 Dei
370 2094 533 2172 exemplum
553 2094 640 2154 nohis
661 2095 849 2174 proponitur.
889 2097 992 2172 ltaque
1015 2096 1152 2166 historia,
1179 2105 1253 2172 quae
1295 2157 1298 2162 ,

89 2173 126 2232 de
152 2192 212 2232 nno
240 2171 359 2230 homine
385 2181 534 2242 narratur,
560 2191 745 2229 communem
773 2171 836 2232 toti
856 2169 1005 2230 Ecclesiae
1034 2170 1197 2228 doctrinam
1225 2183 1254 2229 ot

89 2247 207 2328 quidem
229 2245 361 2324 apprime
381 2244 484 2302 utilem
506 2247 651 2318 eontinet,
671 2256 732 2304 tum
754 2243 828 2322 iratae
849 2257 959 2306 stantes
979 2247 1015 2304 ad
1036 2245 1194 2304 sollicitum
1217 2245 1253 2304 ti-

88 2343 206 2384 morena
224 2321 352 2394 erudiat,
376 2332 439 2378 tum
465 2340 540 2397 quae
566 2320 663 2410 lapsos
684 2321 780 2456 eripat
797 2319 906 2382 ‘veniae
932 2321 1049 2380 fiducia.
1089 2323 1133 2380 Ac
1154 2321 1251 2400 primo

89 2400 208 2478 qualem
228 2396 391 2455 notandum
412 2405 471 2470 est,
491 2396 706 2456 inconsiderate
740 2397 830 2456 eeisse
850 2397 988 2471 Petrum,
1008 2400 1126 2476 quando
1147 2399 1177 2455 in
1198 2419 1251 2458 an-

88 2477 147 2536 lam
173 2493 264 2552 usqne
290 2471 443 2532 Pontificis
469 2472 616 2564 ingressus
642 2485 694 2532 est.
738 2473 860 2534 Pietatis
887 2474 1005 2552 quidem
1041 2474 1171 2534 officium
1199 2475 1255 2535 snit

87 2550 260 2632 magistrum
280 2549 376 2628 sequi:
397 2549 447 2608 sed
469 2571 537 2629 quta
558 2549 673 2610 suturae
694 2571 763 2610 suae
778 2549 955 2610 delectionis
968 2550 1135 2609 admonitus
1149 2551 1255 2624 luerat,

89 2627 194 2688 debuit
213 2625 312 2707 potius
332 2626 362 2684 in
383 2626 493 2707 angulo
514 2625 614 2706 aliquo
635 2626 738 2700 latere,
759 2647 797 2686 ne
818 2626 959 2705 peccandi
981 2627 1131 2686 occasioni
1154 2649 1185 2686 se
1206 2628 1254 2688 os·
1278 2630 1284 2644 '

88 2705 191 2786 [erret.
230 2703 276 2764 Ita
296 2723 386 2783 saepe
407 2704 508 2764 contin
533 2703 556 2762 it
581 2702 683 2764 fideles
711 2702 810 2794 specie
835 2703 949 2763 virtutis
968 2703 1000 2762 in
1022 2703 1202 2762 tentationes
1222 2724 1255 2764 se
1273 2712 1278 2720 “

89 2781 248 2862 proiictre.
289 2780 391 2856 Quare
412 2724 563 2864 rogandus
585 2792 629 2840 est
648 2780 808 2852 Dominus,
827 2793 859 2839 ut
879 2801 933 2840 nos
954 2781 1106 2840 contineat
1126 2780 1254 2858 Spiritus

89 2859 135 2918 sui
154 2858 253 2931 freno,
273 2878 311 2917 ne
332 2856 456 2919 modulo
478 2869 582 2916 nostro
603 2857 712 2939 egressi
732 2856 829 2918 statim
851 2877 962 2937 poenas
983 2857 1092 2918 demus.
1131 2857 1255 2938 Rogan-

90 2935 143 2996 dus
165 2935 253 2994 etiam
273 2945 327 3007 est,
348 2934 462 3024 quoties
483 2933 592 3014 aliquid
611 2934 782 3014 suscipimus
802 2934 966 3015 agendum,
993 2953 1031 2994 ne
1054 2933 1178 2992 deficere
1199 2955 1253 2992 nos

90 3011 169 3072 sinat
187 3012 266 3071 inter
285 3011 398 3071 medios
419 3024 542 3071 conatus
562 3009 609 3072 vel
629 3012 727 3090 operis
747 3011 903 3091 principia,
922 3011 975 3070 sed
995 3010 1088 3070 robur
1108 3011 1144 3070 ad
1164 3009 1254 3069 finem

78 3109 183 3168 ,inque
203 3108 220 3148 e
241 3088 328 3148 coelo
354 3089 531 3168 suppeditet.
574 3087 644 3147 Non
671 3088 761 3148 debet
791 3089 908 3169 quidem
934 3087 1109 3148 infirmitatis
1135 3099 1254 3148 nostrae

89 3185 192 3226 sensus
217 3165 305 3226 nobis
332 3163 465 3244 ignaviae
491 3184 575 3224 causa
603 3184 682 3238 esse,
710 3165 781 3243 quin
809 3181 963 3255 pergamus
994 3185 1172 3256 quocunque
1199 3185 1254 3223 nus

90 3241 173 3302 Deus
193 3251 293 3301 vocat:
314 3243 366 3301 sed
386 3241 580 3301 temeritatem
601 3253 732 3302 nostram
755 3241 895 3300 cohibere
910 3241 1016 3317 debet,
1036 3263 1074 3300 ne
1088 3241 1256 3320 qurdsnpra

91 3318 278 3378 vocationem
299 3330 428 3378 nostram
450 3329 612 3391 tentemus,
639 3318 746 3377 deinde
773 3338 827 3377 nos
849 3319 885 3376 ad
905 3339 1006 3397 preces
1032 3318 1197 3386 stimulare,
1224 3328 1257 3374 ut

91 3395 189 3468 Deus,
210 3395 260 3474 qui
280 3406 360 3454 recte
380 3395 511 3473 incipere
533 3393 624 3468 dedit,
649 3395 855 3474 perseverandi
877 3415 995 3474 qnoque
1015 3395 1138 3472 gratiam
1159 3394 1255 3452 addat.

167 3471 271 3530 Mattlr.
297 3477 344 3536 69.
382 3471 516 3531 Accessit
537 3469 580 3530 nd
602 3493 666 3530 curn
689 3472 808 3531 ancillo.
848 3471 904 3530 llic
936 3471 1081 3544 videmus,
1111 3471 1146 3528 ad
1173 3471 1253 3534 iran-

90 3549 221 3631 gendnm
243 3549 391 3606 hominem
412 3569 474 3606 non
494 3562 572 3627 opus=
589 3569 651 3608 esse
672 3549 753 3628 gravi
780 3547 936 3620 conflictu,
957 3569 1012 3606 nce
1033 3545 1130 3605 multis
1159 3543 1254 3626 copiis
1296 3571 1300 3580 ’

91 3625 139 3685 vel
160 3624 315 3684 machinis:
337 3624 465 3759 quispuis
475 3623 564 3714 penim
578 3624 636 3682 Dei
650 3645 737 3683 mann
750 3645 811 3683 non
832 3624 921 3686 suerit
940 3623 1095 3695 suffultus,
1107 3623 1143 3680 ad
1158 3622 1252 3681 levem

91 3723 191 3762 auram
211 3700 258 3760 vcl
279 3700 345 3760 solii
366 3713 496 3760 carentis
515 3701 669 3790 strepitum
690 3708 756 3761 mo'x
781 3700 928 3760 concidet.
968 3701 1071 3757 l’etrus
1092 3711 1172 3757 certe
1191 3717 1252 3758 non
1347 3730 1354 3743 ·

90 3779 186 3837 minus
207 3777 353 3837 animosus
374 3788 437 3836 erat
457 3793 541 3860 quam
563 3799 715 3855 qnisquam
735 3789 883 3850 nostrum,
905 3789 935 3835 et
955 3776 1011 3834 iam
1032 3797 1044 3833 s
1068 3774 1180 3833 ecimen
1203 3795 1252 3833 ex-

57 3855 76 3914 '.
90 3854 165 3914 celsi
185 3853 274 3914 animi
295 3854 379 3933 (licet
400 3853 429 3912 in
451 3853 569 3934 aurlpcia
591 3857 797 3933 praepostera)
818 3853 1010 3934 nonuulgarc
1023 3797 1167 3915 ediderat:
1188 3871 1249 3909 non

90 3943 191 3991 tamen
212 3941 374 4011 exspectat,
401 3929 468 3988 (lum
489 3931 525 3988 ad
547 3930 698 3990 Pontificis
719 3929 845 3990 trrlnmal
866 3930 1011 4000 trahatur,
1036 3927 1083 3986 rel
1104 3927 1171 3986 ‹lutn
1192 3925 1248 3988 lto-

91 4019 152 4067 stes
171 4008 198 4068 vi
218 4007 305 4068 allata
325 4019 451 4066 mortem
471 4005 633 4080 intentent,
657 4009 708 4068 scd
729 4005 917 4066 mulierculae
944 4025 1017 4064 voce
1041 4005 1160 4062 territus
1185 4025 1246 4062 ma-

92 4084 217 4166 gistrum
237 4084 370 4162 protinus
396 4083 533 4166 abnegat.
571 4084 662 4162 Atqui
688 4097 783 4163 nuper·
802 4081 837 4140 ad
858 4093 982 4140 mortem
1010 4077 1099 4170 usqrie
1124 4081 1249 4140 irmictus

92 4161 178 4221 miles
197 4161 252 4220 sibi
272 4161 348 4222 visus
369 4161 471 4220 lucrat.
511 4160 728 4220 llleminerimns
748 4179 832 4240 ergo,
852 4159 887 4216 ad
907 4177 1029 4236 magnos
1047 4170 1171 4237 impetus
1184 4180 1246 4216 sus-

94 4237 233 4298 tinendos
252 4238 326 4298 adeo
346 4236 433 4298 nobis
453 4257 537 4316 pares
557 4255 618 4294 uon
638 4257 701 4297 esse
717 4236 806 4310 uires,
825 4246 858 4292 ut
877 4234 906 4292 iu
925 4235 986 4294 sola
1008 4257 1124 4316 pugnae
1144 4235 1246 4296 umbra

95 4313 242 4376 deficiant
283 4313 440 4376 Caeterum
464 4313 504 4374 ita
529 4313 631 4375 iustam
657 4325 775 4376 nostrae
800 4309 939 4393 perfidiae
968 4313 1132 4374 mercedem
1161 4310 1248 4376 solvit
