2756 4838
260 245 342 323 (163.
384 243 465 304 lesus
485 243 592 304 iterum
612 243 903 325 momempraedieit
921 245 1027 324 suam.)
1163 209 1228 316 173*

108 395 208 476 iprius
229 396 265 456 de
284 391 422 458 mere'ede
442 396 610 478 transigunt
629 417 716 478 qnam
733 395 886 478 operarios
901 395 1019 457 mittant
1031 393 1221 460 adlaborem.

74 415 215 532 litterum
236 473 260 532 si
282 474 345 553 quis
367 473 436 534 hino
456 472 588 610 colligat,
608 476 701 535 creari
724 473 856 534 homines
875 475 912 534 ad
932 473 1044 610 aliquid
1063 471 1222 556 agendum,

43 566 99 607 tac
116 569 188 608 suam
210 549 315 629 cuique
329 548 512 629 provinciam
549 551 664 611 ivinitus
679 551 728 610 inu
774 552 793 626 i,
813 549 962 632 neignavi
996 550 1137 625 esideant,
1156 571 1221 612 non

69 625 207 704 torquebit
220 623 330 686 Christi
342 627 442 686 verba.
482 625 635 709 Colligere
656 569 876 701 etiamnlicehic
895 626 1029 688 inutilem
1048 647 1111 686 esse
1125 639 1218 688 totam

69 701 143 760 vitam
157 714 295 776 nostram,
316 715 345 763 et
357 702 462 762 merito
476 723 530 762 nos
544 703 667 765 inertiae
683 704 826 776 damnari,
842 723 995 784 quousque
1012 703 1048 762 ad
1057 702 1117 764 Dei
1129 725 1216 767 man·

69 777 153 836 datum
174 789 204 838 et
223 779 409 840 vocationem
431 779 553 864 quisque
571 778 657 841 vitam
675 803 755 841 suam
766 791 936 871 componat.
975 779 1064 840 Unde
1076 779 1221 860 sequitur,

67 855 212 934 satagendo
233 854 308 915 nihil
328 855 484 938 proficere,
505 857 554 935 qui
574 869 687 917 temere
708 857 763 918 hoc
774 855 823 917 vel
837 855 909 916 rllud
924 855 1002 916 vitae
1019 875 1113 949 genus
1127 856 1244 916 susci-‹-

67 929 149 1008 piunt,
169 951 224 991 nec
246 943 414 1010 exspectant
432 932 492 992 Dei
510 934 643 994 vocantis
663 946 775 1000 rantum.
814 932 971 993 Postremo
993 931 1110 993 elicitur
1129 933 1219 994 etiam

67 1003 209 1067 erChristi
228 1008 338 1080 verbis,
359 1027 410 1068 eos
432 1010 546 1068 demum
588 1009 775 1084 lacereDeo,
795 1010 845 1091 qui
866 1009 896 1068 in
916 1008 1039 1068 fratrum
1060 1008 1219 1070 utilitatem

67 1079 198 1142 laborant.
236 1084 400 1144 Denarinm
421 1085 487 1164 (qni
504 1031 593 1165 paullt
608 1085 672 1165 plus
684 1099 811 1166 quatuor
826 1083 948 1146 caroleis
983 1084 1074 1145 allicis
1086 1083 1219 1163 valebat)

66 1157 175 1230 diurnae
202 1181 312 1240 operae
338 1161 516 1221 ordinariam
543 1162 630 1221 fuisse
657 1163 824 1223 mercedem
845 1105 1002 1242 probabis
1023 1174 1075 1222 est.
1114 1161 1218 1222 Horae

65 1235 167 1309 tertiae,
185 1249 283 1296 sertae
304 1249 334 1296 et
353 1257 451 1297 nonae
471 1237 539 1297 ideo
556 1239 730 1298 nominatim
746 1239 779 1299 fit
795 1238 919 1310 mentio,
941 1239 1019 1317 qnia,
1040 1258 1128 1317 quum
1139 1237 1218 1317 apud

64 1320 165 1372 veteres
185 1313 321 1374 distribui
339 1315 451 1374 soleret
469 1314 531 1374 dies
550 1315 580 1373 in
603 1315 688 1376 boras
709 1314 876 1386 duodecim,
895 1314 932 1373 ab
954 1325 1023 1374 ortu
1041 1307 1111 1373 solis
1123 1333 1218 1392 usqne

64 1387 94 1444 ad
113 1407 256 1462 oceasum,
276 1401 339 1450 erat
358 1390 413 1450 alia
435 1388 493 1450 diei
512 1390 633 1471 partitio
654 1392 686 1450 in
706 1403 803 1452 ternas
817 1390 918 1450 horas:
938 1389 1023 1450 sicuti
1034 1409 1147 1449 rursum
1159 1409 1218 1448 no-

60 1471 128 1596 qqepa
143 1460 325 1600 ‘diqulebant
350 1467 382 1526 in
409 1479 537 1546 quatuor
560 1465 683 1550 vigilias.
722 1469 827 1548 Itaque
852 1466 926 1527 bora
949 1465 1105 1526 undecima
1127 1465 1218 1527 fiuent

87 1559 111 1602 ea
127 1561 150 1600 sa
172 1542 202 1602 ni
225 1553 281 1604 cat

123 1562 171 1688 8,g
194 1619 291 1710 Quum
314 1631 409 1692 orders
432 1631 551 1694 vespam
575 1633 626 1681 etc.
680 1619 772 1695 Quod
803 1617 888 1678 iubet
916 1616 1125 1696 paterfamilias
1157 1618 1216 1678 ini-

58 1689 123 1750 tium
143 1692 206 1756 fieri
224 1717 239 1755 a
257 1695 423 1778 postremis,
442 1697 562 1756 minime
574 1697 603 1755 in
616 1717 653 1756 eo
667 1696 867 1776 quaerendum
881 1707 924 1755 est
933 1695 1114 1774 mysterium,
1134 1693 1217 1775 quasi

58 1767 158 1844 primos
174 1771 257 1832 Deus
278 1784 414 1848 coronet,
434 1773 484 1852 qui
504 1773 609 1833 ordine
628 1773 772 1852 temporis
813 1771 932 1848 ostrcmi
952 1782 1029 1832 sunt
1061 1773 1137 1831 Nam
1158 1773 1216 1831 boc

58 1860 248 1908 commentum
274 1848 395 1908 minime
423 1861 656 1910 consentaneum
682 1860 759 1909 esset
803 1847 860 1909 auli
881 1847 1043 1908 doctrinae.
1084 1847 1146 1922 Qui
1166 1869 1216 1907 su-

57 1921 182 1996 perstites
203 1935 301 1999 erunt,
319 1923 426 2004 inquit,
444 1947 536 2005 usque
556 1926 593 1986 ad
615 1925 725 1986 Christi
744 1927 920 1996 adventum,
939 1943 1000 1983 non
1043 1925 1217 1988 raevenient

58 2015 113 2070 eos,
131 1999 181 2078 qui
200 2001 282 2081 prius
304 2000 561 2062 obdormierintin
575 2000 706 2074 Christo,
726 2003 777 2062 sed
787 2013 956 2086 sequentur.
997 1945 1215 2062 Ciristusvero

57 2071 193 2136 diversum
215 2077 349 2137 ordinem
368 2078 426 2138 boc
446 2080 515 2139 loco
536 2079 646 2154 statuit,
665 2079 733 2158 quia
753 2078 840 2138 aliter
860 2076 1023 2156 exprimere
1042 2097 1105 2136 non
1125 2089 1214 2158 pote-

55 2160 94 2208 rat
112 2154 208 2232 (quod
226 2153 346 2213 tandem
357 2154 501 2232 subiicit),
514 2155 642 2290 primos,
662 2155 732 2234 quia
750 2154 806 2214 sibi
822 2173 884 2214 non
903 2151 967 2231 plus
985 2152 1113 2242 daretur,
1133 2174 1214 2243 mur·
1301 2162 1308 2175 '

56 2243 186 2290 mutasse.
226 2229 311 2289 Adde
333 2230 431 2304 etiam,
452 2251 511 2309 qno
553 2231 609 2290 hoc
629 2251 761 2290 murmur
779 2246 909 2290 asserere
928 2227 1027 2288 noluit
1045 2226 1150 2287 ultimo
1166 2229 1215 2288 dre

53 2298 187 2378 futurum,
207 2305 259 2364 sed
278 2316 391 2364 motum
411 2325 520 2387 negare
538 2325 652 2365 eausam
668 2306 733 2365 fore
745 2303 954 2364 murmurandi.
985 2303 1214 2383 Prosopopoeia

55 2378 137 2452 enim,
158 2401 247 2458 quam
267 2379 391 2450 inducit,
410 2402 473 2441 non
492 2401 612 2461 parvam
632 2382 727 2441 lucem
748 2381 837 2441 allert
856 2377 923 2439 huic
944 2378 1112 2451 doctrinae,
1132 2380 1215 2458 quod

54 2450 106 2514 Dei
131 2454 293 2514 liberalitas
318 2455 405 2517 nullis
431 2456 582 2517 bominum
608 2455 736 2538 querelis
755 2458 792 2517 sit
812 2454 954 2529 obnoxia,
980 2455 1048 2513 dum
1073 2453 1215 2547 indignos

53 2543 167 2606 praeter
191 2532 328 2590 meritum
356 2533 458 2614 amplis
483 2533 619 2614 praemiis
646 2533 783 2592 honorat.
821 2532 940 2591 Frustra
968 2551 1042 2612 ergo
1061 2529 1215 2622 imaginati

51 2619 114 2666 sunt
133 2607 263 2688 quidam,
283 2608 409 2670 Iudaeos
428 2609 473 2669 bis
493 2609 589 2670 verbis
609 2609 780 2692 perstringi,
801 2608 851 2688 qui
863 2605 985 2688 maligni
1000 2604 1129 2665 etinvidr
1146 2606 1214 2666 lue-

27 2696 114 2764 ⁸runt
129 2705 162 2745 er
185 2706 201 2744 a
220 2683 350 2746 Gentes:
370 2707 438 2746 nam
458 2684 594 2746 liliisDei
614 2685 688 2746 tales
708 2685 738 2744 in
758 2685 895 2746 mercede
916 2680 1034 2762 aequari
1054 2680 1212 2742 absurdum

51 2756 133 2822 loret.
163 2705 211 2821 qn
232 2761 333 2822 fideles
352 2783 424 2822 vero
445 2783 508 2823 non
528 2763 671 2843 competit
690 2761 763 2823 bace
781 2761 849 2821 mali
893 2760 962 2834 itas,
989 2770 1020 2818 ut
1039 2757 1213 2848 obstrepant

50 2832 123 2896 Deo.
161 2837 256 2916 Atqui
274 2838 396 2918 simplex
414 2860 515 2900 sensus
535 2849 595 2914 est,
615 2839 741 2902 liberum
762 2857 824 2902 ean
843 2781 929 2909 lilo,
953 2856 1043 2915 quum
1062 2855 1213 2896 nemmem

51 2909 120 2974 iusta
140 2914 278 2976 mercede
299 2914 425 2990 fraudet,
445 2937 519 2996 quos
539 2936 606 2976 sero
626 2915 746 2976 vocavit
765 2913 901 2976 indebito
921 2913 1053 2992 praemio
1074 2932 1191 2972 ornare.

119 2999 167 3057 16.
205 2991 258 3051 Sr'o
286 2996 433 3052 morimini
459 3007 543 3052 munt
565 2996 668 3067 primi.
721 2993 792 3052 Non
825 2989 943 3068 conseqt
974 3009 1053 3048 nunc
1084 2988 1211 3048 Iudaeos

50 3061 204 3144 Gentibus,
223 3079 256 3128 ut
275 3067 359 3129 alibi:
379 3090 435 3130 nec
455 3068 611 3150 reprobos,
632 3069 707 3151 quia
720 3067 777 3129 fide
791 3067 942 3137 deficiunt,
962 3065 1063 3125 electis
1079 3065 1129 3144 qui
1140 3085 1211 3145 per·
1282 3066 1287 3076 '

48 3156 187 3204 severant.
227 3145 332 3224 ltaque
351 3145 472 3207 minime
493 3145 638 3226 quadrat,
658 3165 733 3226 quae
754 3165 771 3204 a
790 3141 964 3224 quibusdam
983 3141 1123 3202 inseritur
1141 3163 1211 3202 sen·
1296 3203 1300 3210 ,

47 3221 150 3295 tentia,
178 3221 263 3280 mtto·
291 3226 398 3298 owart,
429 3227 521 3300 ponci
548 3223 636 3284 electi.
691 3221 819 3285 Tantum
857 3217 952 3280 voluit
987 3214 1136 3292 Christus,
1174 3228 1209 3278 ut

47 3294 165 3377 quisque
185 3309 255 3358 ante
276 3297 348 3358 alios
367 3313 488 3362 vocatus
508 3309 568 3371 est,
592 3299 635 3358 ita
658 3297 783 3358 alacrius
808 3315 940 3356 currere:
971 3293 1078 3355 deinde
1106 3315 1210 3354 omnes

47 3369 154 3433 hortari
174 3375 212 3434 ad
232 3375 415 3451 modestiam,
435 3397 474 3436 ne
494 3397 525 3436 se
545 3375 594 3434 alii
614 3373 677 3435 aliis
697 3373 875 3455 praeierant,
893 3371 945 3432 aed
961 3383 995 3430 ut
1016 3371 1145 3431 libenter
1156 3370 1210 3430 ad-

46 3448 158 3510 mittant
185 3450 221 3512 ad
250 3471 436 3512 communem
455 3451 591 3532 palmam.
630 3451 693 3510 Visi
713 3451 831 3518 fuerant
849 3447 1003 3530 Apostoli,
1029 3447 1097 3527 quia
1115 3445 1208 3514 totius

44 3523 193 3588 Ecclesiae
221 3526 367 3608 primitiae
393 3539 492 3602 erant,
517 3527 573 3587 sibi
598 3527 709 3606 aliquid
735 3527 870 3586 eximium
897 3543 1025 3584 sumere:
1052 3543 1108 3582 nec
1134 3539 1207 3610 vero

46 3599 175 3664 Christus
202 3603 340 3686 negavit,
365 3604 436 3683 quin
455 3605 560 3666 sessuri
581 3615 678 3666 essent
697 3603 809 3664 iudices
829 3603 865 3663 ad
885 3600 1029 3692 regendas
1050 3597 1209 3686 duodecim

45 3677 134 3740 tribus
154 3681 257 3740 Israel.
298 3679 359 3740 Sed
379 3700 416 3740 ne
438 3701 495 3760 qua
515 3701 566 3742 eos
587 3679 710 3742 ambitio
730 3691 781 3739 aut
799 3699 873 3739 vana
893 3699 938 3738 sur
957 3673 1137 3735 confidentia
1162 3670 1207 3730 el-

44 3752 148 3832 serret,
174 3755 261 3818 simul
284 3756 427 3817 monendi
452 3758 590 3836 luerunt,
613 3757 700 3832 alios,
726 3756 776 3846 qui
795 3755 889 3846 longo
910 3763 1207 3841 posttemporevo-

45 3833 126 3892 candi
152 3845 267 3906 essent,
294 3832 423 3892 eiusdem
449 3833 562 3916 gloriae
589 3832 655 3895 lore
680 3854 793 3908 socios,
818 3851 885 3910 qura
911 3848 1022 3888 uenum
1048 3823 1208 3914 obstrietus

43 3917 84 3964 est
102 3909 201 3984 Deus,
230 3910 282 3970 sed
311 3930 503 3989 quoscunque
522 3911 613 3972 visum
633 3923 677 3974 est
696 3909 786 3994 gratis
804 3918 907 3982 vocat,
933 3914 964 3964 et
986 3911 1098 3965 vocatus
1118 3919 1206 3982 prae-

42 3982 128 4044 mium
149 3987 237 4066 quale
257 3985 349 4048 visum
370 3998 414 4048 est
432 3989 578 4068 rependit.

120 4251 227 4331 (163.)
274 4253 445 4318 ΜΑΤΤΗ.
478 4253 545 4320 XX.
593 4252 643 4319 17.
675 4252 717 4318 Et
751 4252 929 4318 ascendens
963 4248 1054 4312 lesus
1086 4243 1205 4309 Hiero·

38 4351 212 4439 solymam,
238 4361 405 4446 assumpsit
433 4355 607 4425 duodecim
635 4353 812 4442 discipulos
837 4373 982 4422 seorsum
1007 4351 1042 4416 in
1068 4350 1135 4426 via,
1172 4357 1205 4412 et

347 4562 353 4570 “
409 4561 416 4614 l
