2814 4846
234 213 238 222 ,
300 230 303 238 ¹
346 326 351 350 ι
412 239 492 316 (ibii-
530 235 580 297 De
598 233 704 300 ordine
723 237 937 319 convivarum.)
1157 255 1161 262 ’
1192 243 1253 308 m

85 390 234 470 quietem,
258 407 335 470 quae
358 387 391 448 in
410 383 453 448 Le
475 407 493 448 e
516 389 678 450 mandatur.
716 389 814 452 Porro
834 408 871 452 an
890 383 962 474 i'psis
980 387 1149 464 auctoribus
1212 409 1250 462 n-

84 467 162 528 suito
187 465 262 526 iiiuc
288 464 429 525 dedoctus
443 408 544 536 ¹inurit
564 466 756 550 hydropicus,
783 469 928 548 incertum
949 480 1002 532 est.
1042 466 1133 550 Certo
1152 411 1250 548 doque
1329 463 1334 478 '

84 544 211 604 fortuito
237 561 394 602 occurrere
415 543 513 632 potuit
531 543 567 603 ad
587 565 733 616 mensam,
758 565 813 606 nec
837 565 1032 626 prorumpere
1057 545 1085 624 in
1108 545 1250 626 privatam

84 621 225 690 domum,
249 617 304 678 nisi
329 637 471 708 permrssu
498 617 611 678 domini
630 639 664 679 ac
682 620 844 681 voluntate.
885 619 987 696 Quare
1011 618 1169 683 verisimile
1195 633 1249 694 est,

82 694 221 756 tentandi
233 694 344 758 Cbristr
365 715 449 753 causa
469 695 607 760 insidiose
626 695 687 756 iilic
708 695 795 758 fuisse
806 697 953 776 iocatum,
969 699 1054 789 quod
1070 709 1168 757 tamen
1186 717 1250 758 nou

83 773 180 831 minus
207 771 296 830 stulte
322 791 407 850 quam
431 771 567 850 improbe
593 770 629 830 ab
654 771 711 832 iliis
731 773 840 836 sactum
861 785 920 847 est,
946 795 1013 854 quta
1032 775 1090 834 iam
1110 777 1179 833 ante
1199 793 1248 832 er-

82 849 160 984 perti
180 847 312 938 fuerunt,
332 847 402 926 quid
423 845 554 908 Christus
575 848 673 908 facere
693 849 813 926 soleret,
833 851 948 940 quoties
968 850 1067 912 oblata
1089 859 1152 920 erat
1169 843 1248 919 suui-

94 948 117 985 ις
137 944 268 985 occasio.
548 983 550 988 ,
905 951 911 966 ’
1048 937 1051 946 “
1158 933 1180 946 “’
1213 935 1245 946 ’“

159 999 232 1059 Luc.
250 1007 279 1066 a
303 997 456 1079 Numquid
469 999 534 1059 iicet
545 998 675 1060 ¹dubituo
690 1001 814 1062 rmore?
845 1003 1029 1065 Huc·tendit
1045 1002 1192 1084 quaestio,
1210 1009 1248 1062 a'u

82 1076 212 1136 bominis
231 1077 346 1136 sanatio
366 1077 445 1138 inter
464 1097 483 1136 o
506 1097 566 1150 era,
586 1097 659 1156 quae
675 1077 836 1138 Sabbatum
856 1079 977 1153 violant,
998 1082 1110 1142 censeri
1132 1077 1248 1140 debeat.

83 1155 115 1213 Si
136 1153 293 1226 dixissent,
322 1152 445 1218 Sabbati
466 1097 702 1214 observationem
722 1155 782 1214 hoe
800 1157 891 1216 modo
911 1157 1032 1230 violari,
1057 1158 1088 1216 in
1129 1165 1249 1234 romptu

82 1241 147 1290 erat
167 1229 314 1309 exceptio,
335 1249 397 1290 esse
410 1229 538 1288 divinum
555 1249 638 1309 opus.
677 1230 768 1308 Atqui
788 1249 848 1291 non
869 1231 948 1292 aliud
967 1177 1248 1294 coutinetiexSab-

82 1306 159 1378 bati,
184 1306 242 1366 nisi
266 1317 299 1365 ut
322 1306 456 1367 homines
481 1327 496 1364 a
522 1305 580 1366 suis
609 1305 749 1384 operibus
770 1306 930 1386 quiescant.
969 1309 1061 1382 Quod
1081 1319 1176 1368 autem
1196 1317 1248 1368 eos

83 1381 219 1446 Christus
244 1382 324 1474 prius
349 1383 529 1463 interrogat,
556 1379 585 1440 id
612 1381 683 1440 facit
707 1383 936 1450 antevertendae
960 1385 1137 1444 offensionis
1154 1400 1247 1462 crusq.
1355 1409 1361 1416 ·

82 1459 142 1520 Per
161 1479 228 1518 eum
247 1473 340 1542 rgrtnr
359 1479 421 1518 non
441 1459 531 1532 stetit,
553 1458 709 1538 quominus
729 1478 780 1518 eos
797 1441 939 1539 ’piacaret
958 1461 1013 1521 nisi
1029 1461 1174 1520 obstinata
1185 1476 1248 1518 ma'-

82 1535 145 1595 litia
177 1535 303 1596 fuissent
326 1534 440 1626 imbuti..
489 1535 559 1594 Non
585 1535 665 1669 quod
691 1553 808 1624 semper
833 1536 886 1596 bac
901 1535 981 1627 'iege
1003 1556 1034 1608 se
1060 1534 1253 1617 obstrinxerit,

83 1619 166 1692 (nam
187 1629 235 1671 sae
260 1631 275 1670 e
296 1611 468 1691 posthabito
489 1610 595 1670 scande
609 1631 628 1670 o
646 1621 773 1693 peregit,
794 1612 874 1690 quod
886 1612 941 1672 srbr
954 1631 969 1671 a
981 1611 1248 1684 Patremandatum

83 1695 172 1763 erat),
190 1709 221 1748 se
264 1688 321 1747 hoc
341 1687 474 1766 exemptio
495 1687 603 1748 docere
623 1686 728 1761 uoluit,
747 1707 779 1746 se
799 1707 860 1748 nou
880 1700 993 1748 temere
1005 1685 1142 1749 Sabbatis
1157 1690 1247 1748 eder'e
1344 1724 1349 1737 ι

82 1765 247 1839 miracula,
259 1765 326 1844 qnia
345 1763 492 1823 rationem
513 1762 581 1822 iacti
600 1763 644 1824 sui
664 1775 782 1842 paratus
802 1775 879 1824 esset
898 1765 1032 1826 reddere.
1071 1765 1131 1845 Ipsi
1143 1769 1248 1836 anterii

82 1842 200 1902 cilentio
211 1861 265 1900 suo
275 1841 489 1912 demonstrant,
508 1859 539 1899 se
554 1843 652 1898 ansam
663 1839 1153 1924 reprehensionis'mugis‘captaret‘
1201 1861 1248 1902 am

83 1918 155 2000 legis
175 1917 273 1978 studio
294 1916 419 1976 moveri:
440 1916 508 1976 ideo
528 1936 634 1995 susque
654 1916 749 1995 deque
770 1913 859 1975 babet
874 1915 1018 1994 Christus,
1038 1861 1246 1996 quiddeiiicio

81 2015 134 2054 mo
154 1993 299 2065 iudicent,
319 1991 386 2073 quia
407 2003 497 2072 patet,
518 2011 569 2051 eos
589 2003 696 2071 sponte
715 1991 770 2051 sibi
790 1999 936 2056 arcessere
956 1995 1142 2066 scandalum,
1189 2019 1204 2064 :7
1232 2001 1235 2012 '

159 2077 188 2136 5.
230 2071 319 2144 Gauro
337 2083 460 2128 oestrum
485 2073 585 2128 asinus
603 2079 653 2128 etr.
701 2068 879 2149 Quanquam
905 2071 1020 2152 indigni
1045 2077 1246 2161 erantq'thtot'

81 2167 146 2208 rum
171 2145 306 2206 offensae
331 2144 442 2206 mederi
462 2143 598 2204 Christus
622 2143 769 2218 studeret,
794 2145 924 2206 ostendit
948 2159 1063 2220 tameo,
1087 2143 1159 2206 nibri
1178 2165 1246 2209 ase

80 2233 186 2286 contra
206 2220 330 2282 Sabbati
352 2220 589 2282 observationem
609 2220 698 2279 fuisse
719 2221 929 2300 commissum„
951 2223 1129 2300 Quanquam
1150 2222 1179 2280 id
1199 2221 1244 2290 ia,-

79 2299 122 2360 cit
141 2319 206 2359 uon
225 2309 285 2360 tam
306 2297 432 2358 docendi
452 2297 593 2370 consilio,
619 2315 705 2374 qtram
725 2306 759 2352 ut
775 2311 809 2356 se
829 2296 865 2356 ab
887 2317 989 2358 eorum
1010 2298 1160 2378 caiumniis
1179 2299 1245 2358 riu-

80 2376 174 2438 dicet:
194 2371 307 2436 sciebat
325 2374 419 2449 enim,
444 2371 593 2432 virulento
615 2371 685 2431 odio
705 2370 797 2449 magis
817 2390 880 2436 esse
901 2367 1088 2446 excoecatus,
1106 2383 1246 2452 quamut

79 2475 111 2514 se
134 2451 247 2514 rationi
273 2451 384 2512 dociles
409 2447 602 2530 praeberent,
630 2447 682 2506 sed
706 2447 802 2506 voluit
828 2447 865 2506 de
890 2468 992 2508 eorum
1010 2448 1121 2522 malitia
1138 2449 1243 2512 tritttn'-

78 2529 170 2609 phum
191 2542 296 2612 agere,
322 2529 389 2587 dum
414 2525 529 2605 pudore
554 2522 759 2586 obmutescere
784 2523 893 2602 coegit.
931 2525 1006 2585 Nam
1026 2525 1050 2586 ei
1068 2521 1162 2584 brutii
1181 2525 1244 2588 ani-

77 2605 205 2666 maiibns
230 2603 366 2665 auxilinm
386 2601 456 2662 iicet
475 2599 555 2660 serre
570 2600 623 2660 die
641 2598 783 2673 Sabbati,
807 2598 919 2672 bomini
944 2601 981 2660 ad
1008 2600 1165 2680 imaginem
1184 2601 1244 2662 net

78 2681 211 2744 formato
231 2701 294 2742 non
313 2678 485 2742 tantundem
505 2676 647 2758 praestiti
667 2673 768 2752 officit,
785 2672 874 2738 ubnis
893 2675 1047 2758 indignum
1068 2685 1133 2750 ων,-
1152 2685 1168 2716 ·”
1204 2685 1208 2694 ’
1234 2699 1238 2718 ·
1287 2709 1290 2720 ·

161 2911 268 2994 (120.)
288 2907 393 2981 Luc:
411 2911 497 2978 XIV.
540 2911 569 2979 t.
588 2904 730 2976 Dicebat
751 2893 856 2975 autom
879 2904 920 2992 ad
939 2907 1089 2998 inuitatus
1101 2906 1243 3000 'paraboss

77 3017 151 3095 iam,
173 3013 357 3096 intendens,
377 3004 682 3101 quomodopriutos
703 2995 873 3100 accubitui
892 3010 1064 3100 eligerent,
1077 3011 1243 3098 dioensad

77 3117 171 3184 iiioss
195 3119 243 3182 o.
270 3119 381 3204 Quum
401 3121 552 3183 inritatus
571 3117 673 3182 fueris
695 3113 868 3204 abaliquo
890 3115 932 3180 ad
954 3115 1165 3210 nuptiae„no
1192 3137 1243 3181 ao-

78 3217 213 3286 cumbas
233 3223 267 3286 iu
288 3221 398 3307 primo
414 3218 579 3309 occubitu,
605 3239 648 3284 ne
675 3218 760 3283 forte
786 3217 980 3284 honoratior
1003 3227 1036 3281 te
1063 3220 1104 3284 sit
1123 3215 1243 3314 'inuito

77 3333 131 3387 tuo
157 3320 297 3388 abillo:
338 3322 368 3387 9.
393 3321 436 3388 Et
462 3324 596 3391 veniens
622 3322 664 3404 is,
693 3323 749 3406 qui
770 3329 801 3384 te
824 3331 856 3386 et
876 3319 967 3398 illum
990 3319 1130 3398 vocavit,
1157 3319 1243 3399 dicat

77 3423 155 3503 tibi,
179 3425 232 3490 Du
254 3423 330 3488 buin
349 3422 473 3488 looums
500 3434 533 3489 et
550 3435 638 3492 tuno
662 3425 800 3510 incipies
826 3445 898 3488 cum
923 3421 1047 3490 rubore
1069 3433 1244 3490 extremum

75 3527 187 3593 locum
213 3539 335 3594 tenere.
383 3527 433 3592 to.
470 3507 561 3612 Quin
587 3529 696 3614 potius
722 3545 819 3618 quum
845 3535 979 3593 vocatus
1006 3527 1120 3614 fueris,
1149 3525 1243 3604 vado,

78 3630 233 3698 uocumbe
260 3633 295 3696 in
323 3631 498 3696 novissimo
523 3629 615 3696 ioco:
641 3639 677 3696 ut
703 3647 801 3719 quum
828 3633 969 3707 uenerit,
993 3630 1049 3716 qui
1075 3637 1108 3694 te
1128 3629 1243 3692 invita·
1369 3619 1374 3626 ’

76 3735 138 3812 vit,
165 3730 347 3808 dicat-tibi,
374 3733 501 3812 Amice,
528 3731 667 3798 ascendo
693 3735 855 3818 superius:
882 3733 1041 3818 tonuerit
1061 3720 1243 3816 tibi'qloria

78 3855 188 3901 corum
210 3832 306 3899 simui
327 3832 613 3901 discumbentibus.
651 3833 713 3900 ·11.
741 3835 830 3920 Quia
845 3833 1054 3921 'omoi‘s,'qui
1077 3851 1113 3895 se
1142 3825 1242 3894 extob

76 3935 130 4017 lit,
159 3936 345 4032 deiicieturs
375 3947 408 4001 et
436 3939 491 4023 qui
509 3959 547 4014 se
570 3937 696 4018 deiicit,
727 3935 907 4005 extolletur.
948 3935 999 4003 12.
1020 3930 1163 4000 Dicebat
1187 3951 1243 3998 su-

75 4051 141 4106 tem
172 4043 270 4105 etiam
296 4041 341 4118 ui,
368 4059 385 4103 u
414 4060 480 4125 quo
509 4037 616 4105 suerat
633 4043 799 4121 invitatus,
830 4040 939 4126 Quum
967 4040 1048 4105 facis
1072 4035 1241 4124 prandium

76 4153 131 4210 aut
153 4161 308 4221 coenum,
333 4161 377 4210 ne
397 4159 497 4208 voces
517 4141 636 4208 amicos
656 4154 744 4224 tuoe,
764 4165 872 4232 neque
893 4143 1007 4207 fratres
1026 4150 1115 4218 tuos,
1133 4157 1242 4226 nequo

76 4257 237 4332 cognatos
263 4254 353 4325 tuos,
379 4265 487 4334 neque
504 4247 630 4311 viciuos
652 4247 781 4327 diriter,
812 4265 854 4311 ne
876 4241 1007 4330 quando
1026 4243 1242 4330 ipsi-quoque

74 4351 218 4418 vicissim
243 4355 278 4413 te
302 4348 456 4426 invitent,
482 4367 521 4413 ao
539 4348 745 4437 rependatur
767 4347 829 4417 tibi
854 4341 1063 4418 beneficium.
1104 4347 1155 4416 ta.
1174 4345 1246 4412 lmo
