2764 4854
159 227 218 292 35⁸2
389 219 504 282 SECT.
525 219 605 280 xtx.
646 231 779 322 eumsrr
798 233 915 280 eassro
937 232 979 280 ar
1000 233 1100 282 uous.

160 375 300 466 agitatam
320 373 409 434 luisse
430 373 626 450 causam,¹sed
648 395 681 434 er
700 383 767 434 toto
787 383 926 434 contextu
938 373 1018 434 clare
1030 384 1156 455 apparet
1168 374 1228 436 hoe
1238 397 1324 456 prae-

159 473 277 532 cipuum
297 450 385 511 luisse
409 451 601 512 accusationis
626 461 723 531 eaput.
763 450 858 510 Sicuti
883 451 974 510 hodie
1000 471 1123 541 quoque
1148 451 1243 515 Satan
1270 453 1326 514 hor

140 566 146 577 .
170 539 313 588 tractemu
338 549 455 588 exosum
475 527 522 589 vel
547 540 713 610 suspectum
736 527 862 588 reddere
878 527 960 588 Euan
985 528 1072 587 elium
1090 527 1228 602 molitur,
1247 531 1326 608 qnasi

156 551 313 680 ljhristus,
336 625 463 687 regnum
487 627 568 666 suum
590 603 750 686 erigendo,
770 603 869 664 omnia
887 547 991 666 mundi
1010 605 1136 684 imperia
1157 604 1326 680 labefactet,

160 681 282 762 iuraque
301 702 405 762 regum
425 693 456 742 et
475 682 695 764 magistratuum
715 679 873 742 convellat.
912 681 1029 762 Regum
1047 701 1122 741 vero
1149 693 1211 741 tam
1239 702 1325 743 coeca

160 759 334 838 plerumque
353 757 490 838 superbia
511 770 565 833 est,
583 769 616 817 ut
627 756 777 819 Christum
797 757 861 817 sine
902 757 1035 818 otestatis
1054 777 1124 818 suae
1147 757 1262 818 iactura
1279 779 1324 819 re·

160 855 253 915 gnare
272 855 334 894 non
354 855 442 924 posse
454 835 627 895 existiment.
665 835 769 914 Itaque
811 777 951 894 lausibilis
972 846 1016 894 est
1034 853 1156 914 seraper
1174 836 1258 926 apud
1277 857 1327 895 eos

159 911 250 984 actio,
270 933 327 990 qua
346 911 437 970 semel
450 911 556 972 iniuste
567 921 703 992 gravatus
716 923 760 972 est
802 911 919 970 hristus:
940 911 1141 972 ideo-Pilatus
1163 911 1231 970 alais
1246 925 1326 992 post-

161 987 269 1048 habitis
295 987 326 1047 in
350 988 497 1049 'seditione
520 989 643 1048 maxime
668 987 790 1062 insistit,
815 985 932 1066 quiesi
957 986 1106 1050 Christum
1134 1009 1204 1048 com
1230 990 1329 1050 erisset

79 1105 81 1110 ·
161 1063 272 1143 aliquid
292 1064 322 1123 in
342 1075 418 1126 statu
439 1064 559 1146 publico
580 1061 722 1140 turbasse,
741 1063 852 1144 absque
872 1083 955 1124 mora
975 1085 1043 1124 eum
1062 1065 1175 1145 cupide
1216 1086 1326 1124 amnas-

159 1151 214 1200 set.
252 1141 339 1200 llaec,
354 1141 430 1202 ratio
452 1151 505 1216 est,
526 1163 578 1201 eur
598 1141 635 1200 de
659 1161 754 1222 regno
771 1161 837 1202 eum
857 1140 1031 1223 interroget.
1072 1141 1257 1222 Quanquam
1277 1161 1327 1201 au-

147 1227 221 1277 tem
241 1218 318 1298 apud
338 1229 396 1277 tres
416 1229 533 1278 nostros
545 1219 628 1278 Euan
652 1217 748 1278 elistas
766 1216 907 1298 ambigua
927 1229 971 1277 est
982 1217 1094 1278 Christi
1106 1218 1279 1298 responsio,
1292 1240 1326 1278 ex

160 1293 275 1354 Ioanne
298 1305 397 1354 tamen
422 1293 590 1378 colligitur,
664 1295 762 1353 ristum
783 1293 915 1376 ingenue
940 1286 1107 1356 eonfe‘ssum
1138 1315 1221 1370 esse,
1248 1297 1326 1374 quod

160 1367 313 1440 obiectum
332 1383 407 1431 erat:
432 1371 484 1431 sed
505 1372 615 1430 crimen
635 1369 721 1432 simul
740 1369 877 1445 diluisse,
897 1391 985 1449 quum
1005 1382 1150 1452 negaret,
1174 1383 1326 1432 terrenum

160 1467 191 1508 se
213 1467 274 1507 esse
295 1448 416 1528 Regem.
457 1447 536 1521 Quia
556 1467 628 1508 vero
648 1447 768 1507 minime
788 1446 831 1506 illi
852 1448 1036 1528 propositum
1058 1447 1127 1520 fuit,
1147 1447 1282 1508 sollicite
1297 1469 1326 1508 se

160 1543 298 1606 purgare,
318 1523 563 1603 quemadmodum
582 1525 627 1584 rei
646 1524 754 1600 solent,
773 1523 902 1600 medium
921 1543 1096 1604 responsum
1113 1525 1326 1608 Evangelistae

159 1612 290 1680 ponunt:
310 1601 369 1661 acsi
389 1600 539 1677 dicerent,
564 1620 661 1682 neque
689 1597 801 1662 inficias
820 1599 922 1675 ivisse,
950 1601 1020 1680 quin
1040 1600 1104 1660 Rex
1125 1614 1224 1676 esset,
1250 1599 1324 1661 obli-

160 1697 218 1812 que
237 1689 337 1738 tamen
357 1675 530 1759 calumniam
549 1689 676 1756 notasse,
696 1697 753 1758 qua
773 1688 892 1758 praeter
915 1678 1053 1758 meritum
1073 1677 1245 1760 gravabant
1263 1699 1325 1738 eum

183 1765 269 1815 ostes.
431 1768 435 1781 '
622 1799 623 1802 ι

236 1837 283 1896 12
321 1827 409 1890 Natu
428 1828 586 1908 respoudit.
627 1827 691 1891 Cur
716 1830 897 1892 obmutuisse
923 1831 1073 1893 Christum
1094 1833 1207 1893 ‘dicant
1229 1833 1324 1893 Eun-

159 1905 298 1990 gellstae,
322 1907 403 1966 cuius
422 1928 519 1988 nuper
537 1908 763 1987 responsionem
784 1929 940 1980 meorum
961 1929 1013 1968 ore
1044 1909 1231 1984 audivimus,
1256 1912 1324 1970 baec

159 1983 236 2044 ratio
257 1995 311 2056 est,
331 1984 412 2064 quod
430 2005 520 2063 quum
541 1993 640 2064 parata
661 1996 739 2044 esset
757 1984 903 2058 defensio,
921 1995 1028 2066 sponte
1049 1985 1240 2048 abstinuerit.
1262 1988 1323 2046 Nec

160 2071 242 2120 certe
262 2059 342 2141 prius
363 2061 399 2120 de
419 2081 515 2143 regno
534 2080 580 2120 res
604 2061 699 2136 ondit,
719 2062 799 2141 quod
821 2060 934 2122 absolvi
947 2074 1081 2142 cuperet,
1100 2063 1156 2124 sed
1169 2073 1276 2123 mutum
1289 2075 1320 2122 ut

160 2156 192 2197 se
213 2149 356 2197 assereret
380 2136 461 2196 illum
488 2156 549 2198 esse
598 2136 682 2198 edem
705 2150 801 2198 torem
827 2137 899 2198 olim
925 2139 1116 2219 promissum,
1144 2160 1318 2220 coramque

160 2213 338 2274 flectendum
358 2225 435 2276 esset
454 2234 542 2274 omne
561 2233 650 2296 genu.
684 2159 776 2275 lianc
794 2215 965 2318 patientiam
991 2215 1113 2276 miratus
1142 2229 1189 2278 est
1204 2215 1319 2285 Pilatus,

160 2292 242 2428 quod
262 2290 342 2351 ultro
361 2291 561 2351 innocentiam
581 2311 661 2350 suam
671 2292 797 2354 tacendo
811 2293 953 2372 proderet
965 2291 1112 2366 Christus,
1134 2313 1225 2374 quum
1240 2293 1322 2374 frigi-

182 2389 211 2428 as
233 2379 263 2427 et
282 2367 385 2429 inanes
406 2366 563 2428 calumnias
583 2365 721 2429 refellere
741 2380 912 2449 promptum
924 2380 1006 2430 esset.
1046 2369 1148 2430 Tanta
1161 2370 1320 2430 eratChri-

95 2491 106 2504 ,
160 2443 197 2505 sti
216 2443 380 2528 integritas,
399 2457 432 2504 ut
449 2444 513 2504 sine
533 2444 700 2524 patrocinio
720 2445 811 2506 iudici
830 2446 985 2506 manifesta
1001 2457 1087 2507 esset
1110 2449 1227 2506 Verum
1241 2459 1321 2527 opta-

161 2521 212 2581 bat
231 2521 358 2597 Pilatus,
387 2520 535 2582 Christum
555 2518 694 2582 sibinen
715 2523 831 2599 deesse,
858 2543 918 2602 quo
938 2522 1054 2584 minore
1073 2523 1190 2584 invidia
1215 2523 1322 2584 absolui

160 2609 262 2678 posset
299 2601 339 2660 Et
359 2599 498 2659 baet'enus
518 2597 637 2678 quidem
658 2598 811 2658 laudabilis
831 2611 876 2659 est
895 2597 983 2658 Pilati
1008 2600 1158 2680 aequitas,
1179 2601 1263 2692 qnod
1281 2603 1323 2660 in-

159 2675 317 2738 nocentiae
339 2675 450 2737 Christi
476 2675 577 2738 savem
604 2675 641 2735 ad
666 2676 728 2735 eius
753 2675 958 2736 defensionem
982 2673 1078 2756 ipsum
1105 2690 1229 2769 pungat.
1266 2677 1323 2738 Sed

160 2773 199 2811 ne
212 2752 323 2814 Christi
343 2749 491 2813 silentium
511 2753 650 2812 miremur
670 2752 752 2832 quasi
771 2750 939 2826 absurdum,
957 2753 1033 2812 sicut
1052 2753 1103 2812 ille
1118 2755 1206 2828 secet,
1227 2775 1281 2814 nos
1291 2755 1323 2814 ad

159 2829 220 2890 Dei
240 2829 395 2890 consilium
415 2829 568 2889 attendere
588 2840 724 2908 oportet,
745 2829 795 2908 qui
814 2828 923 2891 Filium
942 2851 1025 2889 suum
1045 2833 1154 2910 (quem
1175 2832 1324 2912 expiandis

159 2907 287 2984 peccatis
306 2906 414 2967 uostris
433 2904 580 2966 victimam
609 2905 829 2981 ordinaverat),
853 2905 982 2985 quamvis
1008 2906 1038 2965 in
1059 2927 1091 2968 se
1119 2929 1217 2988 purus
1242 2921 1324 2982 esset,

159 2993 237 3042 tame
279 2982 362 3062 qnasi
380 2981 411 3041 in
432 3000 559 3061 persona
578 2992 679 3042 nostra
699 2981 818 3042 noxium
839 2981 971 3042 damnari
990 2982 1094 3044 voluit.
1133 2982 1232 3045 Siluit
1254 3005 1323 3067 ergo

107 3123 111 3128 ,
159 3003 401 3133 tunchhristm,
426 3069 460 3118 ut
487 3079 566 3118 niune
591 3056 737 3119 sit-nobis
757 3072 915 3150 patronus,
941 3079 975 3120 ac
999 3081 1049 3120 sua
1070 3061 1322 3122 intercessionea

160 3145 243 3194 reatu
264 3156 318 3196 nos
338 3133 457 3196 liberet:
484 3135 580 3210 siluit,
599 3145 633 3194 ut
651 3135 774 3270 gloriare
793 3135 936 3216 possimus
956 3157 1011 3198 uos
1032 3136 1093 3197 eius
1114 3138 1215 3218 gratia
1235 3139 1323 3198 iustos

161 3229 234 3271 esse.
272 3213 371 3292 Atque
397 3211 454 3274 hoc
479 3211 570 3278 modo
595 3211 655 3292 imp
669 3223 748 3271 etum
774 3211 831 3272 suit
853 3213 969 3272 Iesaiae
991 3211 1163 3274 vaticinium
1187 3218 1254 3294 (53,
1274 3217 1324 3290 7.),

160 3287 242 3366 quod
260 3300 399 3368 tanquam
419 3288 482 3352 ouis
502 3288 539 3348 ad
559 3289 768 3349 mactationem
788 3288 891 3350 ductus
911 3289 957 3366 sit,
977 3300 1033 3350 ete.
1072 3290 1204 3350 Interim
1227 3303 1325 3351 umen

161 3363 268 3425 enituit
286 3364 336 3428 illa
356 3364 436 3425 bona
460 3363 626 3440 consessio,
651 3365 731 3426 cuius
755 3365 891 3426 meminit
914 3365 1022 3426 Paulus
1041 3367 1082 3444 (1.
1102 3365 1184 3426 Tim.
1204 3374 1235 3444 6,
1255 3371 1327 3444 12),

160 3461 224 3501 non
244 3442 415 3519 verborum,
433 3443 485 3504 sed
504 3441 605 3502 realis:
625 3461 688 3502 uon
708 3463 766 3521 qua
785 3441 842 3502 sibi
853 3441 989 3522 privatim
999 3442 1185 3520 consuleret,
1203 3445 1257 3505 sed
1269 3465 1326 3523 qua

157 3517 377 3580 absolutionem
397 3519 564 3600 acquireret
583 3519 640 3580 toti
661 3519 789 3580 humano
809 3517 923 3600 generi.

233 3596 305 3658 Luc.
323 3603 352 3661 4.
391 3597 448 3656 Aa
466 3611 560 3656 amon
577 3595 699 3657 Pilatus
740 3595 841 3670 Quum
867 3607 1036 3656 nostrornm
1063 3597 1219 3658 eriminum
1243 3615 1325 3676 poe-

157 3693 225 3733 nam
246 3672 361 3734 subiret
381 3672 530 3748 Christus,
550 3672 630 3752 prius
649 3671 753 3732 iudicis
772 3670 817 3732 sui
837 3693 891 3734 ore
911 3672 1024 3733 absolvi
1046 3675 1196 3754 oportuit,
1213 3683 1248 3732 ut
1267 3673 1326 3733 de-

81 3783 84 3804 .
156 3750 226 3810 inde
247 3761 397 3812 constaret
415 3749 513 3810 alieno
533 3749 626 3840 magis
645 3769 734 3828 quam
751 3769 806 3810 suo
823 3749 955 3810 'nemine
979 3747 1122 3810 damnari.
1162 3751 1325 3812 Caeterum

156 3827 225 3918 quia
245 3847 316 3908 prae
336 3826 463 3887 tumultu
481 3824 586 3905 populi
607 3846 673 3884 eum
693 3825 781 3906 plane
800 3823 954 3886 absolvere
974 3847 1039 3890 non
1057 3826 1187 3887 audebat
1202 3826 1327 3898 Pilatus,

155 3903 285 3965 libenter
301 3903 431 3964 oblatam
443 3902 498 3964 sibi
511 3901 700 3964 occasionem
711 3901 858 3983 amplexos
872 3905 927 3974 est,
942 3913 975 3962 ut
989 3922 1055 3962 eum
1067 3903 1200 3964 Herodis
1212 3903 1325 3964 iudicio

178 3980 350 4042 ermitteret
382 3982 456 4041 Erat
474 3991 572 4040 antem
593 3977 640 4038 bic
652 3977 788 4039 Herodes
808 3978 988 4071 cognomine
999 3979 1137 4070 Antipas,
1147 3981 1198 4040 cui
1217 3981 1324 4040 relicta

155 4001 252 4117 lherat
262 4057 415 4117 Galilaeae
435 4054 601 4129 tetrarchia,
622 4075 712 4135 quum
721 4055 831 4116 ludaea
844 4077 875 4115 tn
890 4066 1005 4136 partem
1018 4057 1123 4136 Syriae
1135 4057 1325 4136 prouinciae,

154 4133 288 4214 relegato
308 4136 455 4194 Viennam
474 4131 638 4206 Archelao,
657 4131 776 4194 redacta
796 4132 884 4192 soret
924 4133 987 4192 Etsi
1012 4145 1111 4192 autem
1136 4134 1227 4222 paulo
1257 4145 1324 4212 post

153 4207 266 4268 reseret
283 4210 393 4282 Lucas,
409 4211 472 4270 hoc
491 4229 614 4270 munere
634 4209 780 4288 placatum
800 4207 890 4269 fuisse
911 4208 1078 4284 Herodem,
1098 4229 1149 4289 qur
1171 4211 1256 4290 prins
1278 4212 1323 4268 in-

151 4285 252 4344 fensus
271 4285 367 4348 suerat
377 4287 487 4348 Pilato:
508 4286 556 4346 hie
576 4298 674 4346 manen
696 4306 758 4347 non
778 4297 839 4347 tam
853 4295 971 4384 captare
991 4285 1053 4348 eius
1067 4286 1194 4367 gratiam
1215 4286 1321 4358 voluit,
