2766 4834
354 285 421 362 (33
447 281 530 344 Iena
550 281 639 342 docet
657 299 715 362 per
733 279 943 370 Gallim.)
1146 293 1206 360 m

60 457 126 496 nm.
185 433 274 494 Alibi
312 445 416 494 umen
452 434 530 514 apud
559 433 741 496 Matthaeum
778 445 809 496 et
839 435 972 496 liternum
1005 433 1056 496 het
1085 441 1205 502 mutio

60 511 201 592 Iosephus
227 511 309 572 lihro
337 511 484 592 Antiquit.
510 516 557 576 te
583 511 669 583 dicit,
700 511 768 590 quia
791 510 847 572 sibi
867 522 1014 574 metueret
1031 512 1203 577 Herodesa

59 588 181 648 mnnltu
202 587 348 668 populari
369 599 400 647 et
418 587 506 648 rebus
527 588 626 662 novis,
654 587 799 650 Ioannem
824 585 861 648 ab
887 609 924 648 eo
949 587 1095 654 *inclusum
1116 590 1203 653 inisse

59 668 85 724 in
103 683 173 726 aree
197 663 423 737 blacherontis,
444 664 511 744 quia
530 677 665 744 suspecta
692 677 756 726 erat
774 664 1017 728 viri'auctoritas.
1056 667 1202 732 Herodic-

60 743 117 802 dem
136 763 216 802 vcro
237 761 304 802 non
324 740 465 819 Philippo
486 745 590 820 (quem
610 739 743 801 Salornes
762 743 898 802 maritum
919 741 1020 819 lacit),
1047 745 1099 817 sed
1119 743 1203 806 alteri

60 819 168 878 lterodi
191 819 288 878 tradit
309 817 400 876 luisse
420 828 551 897 nuptam.
591 817 749 881 Caeterum
771 819 838 899 quia
859 819 963 879 bacin
985 832 1069 897 parte
1089 841 1203 882 merno-
1220 865 1233 880 .

60 897 96 954 ria
118 893 223 974 lapsus
249 893 503 974 deprehenditur,
536 906 567 954 et
589 894 721 974 Philippi
749 916 868 976 quoque
898 906 1030 956 mortens
1056 917 1118 957 non
1148 919 1201 960 suo

60 973 120 1032 loeo
140 971 257 1045 refert,
290 970 405 1030 certior
414 969 566 1031 ‚historiae
589 971 696 1030 veritas
720 992 754 1031 ex
780 971 975 1054 Evangelistis
1000 975 1128 1052 petenda
1148 987 1203 1050 est,

58 1049 253 1126 modumque
276 1067 381 1108 eorum
401 1047 581 1108 testimonio.
621 1048 689 1107 lloc
713 1049 831 1128 quidem
856 1049 924 1110 satis
950 1062 1092 1123 constat„
1113 1071 1202 1129 quum

59 1125 142 1184 iliam
163 1126 281 1184 Aretae
302 1123 524 1215 regisArabum
544 1122 667 1184 haberet
686 1123 717 1182 in
737 1125 925 1184 matrimonio
942 1123 1091 1200 Herodes,
1107 1127 1202 1189 forma

57 1201 237 1261 llerodiadis
258 1212 359 1280 neptas
379 1197 510 1260 illectum
531 1220 595 1258 eam
616 1199 718 1260 fraude
733 1201 872 1281 rapuisse.
909 1201 1013 1262 Potuit
1030 1205 1202 1266 autemim-

57 1298 131 1356 pone
152 1279 236 1338 banc
257 1277 397 1336 iniuriam
418 1275 529 1336 inferre
549 1275 633 1336 fratri
645 1276 723 1336 Phili
747 1297 797 1357 po,
818 1297 906 1355 quem
925 1280 1068 1338 mansueti
1088 1293 1118 1340 et
1137 1282 1201 1361 pla-

57 1355 110 1413 cidi
130 1355 227 1414 luisse
247 1354 364 1436 ingenii
386 1353 536 1414 hominem
556 1363 681 1412 testatur
698 1298 778 1412 idion
798 1352 950 1432 Iosephus.
976 1352 1073 1414 Porro
1094 1357 1125 1416 io
1147 1358 1201 1420 hac

57 1431 178 1490 historia
199 1430 283 1491 clare
304 1429 469 1504 cernimus,
493 1427 581 1508 quale
601 1429 675 1488 fidos
696 1440 726 1488 et
746 1430 883 1488 cordatos
904 1428 1033 1488 veritatis
1053 1431 1200 1494 ministres

59 1507 221 1586 praemium
243 1509 273 1566 in
294 1506 409 1566 mundo
431 1517 565 1580 mancat,
593 1505 769 1585 praesertim
787 1504 838 1563 ubi
858 1505 928 1567 vitia
949 1517 1127 1597 coarguunt:
1153 1510 1200 1568 vix

60 1584 133 1643 enim
154 1584 341 1644 centesimus
363 1585 488 1661 quisque
509 1581 726 1643 correctionem
746 1581 887 1642 admittit:
920 1602 993 1673 ergo
1014 1605 1038 1642 sr
1058 1597 1202 1664 urgentur

58 1661 202 1736 seuerius,
239 1661 269 1719 in
291 1660 424 1720 furorem
445 1657 599 1718 ebulliunt.
642 1659 726 1718 llaec
751 1658 888 1750 superbia
913 1660 938 1720 si
964 1680 995 1718 ro
1021 1659 1201 1738 quibuslibet

54 1737 182 1816 plebeiis
203 1737 355 1808 cernitur,
385 1734 459 1794 nihil
479 1735 602 1808 mirum,
635 1735 660 1794 si
680 1747 796 1815 tyranni
823 1735 913 1818 longe
934 1736 1062 1798 atrocius
1081 1736 1112 1795 in
1130 1755 1201 1800 suus

58 1815 290 1894 reprehensores
307 1811 452 1885 saeviunt,
472 1811 577 1890 quihus
597 1810 671 1870 nihil
691 1822 735 1871 cst
755 1811 887 1872 acerbius
908 1833 994 1892 quarn
1014 1813 1045 1872 in
1065 1813 1201 1876 ordinem

60 1891 133 1972 cogi.
174 1891 304 1950 Rursum
331 1889 363 1949 io
385 1889 498 1948 Ioanne
522 1887 639 1977 insigne
663 1887 792 1969 refulget
817 1891 999 1952 constantiae
1025 1890 1199 1970 memphim,

61 1989 112 2046 qua
139 1967 294 2048 praeditos
319 1985 384 2025 esse
411 1976 551 2025 convenit
570 1985 672 2024 omnes
692 1965 758 2044 pios
778 1966 930 2041 doctores,
959 1987 996 2026 ne
1022 1987 1145 2048 magnes
1170 1979 1200 2030 et

62 2056 217 2122 potentes,
251 2041 370 2122 quoties
391 2040 430 2100 ita
451 2039 606 2100 necessitas
626 2039 742 2116 tulerit,
762 2063 925 2122 provocare
945 2042 975 2102 in
995 2066 1027 2105 se
1048 2044 1199 2104 dubitent:

59 2141 156 2199 neque
175 2119 258 2180 enim
277 2120 394 2180 sincere
414 2118 481 2176 Deo
502 2117 606 2192 servit,
629 2137 648 2182 ,a
673 2119 710 2177 ud
752 2139 818 2180 uem
838 2119 917 2178 valet
936 2118 1073 2199 ac'ceptio
1092 2141 1196 2199 perso-

61 2217 122 2255 nae.
162 2196 262 2256 Porro
284 2217 375 2275 quum
396 2193 468 2263 dicit
485 2138 716 2266 Lucas,'malum
732 2139 794 2256 boc
813 2194 933 2274 reliquis
953 2195 1089 2256 omnihus
1110 2196 1200 2256 subse

61 2273 293 2352 superadditum,
313 2271 543 2352 significattunc
559 2271 742 2349 desperatam
762 2292 825 2332 esse
845 2271 994 2344 malitiam,
1013 2283 1045 2332 et
1064 2272 1100 2331 ad
1120 2294 1198 2332 sum-

61 2371 139 2408 mum
157 2349 309 2410 cumulum
329 2347 454 2421 venbse,
474 2367 564 2438 quum
583 2347 1035 2425 remediis-irasciturpeccator:
1055 2369 1111 2409 nec
1130 2361 1198 2408 tan-

62 2437 120 2484 tum
141 2427 363 2486 correctionem
383 2424 529 2503 repudrat,
548 2422 601 2482 sed
621 2423 657 2484 de
677 2423 827 2483 monitore
848 2443 968 2501 quoque
987 2444 1042 2484 saro
1061 2423 1198 2484 hostilem

63 2503 219 2562 uindictam
239 2502 337 2562 sumit.
1105 2559 1120 2568 ,.

135 2580 243 2639 biseth.
262 2585 310 2645 12.
353 2575 449 2661 Quaen
467 2572 594 2636 mediaret
610 2572 704 2634 Iesus.
745 2572 822 2634 Cum
842 2571 886 2630 his
908 2592 971 2632 non
989 2573 1106 2634 videam
1125 2595 1199 2634 oon·

64 2677 167 2738 gruere
188 2655 312 2716 Ioannis
332 2653 475 2726 narratio,
521 2650 552 2710 ui
570 2661 705 2723 testatur,
724 2650 829 2710 eodem
849 2647 934 2708 simul
954 2649 1200 2727 tempore-Iuno.

64 2755 128 2794 nem
149 2743 181 2794 et
202 2731 354 2794 Christum
375 2728 483 2800 obiisse
500 2673 630 2788 docendi
650 2747 764 2790 munus.
803 2724 864 2786 Sed
884 2724 1046 2786 notandum
1066 2735 1121 2798 est,
1139 2737 1200 2788 tres

65 2821 179 2870 nostros
204 2806 410 2888 Evangelistas
439 2804 528 2866 breve
554 2803 627 2864 illud
657 2799 798 2938 temporis
831 2800 956 2880 spatium
986 2799 1055 2862 ideo
1080 2801 1198 2864 silentio

64 2887 242 2966 transigere,
271 2883 339 2962 quia
361 2881 494 2942 nondum
514 2881 612 2941 linitas
633 2891 696 2941 erat
731 2879 836 2938 oannis
856 2899 971 2951 cursus,
1001 2877 1058 2940 boc
1077 2891 1136 2953 est,
1161 2879 1198 2940 ad

66 2963 264 3042 recipiendum
286 2958 400 3020 Christi
424 2956 617 3038 Evangelium
644 2956 839 3037 praeparatio.
875 2956 918 3016 Et
942 2965 1038 3030 certe,
1068 2947 1197 3035 quamvis

67 3038 138 3098 intra
158 3038 232 3098 illud
250 3049 370 3116 tempus
391 3035 520 3096 doctoris·
541 3033 642 3094 officio
660 3033 794 3095 Christus
814 3032 931 3092 functus
950 3031 998 3107 sit,
1016 3052 1079 3092 non
1098 3044 1199 3093 tamen

69 3117 183 3206 proprie
204 3134 323 3174 exorsus
350 3123 394 3172 est
416 3111 572 3192 Evangelii
591 3109 856 3191 praedicationem,
883 3108 979 3168 donec
999 3107 1106 3170 loanni
1129 3131 1197 3170 suc-

70 3203 157 3251 cessit.
197 3191 301 3266 Quare
332 3207 395 3248 non
426 3187 552 3248 absurde
575 3199 635 3248 tres
658 3184 865 3268 Evangelistae
889 3184 1010 3244 Ioannis
1034 3178 1197 3246 ministerio

70 3277 178 3348 tempus
196 3267 270 3327 illud
291 3263 461 3326 concedunt
481 3275 511 3322 ct
524 3263 690 3345 assignant,
704 3279 771 3396 pun
792 3259 949 3340 discipulos
971 3259 1091 3324 Christo
1110 3283 1197 3342 para-

70 3344 121 3419 rit,
149 3345 207 3404 acsi
227 3343 379 3413 dicerent,
409 3341 532 3400 cedente
553 3359 658 3400 aurora
678 3358 770 3398 soem
796 3359 859 3398 esse
879 3347 1021 3398 exortum.
1059 3338 1199 3398 Notanda
1242 3365 1246 3372 ²

73 3431 110 3479 est
133 3433 229 3480 autern
251 3417 389 3498 loquutio
417 3437 490 3495 quae
517 3415 643 3474 hahetur
667 3415 745 3494 apud
763 3413 889 3488 Lucam,
920 3414 1017 3477 Iesum
1035 3415 1068 3472 in
1085 3415 1197 3491 metm,
1300 3432 1306 3448 *

71 3509 116 3556 ant
132 3517 186 3578 per
204 3497 346 3558 virtutem
366 3491 494 3568 Spiritus
513 3492 544 3550 in
558 3490 721 3551 Galilaearn
740 3489 868 3552 venisse:
888 3489 986 3571 magni
1007 3489 1085 3550 enirn
1104 3491 1197 3550 inter-

72 3585 126 3646 est,
156 3594 193 3632 ne
215 3571 287 3664 quid
307 3582 447 3660 terrestre
466 3569 689 3660 vel-humanum
706 3567 744 3646 in
766 3565 886 3658 Christo
905 3565 1114 3648 imaginemur,
1145 3567 1198 3626 sed

71 3650 197 3710 coelestis
217 3671 248 3708 ιη
270 3668 309 3708 eo
330 3659 362 3706 et
381 3647 476 3708 divana
496 3657 586 3706 virtus
606 3663 722 3724 semper
745 3643 833 3704 nobas
857 3653 1008 3720 occurrat,
1038 3660 1197 3720 sensusque

71 3739 179 3788 nostros
200 3736 338 3805 occupet.

138 3805 298 3868 hlarc.1t.
337 3796 516 3859 Praedicare
538 3797 730 3874 &maliem
751 3797 836 3874 angat
858 3795 925 3856 Dat
963 3793 1091 3853 Videtur
1120 3785 1206 3852 non)
1238 3753 1241 3765 .

71 3878 137 3938 nihil
153 3881 264 3940 babere
276 3877 442 3938 Matthaeus
454 3875 597 3934 diversum
618 3895 634 3934 a
655 3873 773 3953 reliquis
792 3871 922 3934 duobus:
943 3881 1098 3952 postquam
1119 3867 1199 3956 eninr

73 3951 214 4016 Christum
245 3955 349 4015 relicta
376 3953 472 4044 patria
497 3951 643 4042 Nazareth
674 3951 705 4042 ip
732 3949 918 4042 Capcrnaum
949 3945 1086 4027 rraigrasse
1118 3943 1199 4019 dixit,

73 4041 134 4092 tone
154 4033 274 4094 demum
295 4041 398 4090 atterit
417 4029 568 4088 exordium
588 4027 803 4106 praedicatonrs
823 4045 893 4084 erus.
932 4023 1025 4081 Lucas
1051 4030 1147 4080 autern
1168 4033 1199 4080 et

71 4106 177 4170 Marcus
198 4131 269 4170 eum
288 4108 320 4166 in
347 4106 439 4187 patria
465 4104 583 4240 publice
614 4104 748 4166 docuisse
777 4104 919 4163 referunt.
964 4097 1076 4156 Verum
1104 4096 1199 4158 facilia
1238 4140 1240 4151 .

73 4197 110 4242 est
127 4186 252 4248 solutio:
287 4205 355 4244 nam
375 4183 464 4241 adver
487 4182 545 4240 ium
564 4181 707 4260 temporis
727 4181 805 4262 apud
825 4175 1005 4236 Matthaeum
1026 4194 1087 4234 non
1108 4175 1199 4235 modo

72 4263 103 4320 ad
121 4264 287 4353 proximum
308 4258 485 4331 membrum,
511 4257 562 4316 sed
582 4256 618 4345 ad
637 4266 732 4316 toturn
753 4250 1131 4342 narrationis'complernm
1151 4271 1200 4340 re-

73 4337 135 4399 ferra
156 4339 257 4400 debet.
298 4336 361 4396 Suo
381 4335 389 4394 i
414 4337 472 4394 'tur
491 4333 521 4392 in
542 4330 705 4392 Gablaeam
726 4334 853 4392 adventu
871 4329 994 4388 stadium
1014 4347 1096 4385 suum
1111 4325 1201 4386 Chn-

74 4425 125 4475 stus
143 4417 295 4498 ingressus
315 4425 368 4474 est.
432 4431 503 4474 οπο
522 4429 633 4471 summa
652 4409 816 4484 doctrinae,
835 4405 927 4546 qualig
945 4405 1071 4522 proditur
1090 4422 1107 4462 a
1123 4403 1200 4460 utat-

1335 4415 1347 4450 ἱ
