2778 4838
155 207 214 272 m
444 195 560 262 SECT.
579 196 651 258 XV..
683 211 776 260 tnsus
795 211 839 258 ar
858 213 1039 262 nuruum

158 365 254 430 erant,
273 353 481 428 credibileeat,
499 353 689 433 hocquqque
702 362 872 413 commento
892 353 1037 414 imbutum
1056 351 1147 419 fnisse
1166 354 1327 437 populum.

157 435 194 494 ln
213 431 297 493 Eliae
315 451 444 512 persona
465 451 550 510 qnam
570 450 664 490 crasse
685 429 857 504 erraverint,
882 427 926 490 bis
947 442 997 490 aut
1015 441 1064 492 ter
1083 443 1240 494 ostensum
1261 433 1326 494 luit.

157 509 302 570 Fortassis
333 507 419 568 etiam
447 507 577 588 maligne
605 517 637 566 et
660 516 754 566 astute
774 504 857 565 Eliae
884 506 1010 570 obtentu
1032 505 1153 570 Christo
1175 510 1252 571 dero
1277 533 1327 574 are

158 585 258 648 conati
277 595 359 648 sunt:
377 603 446 644 nam
466 605 556 664 quum
568 581 732 662 promissus
752 594 827 642 esset
837 581 916 644 Elias
926 595 1066 674 tanquam
1079 585 1237 665 apparitor
1280 609 1327 648 es-

48 692 53 702 =
157 663 234 738 siae,
253 661 305 752 qui
323 661 398 722 viam
419 659 460 720 illi
480 671 615 740 pararet,
638 659 695 718 hoc
715 659 896 739 praeiudicio
918 659 1069 721 Christum
1087 683 1214 746 gravare
1237 664 1326 726 facile

158 739 217 798 illis
237 737 310 812 sust,
339 737 419 816 quod
438 726 501 798 sine
519 735 587 796 Elia
611 735 760 814 prodiret:
790 735 876 806 sicuti
897 737 1003 797 eodem
1023 737 1086 798 fere
1107 750 1171 799 astu
1191 739 1325 821 Papistas

159 813 295 876 diabolus
307 813 397 873 bodie
409 812 542 887 fascinat,
561 833 599 872 ne
616 811 694 872 diem
705 811 810 872 Iudicii
823 824 1003 892 exspectent,
1023 813 1120 876 donec
1132 819 1326 897 apparuerint

158 891 238 950 Elias
259 902 289 950 et
309 889 446 952 chocb.
495 888 654 950 Coniicere
681 901 761 948 certe
787 888 857 956 licet
881 890 940 950 lroc
966 889 1034 950 data
1061 911 1152 971 opera
1175 915 1209 954 ca
1235 905 1325 954 tatum

75 1019 77 1028 ,
158 967 247 1026 fuiise
268 987 284 1026 a
303 965 416 1042 scribis,
435 977 469 1026 ut
479 965 599 1029 Christo
620 965 709 1026 fidem
729 965 930 1042 deueherent,
949 967 1032 1046 quasi
1050 967 1188 1052 legitimo
1236 972 1326 1033 esaiae

157 1042 213 1104 insi
259 1042 412 1103 'careret
475 1055 478 1066 ’
553 1099 555 1112 ,

215 1063 281 1254 gip.
319 1117 407 1178 Elias
424 1115 538 1199 quidem
554 1120 653 1177 untia.
691 1115 824 1180 Diximus
844 1117 931 1196 alibi,
953 1119 1033 1182 unde
1058 1133 1143 1182 natus
1164 1121 1257 1182 fuerit
1278 1145 1325 1182 er-

158 1215 210 1256 ror
228 1193 279 1254 ile
299 1195 377 1255 inter
394 1195 531 1255 Iudaeos.
560 1194 640 1270 Quia
659 1193 691 1254 in
712 1195 844 1276 collapso
863 1195 1015 1257 Ecclesiae
1035 1208 1112 1259 statu
1132 1199 1323 1266 instaurando

157 1271 259 1333 similis
279 1270 363 1332 Elias
374 1272 497 1332 ‘futurus
518 1282 582 1332 erat
599 1270 728 1332 Ioannes
747 1272 895 1354 Baptista,
924 1293 1035 1336 nomen
1056 1295 1177 1354 quoque
1196 1276 1232 1335 ad
1253 1295 1324 1337 euru

156 1348 347 1410 transtulerat
366 1347 540 1408 Malachiae:
572 1347 602 1408 id
627 1359 739 1409 temere
764 1359 913 1428 arreptum
939 1349 1037 1410 fuerat
1055 1373 1071 1412 a
1091 1350 1211 1426 scribis,
1240 1353 1325 1434 quasi

158 1427 237 1486 idem
262 1424 313 1486 ille
332 1425 413 1486 Elias
432 1423 590 1485 Thesbites
619 1423 765 1485 rediturus
791 1425 897 1485 iterum
923 1439 1000 1488 esset
1018 1427 1049 1486 in
1069 1429 1222 1488 mundum.
1263 1430 1324 1488 lam

157 1513 283 1562 testatur
302 1499 447 1574 Christus,
467 1500 539 1560 nihil
552 1499 658 1560 frustra
675 1501 855 1592 praedictum
871 1502 1042 1564 alllalacbia
1063 1503 1163 1576 luisse,
1181 1507 1236 1566 sed
1251 1506 1326 1565 male

93 1593 96 1602 ¹
159 1579 218 1640 alio
239 1579 388 1640 detortum
408 1577 496 1638 luisse
517 1577 578 1638 eius
596 1578 780 1642 vaticinium:
801 1579 859 1640 acsi
872 1579 999 1654 dixisset,
1017 1582 1097 1640 Vera
1118 1582 1177 1641 suit
1193 1584 1325 1673 promis-

98 1677 111 1686 *
159 1657 204 1716 sio
226 1656 263 1716 de
282 1667 409 1716 venturo
420 1654 496 1729 Elia,
517 1674 591 1732 quae
612 1653 698 1714 etiam
710 1654 831 1734 impleta
842 1654 907 1731 fuit,
926 1657 979 1716 sed
998 1657 1054 1716 ianr
1075 1679 1091 1716 a
1111 1657 1216 1719 scribis
1236 1680 1325 1738 repu-

159 1733 253 1792 diatus
273 1731 329 1791 suit
347 1730 438 1806 Elias,
459 1731 540 1791 cuius
559 1729 647 1789 inane
667 1739 777 1790 nomen
797 1731 872 1793 falso
884 1733 955 1793 mihi
969 1746 1135 1813 opponunt.
1162 1729 1325 1795 Restilutio

159 1820 256 1869 autern
268 1807 417 1887 Baptistae
436 1807 586 1881 tribuitur,
605 1807 822 1940 nonperlecta,
841 1809 892 1870 sed
926 1811 973 1870 uia
985 1811 1124 1888 continua
1144 1813 1223 1872 serie
1236 1813 1325 1874 Chri-

159 1897 207 1946 sto
229 1885 265 1944 dc
285 1905 373 1942 rnanu
399 1883 429 1941 in
455 1905 573 1943 manum
598 1880 807 1944 absovendam
828 1831 962 1961 tradidit,
1002 1907 1087 1966 quam
1111 1908 1232 1954 exomus
1253 1901 1324 1948 crat
1376 1893 1377 1902 ’

160 1960 241 2034 Quin
261 1971 357 2019 autem
377 1957 489 2034 scribae
510 1960 655 2021 Ioannem
673 1958 795 2052 indigne
819 1963 1000 2037 reiecerunt,
1029 1965 1171 2024 admonet
1190 1965 1325 2026 Christus

160 2035 329 2116 discipulos,
348 2056 410 2095 non
431 2057 493 2124 qsse
513 2057 615 2096 curse
635 2036 798 2126 impediant
813 2059 917 2099 eorum
928 2039 1062 2099 fallaciis:
1084 2041 1194 2102 deiude
1215 2062 1326 2102 nortun

143 2113 251 2174 'videri
263 2132 326 2172 non
338 2113 459 2191 debere,
478 2113 502 2173 si
513 2112 613 2173 eadem
634 2111 758 2174 libidine
777 2115 949 2196 magistrum
969 2117 1076 2176 deinde
1096 2118 1247 2192 reiiciant,
1267 2137 1324 2198 qua

157 2190 237 2271 prius
256 2189 428 2254 ministrum.
466 2193 511 2250 Ac
532 2211 570 2249 ne
590 2189 655 2268 quis
674 2190 718 2249 rei
737 2191 869 2252 novitate
894 2191 1046 2266 turbetur,
1076 2206 1237 2274 utrumque
1257 2195 1323 2256 Do-

157 2267 253 2327 minus
273 2265 329 2324 scri
352 2267 423 2326 turis
443 2265 531 2328 luisse
542 2266 693 2346 proditum
706 2277 926 2344 commemorat,
946 2266 1155 2350 nempe'quod
1177 2271 1324 2350 repulsam

158 2365 293 2425 passurus
332 2355 398 2403 oret
422 2345 501 2424 apud
526 2342 614 2404 salsos
640 2354 671 2402 et
695 2343 802 2424 impios
823 2344 961 2408 doctores
985 2359 1045 2407 tarn
1069 2348 1173 2408 mundi
1194 2349 1323 2410 Redem-
1376 2339 1377 2356 ¹

157 2432 237 2502 ptor,
258 2440 344 2500 quam
362 2419 443 2482 Elias
462 2420 525 2482 eius
544 2440 662 2500 praeco.
1085 2465 1091 2471 -

200 2743 202 2747 ,
243 2703 350 2788 (145.)
395 2701 566 2774 ΜΑΤΤΗ.
593 2707 695 2772 XVll.
744 2705 794 2771 11
828 2703 871 2770 Et
897 2727 995 2792 quum
1019 2706 1163 2774 venisset
1191 2707 1234 2774 ad
1261 2720 1325 2774 tur·
1376 2791 1377 2794 Ἴ

107 2821 110 2828 “
157 2810 248 2895 bam,
291 2811 425 2872 accessit
445 2808 487 2873 ad
510 2831 582 2876 euru
605 2792 855 2895 homoquidam
882 2807 1017 2874 llectens
1039 2829 1144 2894 genua
1167 2811 1233 2890 illi,
1276 2814 1323 2878 lit
1376 2801 1377 2806 ἵ

157 2915 361 2996 Dicensque,
384 2909 541 2991 Domine,
561 2915 714 2977 miserere
734 2911 796 2976 filii
816 2912 888 2988 mei,
910 2911 1062 2995 quoniam
1082 2909 1246 2979 lunaticus
1269 2925 1325 2992 est,

95 3089 107 3110 .
158 3027 191 3083 et
217 3017 333 3080 misere
357 3021 543 3099 torquetnrr
584 3034 658 3078 nant
685 3035 783 3100 saepe
811 3015 898 3080 cadit
928 3015 1089 3099 inignem
1112 3025 1268 3103 etsaepe
1290 3019 1324 3081 in
1376 3009 1377 3038 ¹

157 3105 281 3204 amram.
343 3115 393 3181 16,
436 3116 479 3180 Et
503 3114 608 3182 obtuli
637 3137 709 3182 eum
738 3116 905 3205 discipulis
929 3120 1012 3194 tuis,
1053 3139 1116 3183 nec
1142 3130 1324 3206 potuerunt

157 3241 231 3286 eum
252 3237 376 3284 sanare.
418 3220 467 3285 17.
498 3221 716 3306 Respondens
738 3223 844 3288 autern
865 3222 955 3284 lesus
977 3219 1069 3299 dixit,
1102 3219 1135 3314 Q
1164 3227 1255 3290 natio
1277 3225 1324 3288 in·

157 3319 291 3387 credula
313 3331 345 3387 et
365 3321 515 3403 distorta,
556 3347 727 3412 quousque
753 3325 884 3391 tandem
907 3345 965 3390 cro
986 3321 1175 3393 vobiscum?
1220 3349 1323 3414 usque

157 3445 223 3511 quo
243 3427 349 3518 patiar
368 3431 447 3494 vos?
487 3427 637 3496 adducite
659 3431 721 3494 buc
741 3428 832 3494 illurn
854 3429 940 3493 mihi.
1002 3429 1051 3494 18.
1080 3428 1123 3494 Et
1144 3429 1325 3516 increpavit

155 3525 240 3594 illud
260 3529 365 3607 lesus,
388 3541 421 3596 et
442 3535 538 3600 exivit
558 3531 601 3598 ab
624 3554 665 3601 co
688 3532 902 3614 daemonium,
924 3543 957 3598 ct
978 3542 1107 3598 sanatus
1128 3541 1180 3597 est
1200 3553 1279 3618 puer
1300 3553 1319 3594 a

155 3642 303 3722 tempore
323 3631 393 3700 illo.

234 3815 377 3885 *Meso
398 3819 451 3887 lX.
494 3818 544 3884 11
574 3820 617 3886 Et
643 3839 741 3908 quum
769 3823 913 3887 venisset
941 3819 983 3885 nd
1015 3818 1209 3907 discipulos,
1241 3818 1323 3884 vidit

153 3919 280 3989 turbant
301 3921 434 3989 multem
455 3923 574 3989 circum
595 3922 686 4003 illos,
729 3935 761 3990 et
782 3923 911 3990 Scribas
937 3923 1141 4009 disputantes
1169 3945 1246 3988 curn
1266 3925 1321 3989 eis.

153 4027 205 4090 15.
237 4025 279 4091 Et
300 3991 449 4113 pristinus
471 4027 621 4093 universa
643 4025 754 4106 turba,
790 4026 895 4115 'quum
916 4027 1051 4092 vidisset
1077 4049 1168 4104 cunr,
1212 4025 1322 4094 obstu-

95 4157 98 4162 .
152 4129 237 4214 puit,
270 4141 302 4194 et
336 4139 540 4194 accurrentes
571 4130 792 4197 salutaverunt
825 4153 908 4198 euin.
950 4133 999 4198 16.
1033 4132 1075 4197 Et
1110 4133 1321 4218 interrogarit

152 4230 296 4310 Scribas,
329 4231 422 4319 Quid
443 4231 612 4318 disputatis
643 4238 828 4302 intervos?
870 4237 921 4302 17.
951 4235 993 4301 Et
1012 4233 1220 4322 respondens
1241 4253 1320 4298 uuus

153 4332 291 4402 eturba
314 4335 409 4415 dixit,
434 4337 645 4422 Praeceptor,
674 4337 793 4406 adduxi
813 4339 917 4412 lilium
939 4359 1044 4406 meunt
1066 4337 1108 4405 nd
1131 4349 1180 4417 te,
1201 4335 1320 4404 bahen-
