2768 4834
457 239 603 308 ,Orarro
625 255 660 301 ru
681 253 808 302 nourr.
955 305 963 320 .
1143 247 1202 312 ιθ
1257 210 1276 242 ”

62 398 122 456 sine
147 394 266 475 magnis
293 405 325 454 et
351 394 448 456 arduis
468 391 687 468 difficultatibus
712 395 749 456 ad
769 395 858 454 vitam
884 405 1032 456 aeternam
1052 397 1202 474 perveniri

62 493 146 554 posse
166 471 323 553 iutelligit.
363 473 447 552 Ergo
468 473 524 531 hnc
543 473 642 551 potius
662 493 746 532 suum
765 471 893 531 studium
914 471 1072 532 conferant
1089 471 1202 554 fideles,

62 570 146 630 quam
166 560 203 608 nt
222 549 483 628 praetermodum
504 549 613 609 curiosi
632 548 693 608 sint
711 551 747 610 de
768 548 928 608 errantium
949 547 1165 616 multitudine..

134 631 185 690 24.
228 623 310 709 (luia
327 625 412 684 mnae
429 629 700 704 pronominum.
740 626 808 687 Hoc
828 625 897 685 ideo
922 623 1052 688 additum
1074 637 1132 700 est,
1161 646 1201 686 ne

61 723 123 782 spes
150 701 250 761 inanis
278 723 332 762 nos
360 703 529 776 frustretur,
569 703 627 763 acsi
652 723 706 762 nos
731 703 843 762 iuraret
868 703 1008 762 comitum
1028 702 1201 762 multitudo:

62 801 143 853 nam,
164 789 199 838 ut
217 778 276 838 sibi
296 778 426 838 lib‘cnter
445 778 596 840 blanditur
614 799 700 856 caro,
729 777 814 840 multi
835 779 949 838 facilem
969 778 1078 838 aditum
1100 780 1137 839 ad
1156 780 1201 839 vi-

62 871 115 914 tam
138 855 198 916 sibi
218 856 412 936 promittunt,
444 857 494 934 qui
520 856 583 916 sibl
600 855 711 916 interea
731 856 846 935 quidvis
871 855 1034 938 indulgent.
1086 856 1131 915 Ita
1153 855 1202 916 alii

62 933 132 992 alios
152 945 258 991 mutuo
281 932 442 1012 decipiunt,
462 943 495 990 ut
514 932 695 992 indormierat
714 953 820 1012 pravae
840 933 997 994 securitati.
1037 932 1126 994 Tales
1147 933 1200 992 de·
1278 993 1281 1002 ,

63 1010 140 1068 licias
160 1021 195 1067 ut
213 1009 273 1069 suis
294 1008 420 1069 excutiat
439 1006 590 1083 Christus,
619 1009 764 1070 exclusum
789 1007 826 1068 iri
851 1007 1047 1089 pronuntiat,
1073 1011 1123 1090 qui
1144 1011 1201 1070 iam

62 1086 115 1146 sibi
135 1085 281 1146 addicunt
299 1097 409 1147 certam
427 1087 505 1146 vitae
526 1086 753 1166 passessionem.

101 1321 185 1400 (to.)
229 1317 333 1388 Luc.
354 1320 437 1386 Xlll.
478 1321 529 1384 25.
561 1317 671 1406 Quum
700 1328 805 1384 autem
827 1319 1001 1416 surrexerit
1021 1317 1205 1404 paterfami-

14 1433 15 1438 ’
64 1419 134 1498 lias,
166 1430 201 1486 et
223 1419 378 1486 clauserit
400 1421 532 1497 ostium,
563 1431 596 1486 et
618 1423 791 1506 coeperitis
811 1419 892 1488 foris
912 1430 996 1484 stare
1020 1430 1053 1483 et
1072 1419 1202 1506 pulsare

65 1527 197 1598 ostium,
227 1521 391 1598 diceutes,
421 1511 578 1598 Domiuel,
603 1519 737 1592 ,domine
759 1523 850 1606 aperi
870 1519 984 1587 nobis:
1016 1529 1049 1584 et
1068 1540 1204 1606 respon·
1278 1569 1282 1576 -

66 1621 143 1688 dens
166 1621 255 1688 dicet
276 1621 383 1701 vobis,
401 1621 522 1689 Nescio
544 1643 604 1688 vos
625 1621 714 1688 unde
735 1625 816 1688 sitia:
854 1623 905 1686 26.
927 1622 1024 1686 Tunc
1040 1622 1203 1706 incipietis

68 1723 186 1804 dicere,
228 1723 366 1790 Edimus
393 1744 501 1790 coram
522 1719 561 1789 'te
590 1735 623 1790 et
642 1722 798 1801 bibimus,
840 1723 927 1788 etin
947 1722 1064 1810 plateis
1084 1727 1203 1792 nostris

68 1826 216 1892 domiso.
257 1827 312 1894 27.
337 1825 380 1892 Et
400 1825 502 1905 dicet,
533 1825 620 1894 Dico
646 1822 759 1908 yobis,
790 1825 904 1890 nescio
931 1823 1019 1890 uude
1040 1848 1099 1892 vos
1120 1830 1203 1894 aitis:
1269 1879 1274 1895 .

14 1995 15 1998 ,
68 1925 224 1992 discedite
246 1948 265 1992 a
287 1947 339 1992 me
362 1947 489 2004 amnes,
510 1929 567 2014 qui
586 1931 719 2012 patratis
739 1929 950 2012 iniquitatem.
992 1928 1043 1993 28
1072 1927 1122 1993 lbi
1142 1931 1204 1994 crit

68 2027 157 2093 fletus
179 2039 213 2093 et
232 2025 357 2093 stridor
377 2027 535 2106 dentium,
557 2049 655 2114 qaum
676 2027 823 2094 videritis
843 2025 1021 2108 Abrabam,
1051 2041 1083 2094 ct
1106 2031 1204 2108 lsaac,
1229 2105 1234 2120 .
1312 2102 1321 2113 ,

70 2141 97 2194 ct
115 2127 230 2206 laoob,
264 2139 298 2195 et
319 2150 433 2196 omues
455 2129 632 2215 Prophetas
653 2131 687 2196 in
708 2151 810 2214 reguo
831 2128 913 2208 Dei,
940 2129 1000 2194 v'os
1021 2141 1128 2196 autern
1151 2151 1203 2197 cx·

68 2225 144 2316 pelli
175 2231 272 2297 foras.
329 2231 380 2294 29.
410 2231 452 2296 Et
483 2233 626 2319 venient
650 2227 691 2294 ab
722 2234 849 2294 oriente
882 2242 914 2294 et
944 2229 1131 2310 occidente,
1171 2239 1205 2296 et

70 2329 219 2417 aquilone
249 2341 282 2396 et
310 2347 433 2409 austro,
467 2339 499 2396 et
528 2328 717 2397 accumbent
750 2334 785 2396 iu
812 2331 929 2416 Regno
951 2329 1026 2396 Dei.
1075 2331 1127 2397 30.
1161 2331 1204 2396 Et

71 2453 143 2498 ecre
163 2443 239 2498 sunt
260 2435 424 2519 postremi,
446 2432 613 2520 quierunt
633 2433 736 2518 primi,
757 2442 791 2497 et
811 2442 885 2498 sunt
905 2433 1009 2518 primi,
1030 2433 1086 2519 qui
1110 2441 1204 2498 eruut

69 2537 228 2620 postremi.
1214 2555 1217 2560 ·

141 2691 212 2751 Luc.
232 2697 281 2758 25.
324 2691 420 2773 (laum
443 2703 538 2750 eadm
563 2691 726 2750 surrexerit
739 2686 962 2768 pmersamiliua
979 2701 1031 2747 ete.
1070 2687 1203 2746 Tametsi

72 2771 139 2828 baec
158 2770 217 2830 alio
238 2761 310 2848 pos't
329 2781 465 2848 tempore
485 2767 664 2840 dictasunt,
696 2779 729 2825 ut
749 2783 845 2856 nuper
864 2763 1021 2838 admonui,
1048 2765 1202 2824 doetrinae
1241 2764 1251 2787 ‘

74 2847 324 2908 tamentationem
344 2845 452 2912 babere
464 2844 551 2903 malui
564 2856 650 2924 qnam
670 2853 729 2902 tem
753 2863 822 2915 oris,
842 2842 910 2922 quia
930 2840 987 2901 boe
1007 2863 1068 2902 non
1082 2861 1204 2921 parvum

74 2923 105 2980 acl
125 2923 352 3004 intelligentiam
373 2917 571 2990 adiumeulum
592 2934 652 2996 est,
671 2921 695 2980 si
714 2863 776 2979 ubo
797 2931 936 2979 contextu
955 2917 1108 3000 legantur,
1128 2937 1204 2997 quae

75 3021 152 3060 sensu
165 2999 245 3060 iuter
264 3021 296 3060 se
318 3001 487 3060 cohaerent.
529 3000 607 3073 Quia
624 3011 785 3080 negaverat
795 2995 939 3072 Christus,
960 3007 1090 3076 apertam
1104 2994 1203 3055 multia

76 3077 182 3137 ianuam
202 3077 281 3153 fore,
306 3077 355 3156 qui
376 3077 406 3134 in
427 3074 543 3136 coelum
563 3076 673 3136 intrare
694 3074 826 3154 cupient,
846 3094 925 3133 nunc
945 3073 1018 3134 dicit
1037 3072 1110 3133 nihil
1131 3092 1203 3152 pro-

76 3153 166 3226 licere,
186 3153 319 3246 quamvis
338 3153 436 3213 locum
455 3153 486 3212 in
506 3153 639 3214 Ecclesia
658 3162 821 3286 occupent:
842 3151 909 3242 quiq
929 3149 1048 3212 taudem
1069 3160 1205 3230 exsurget

77 3231 101 3289 in
121 3231 258 3292 indictum
278 3231 376 3305 Deus,
401 3242 433 3289 ut
453 3251 468 3290 a
489 3250 584 3312 reguo
604 3249 658 3291 suo
679 3229 829 3302 excudat,
860 3248 910 3307 qur
930 3247 1009 3286 nunc
1029 3226 1202 3288 sibilorum

77 3307 146 3366 inter
161 3309 222 3368 eius
243 3307 422 3368 domesticos
442 3307 602 3367 vindicant.
640 3304 840 3365 similitudine
861 3317 957 3364 autem
971 3303 1205 3440 potr-fagitmilfus

79 3388 169 3458 utitur,
189 3385 241 3465 qui
262 3386 286 3444 si
307 3383 453 3466 intelligat
472 3384 586 3464 aliquot
605 3403 639 3442 ex
659 3383 716 3442 suis
737 3401 864 3460 nequam
884 3390 914 3442 et
930 3378 1054 3441 lascivos
1089 3380 1203 3440 omines

78 3462 169 3522 furtim
188 3461 243 3522 sub
264 3473 383 3520 noctem
406 3460 497 3536 elabi,
524 3473 553 3521 et
573 3461 690 3519 doraum
712 3457 823 3518 furibus
842 3477 1008 3538 exponere,
1027 3458 1122 3548 surgit
1141 3456 1203 3536 ipse

78 3551 103 3598 et
120 3542 235 3599 ianuam
256 3529 389 3600 obserat:
420 3559 474 3600 uec
500 3559 591 3622 vagos
612 3537 678 3596 illas
700 3547 729 3594 et
749 3533 975 3596 noctuabundos
996 3536 1129 3594 homiues
1150 3531 1202 3592 acl·
1302 3605 1310 3616 .

76 3615 168 3686 mittit,
188 3617 239 3696 qui
261 3615 466 3694 intempestive
510 3635 542 3674 er
560 3613 620 3674 vias
640 3611 772 3693 publicas
792 3623 935 3673 errarunt.
960 3610 1058 3670 Porro
1081 3611 1123 3670 bis
1136 3631 1203 3667 ver-

77 3691 116 3752 bis
128 3693 278 3766 admouet,
299 3693 466 3765 occasione,
486 3637 553 3750 doru
567 3691 702 3765 offertur,
723 3709 784 3748 esse
798 3689 954 3748 utendum:
974 3709 1041 3747 nam
1052 3685 1204 3774 quamdiu

78 3791 125 3830 nos
149 3771 186 3830 ad
211 3791 242 3830 se
268 3769 414 3830 Dominus
437 3769 559 3843 invitat,
590 3769 660 3828 licet
686 3766 767 3846 quasi
792 3777 893 3846 aperta
919 3765 1004 3824 ianua
1028 3763 1057 3822 in
1098 3760 1144 3820 eda
1171 3781 1204 3818 m

78 3867 193 3928 regnum
215 3845 384 3920 coelorum,
414 3847 465 3906 sed
490 3845 586 3904 maior
610 3866 675 3924 pars
702 3842 808 3924 pedem
832 3861 954 3902 movere
974 3861 1035 3930 qun
1078 3839 1204 3928 ignetur.
1235 3874 1238 3880 .

78 3923 149 3984 Fore
172 3945 246 4008 ergo
267 3924 423 3984 denuntiat
444 3921 595 3996 Christus,
622 3934 655 3980 ut
673 3920 792 3981 tandein
813 3918 964 3980 claudatui
982 3935 1083 3988 ianua,
1103 3925 1203 3994 itaque

79 4003 235 4080 periculum
256 4021 334 4074 esse,
366 4023 403 4061 ne
422 3998 638 4080 prohibeantur
656 4000 735 4058 aditu
757 3999 806 4075 qui
826 3995 947 4056 comites
969 4001 1146 4072 exspectant.

132 4087 193 4146 26.
233 4079 273 4138 In
296 4079 399 4153 pluteis
421 4081 527 4136 reostrfs
545 4075 673 4136 docm‘srt.
710 4072 893 4134 Nominatim
925 4068 1031 4147 excipit
1060 4066 1205 4138 Christus,

80 4155 144 4214 nibil
163 4156 283 4218 Iudaeis
305 4157 506 4234 profuturum,
537 4153 616 4231 quod
637 4151 758 4234 propius
779 4151 815 4208 ad
835 4170 888 4208 eos
908 4145 1078 4220 accesserit,
1111 4165 1202 4224 seque

82 4231 258 4294 familiariter
278 4231 421 4291 obtulerit
439 4231 495 4290 illis
516 4229 682 4304 fruendum,
702 4227 758 4287 nisi
776 4225 873 4286 vocati
893 4221 929 4288 ad
949 4221 1026 4283 diem
1039 4225 1203 4301 respoude-

79 4308 141 4368 rint.
168 4309 328 4370 Caeterum
349 4329 409 4367 uon
430 4306 619 4389 prosequitur
631 4327 716 4376 suam
736 4301 965 4364 similitudinem.
1003 4299 1079 4360 Nam
1099 4299 1135 4360 de
1152 4319 1203 4388 pa-

81 4385 244 4450 uelamilias
263 4385 414 4467 loquutus,
444 4405 475 4448 se
496 4384 589 4464 ipsum
615 4403 694 4447 nunc
719 4379 845 4464 iudicem
865 4377 976 4460 absque
995 4375 1087 4460 figura
1109 4395 1204 4453 erpu-
