2756 4838
154 191 235 308 rm
262 277 266 288 .
317 221 434 314 SEGT.
453 222 552 284 xvlt
575 227 853 300 nnamsatenrnu
868 211 1160 282 nacmnarroues.

172 391 208 444 et
226 377 376 440 laventem
394 397 457 454 esse
475 375 639 451 confidunt,
656 365 748 436 modo
768 385 919 436 externum
937 371 1061 433 verbhm
1073 373 1152 453 apud
1164 372 1337 464 ipsosreso·
1370 361 1371 368 ἵ

176 467 238 518 net
278 455 329 518 Sir
348 453 490 516 susciter
508 453 610 514 ludaei
628 473 660 514 se
680 450 838 525 iactabant,
857 451 937 530 qnod
955 471 1026 530 prae
1037 447 1100 510 aliis
1111 449 1255 532 gentihus
1267 450 1337 509 Pro·

77 569 82 585 ‹
177 532 275 615 plactis
296 543 326 592 et
345 531 517 592 doctoribus
534 550 652 610 semper
671 528 887 598 extendissent,
904 539 934 586 et
954 526 1036 606 quasi
1055 538 1174 586 tantum
1194 527 1337 586 honorem

176 620 279 670 essent
296 608 462 688 promeriti,
480 607 539 668 boc
555 605 611 667 illis
624 605 777 664 indubium
792 616 855 664 erat
866 603 1014 685 dignitatis
1026 605 1096 664 suae
1107 604 1239 685 insigne.
1259 604 1337 662 llanc

177 685 294 750 futilem
314 685 513 766 arrogantiam
531 695 565 742 ut
584 680 876 755 retundatChristus‚
896 700 957 738 non
977 679 1072 740 solnm
1087 693 1184 761 negat
1194 679 1260 740 aliis
1270 701 1338 762 gen-

75 797 78 814 ι
177 762 258 825 tibus
278 781 329 821 eos
349 771 509 840 praestare,
529 759 596 839 quia
608 758 689 818 Deus
703 757 860 838 Prophetis
878 767 907 816 et
918 757 1074 834 praeclaris
1090 756 1265 838 Sapientiae
1276 777 1337 815 suae

177 837 390 918 interpretibus
409 839 460 912 eos
481 836 614 928 dignatus
633 835 680 908 sit,
696 836 750 894 sed
769 833 893 915 gratiam
911 832 988 894 male
1003 833 1128 893 locatam
1146 833 1279 915 graviori
1289 833 1339 892 illis

180 935 243 974 esse
264 913 393 996 probro,
408 925 450 972 -et
468 912 573 972 maiori
593 911 846 972 extimescam
859 914 927 970 'esse
948 909 1116 971 contendit:
1143 911 1213 989 qnia
1234 909 1340 969 scilicet

173 989 259 1050 ,alind
279 989 369 1050 luerit
379 989 438 1049 Dei
458 989 624 1062 consilinm,
644 1007 730 1067 quarn
740 986 797 1067 ipsi
808 987 1016 1068 imaginentur,
1034 1007 1145 1066 nempe
1165 997 1199 1045 nt
1218 1007 1340 1046 eosma-

202 1067 226 1126 is
244 1066 453 1136 inexcusabiles
471 1067 619 1140 redderet,
638 1075 726 1141 atque
744 1075 779 1123 ιιι
798 1063 834 1123 ad
853 1085 996 1124 summum
1007 1083 1100 1142 nsque
1113 1063 1262 1123 cumulum
1275 1083 1342 1142 per·
1370 1073 1371 1086 ¹

179 1087 304 1206 duceret
322 1143 440 1222 impiam
460 1143 525 1222 ipso
545 1163 592 1202 ern
611 1139 763 1200 malitiam:
784 1139 843 1200 arsi
863 1139 989 1212 dixisset,
1009 1140 1093 1220 qnod
1112 1135 1237 1200 subinde
1256 1139 1343 1198 vobis
1370 1143 1371 1186 l

182 1218 307 1282 coelitus
328 1219 456 1280 ordinati
476 1165 546 1278 suni
562 1217 741 1298 Prophetae,
763 1215 869 1276 frustra
890 1228 920 1276 et
938 1215 1025 1276 stulte
1046 1214 1104 1278 hoc
1123 1217 1208 1275 decus
1229 1215 1342 1276 obten-
1370 1199 1371 1270 l

178 1296 265 1358 ditis:
285 1295 364 1356 aliud
384 1297 462 1356 enim
482 1315 590 1356 arcano
610 1315 664 1355 sno
684 1293 793 1354 iudicio
813 1291 915 1353 statuit
933 1293 1025 1368 Deus,
1044 1305 1082 1352 ut
1096 1293 1235 1354 continua
1250 1292 1343 1372 beni·
1370 1311 1371 1372 l

177 1393 260 1456 ¹gnae
279 1372 461 1432 invitationis
480 1372 555 1432 serie
576 1371 671 1451 palam
691 1371 851 1451 detegeret
864 1370 983 1450 impiam
995 1377 1123 1434 vestrum
1136 1369 1342 1448 pervicaciam:
1370 1375 1371 1422 t

181 1471 241 1529 qua
261 1449 407 1524 convicta,¹
426 1449 504 1511 lilios
522 1469 588 1509 eum
608 1445 739 1528 patribus
759 1439 863 1506 eo'dem
883 1447 1050 1510 involveret
1068 1447 1170 1507 exitio.
1202 1445 1297 1520 Quod
1309 1447 1342 1504 ad

177 1527 273 1590 uerba
293 1535 416 1606 spectat,
436 1526 579 1587 defectiva
600 1535 644 1584 est
659 1523 755 1587 oratio
767 1524 844 1604 apud
857 1523 1048 1597 Matthtenm,
1068 1523 1342 1602 euiussensnssnp
1370 1555 1371 1560 ι

182 1602 259 1684 pleri
281 1603 370 1664 debet
390 1611 423 1661 et
442 1601 539 1662 Lucae
565 1600 672 1662 verbis.
711 1601 809 1675 Quod
823 1599 981 1690 Prophetis
1005 1597 1116 1660 scribas
1143 1611 1175 1660 et
1197 1599 1342 1678 sapientes

177 1690 372 1752 annumerat,
391 1677 470 1740 valet
489 1679 525 1738 ad
545 1677 802 1758 amplificationem
859 1687 934 1736 atrae
953 1675 1026 1736 Dei:
1045 1677 1127 1736 unde
1147 1677 1279 1756 ipsorum
1300 1675 1342 1733 in-

183 1753 334 1836 gratitudo
347 1755 439 1836 magis
450 1766 542 1834 patet,
561 1755 653 1834 qnod,
665 1775 762 1832 quum
771 1753 833 1814 nihi
857 1753 893 1813 ad
907 1773 958 1814 eos
969 1753 1122 1814 docentlbs
1134 1752 1268 1812 omiserit
1280 1753 1341 1810 Do·
1370 1751 1371 1768 ³

100 1849 108 1865 ‘
182 1831 291 1903 minus,
310 1830 384 1891 nihil
402 1842 501 1890 tamen
522 1829 693 1909 profecerit
731 1831 792 1890 Pro
807 1829 992 1910 sapientibus
1014 1841 1046 1888 et
1056 1829 1162 1889 scribis
1174 1829 1272 1888 Lucas
1290 1850 1341 1908 po
1370 1827 1371 1838 ¹

178 1905 230 1966 ¹nit
241 1905 412 1984 Apostolos,
431 1905 535 1965 eodem
555 1926 657 1971 sensu,
675 1907 773 1966 Porro
793 1908 882 1968 docet
901 1905 948 1966 hic
967 1904 1060 1977 locis,
1079 1907 1181 1965 Deum
1193 1927 1255 1966 non
1271 1927 1340 1965 sen-

183 2001 239 2062 per
258 1981 426 2042 bominibus
444 1981 568 2044 salntem
586 1969 734 2058 c'orderre,
755 1983 872 2062 quoties
890 1981 1011 2044 verbum
1033 1981 1089 2042 illis
1108 2003 1194 2042 sunm
1212 1983 1341 2054 destinat,
1370 2035 1371 2040 ,

177 2057 238 2134 ⁴sed
256 2059 393 2150 reprobis
413 2057 559 2118 interdum
579 2059 657 2120 velle
675 2059 860 2134 annuntiari,
886 2073 960 2138 qnos
980 2057 1047 2118 sore
1068 2058 1236 2118 obstinatos
1254 2059 1340 2128 novit,
1370 2095 1371 2142 p

184 2147 219 2196 nt
237 2133 276 2196 sit
294 2134 350 2196 dtis
370 2135 447 2196 odor
465 2135 569 2196 mortis
588 2137 619 2196 in
639 2148 774 2196 mortem.
812 2138 867 2196 Est
887 2135 1004 2215 quidem
1023 2135 1148 2196 verbum
1163 2135 1224 2194 Dei
1244 2157 1294 2214 per
1311 2155 1339 2192 se

185 2223 218 2275 et
235 2233 286 2272 sua
305 2223 409 2274 natura
428 2211 565 2288 salutare,
585 2231 747 2304 omnesque
765 2213 932 2294 promiscue
952 2213 989 2272 acl
1007 2234 1090 2294 spem
1110 2212 1191 2272 vitae
1209 2224 1340 2272 aeternae

184 2289 304 2350 invitat:
336 2288 388 2349 se'd
408 2289 557 2370 quianon
577 2309 681 2350 omnes
701 2302 779 2358 antus
798 2290 969 2363 trahuntur,
987 2309 1085 2370 neque
1106 2289 1243 2348 omnibus
1261 2307 1341 2346 aures
1370 2307 1371 2360 q

177 2363 269 2433 ‚Deus
289 2365 432 2445 perforat,
452 2365 520 2445 quia
540 2367 667 2447 denique
687 2388 749 2428 non
770 2387 872 2426 omnes
884 2377 1064 2426 renovantur
1075 2366 1112 2426 ad
1123 2365 1341 2444 poenitentiam,
1370 2379 1371 2414 ι

176 2442 233 2508 ‚vel
253 2442 290 2503 ad
301 2442 476 2520 obsequium
487 2443 657 2518 fleetuntur,
678 2443 846 2523 quicunque
857 2442 979 2502 verbnm
992 2443 1052 2502 Dei
1065 2455 1220 2521 respuunt,
1238 2463 1287 2502 sna
1298 2441 1341 2498 in-

186 2518 364 2601 credulitate
379 2517 494 2580 exitiale
513 2519 569 2580 sibi
582 2519 711 2582 reddunt
725 2541 758 2580 ac
769 2520 961 2579 mortiterum.
982 2519 1018 2579 ld
1029 2519 1163 2578 futurum
1181 2538 1244 2578 esse
1260 2539 1343 2596 quum

185 2595 331 2676 praesciat
349 2597 447 2669 Deus,
470 2607 503 2654 ut
518 2595 670 2676 reprobos
689 2596 720 2655 in
739 2595 905 2678 graviorem
925 2594 1144 2656 damnationem
1165 2595 1345 2675 praecipitet,

172 2672 324 2732 ‘consulto
336 2671 500 2751 Prophetas
513 2693 580 2733 suos
590 2672 649 2732 illis
667 2673 768 2748 mittit,
788 2672 1034 2763 quemadmodum
1052 2672 1142 2732 fusius
1163 2672 1345 2751 explicatis-
1370 2687 1371 2712 t

185 2749 263 2810 s'aiae
284 2755 462 2827 cap.li,10·
501 2750 569 2809 Hoc
589 2749 822 2840 quidemcarnis
847 2747 957 2808 rationi
975 2749 1096 2808 minime
1117 2761 1345 2810 consentaneum
1370 2741 1371 2792 ἶ

188 2844 251 2886 esse
270 2824 378 2898 fateor,
396 2835 429 2884 ut
446 2823 576 2884 videmus
596 2846 728 2904 impuros
739 2827 797 2884 Dei
809 2835 1030 2906 contemptores
1040 2825 1207 2905 speciosam
1227 2823 1346 2884 latrandi

179 2901 338 2962 *materiam
357 2899 426 2959 hinc
447 2899 589 2980 arripere,
608 2901 689 2980 qnod
703 2901 797 2976 Dens,
814 2913 1064 2982 tanquamsaevue
1075 2901 1181 2982 aliquis
1200 2913 1346 2982 tyrannus,
1370 2931 1371 2978 3

188 2977 300 3036 maiore
320 2975 472 3038 hominum
491 2997 589 3056 poena
609 2997 640 3037 se
659 2976 801 3053 oblectet,
821 2999 895 3059 quos
910 2978 989 3038 nulla
1009 2999 1061 3058 spe
1104 2979 1240 3050 relectus
1260 2979 1345 3037 sciens

189 3073 225 3116 ac
244 3052 347 3113 volens
367 3052 458 3134 magis
479 3063 618 3145 excoecpt
636 3065 666 3114 et
684 3053 810 3115 indurat
855 3053 916 3119 Sed
935 3055 1018 3116 Deus
1037 3055 1088 3114 tab
1112 3077 1146 3114 ns
1166 3055 1345 3132 documentis

189 3127 318 3188 fidelium
339 3128 512 3189 modestiam
533 3141 656 3190 exercet.
682 3131 764 3191 Haec
777 3131 867 3214 igitur
881 3134 920 3195 sit
938 3144 1038 3192 nostra
1057 3131 1218 3204 sobrietas,
1239 3132 1345 3211 trepide
1370 3149 1371 3176 2

190 3205 314 3266 adorare
355 3205 415 3265 uod
435 3222 550 3266 sensum
569 3219 703 3267 nostrum
722 3219 849 3288 superat.
883 3209 1014 3285 QuiDei
1033 3208 1264 3288 praescientiam
1283 3205 1347 3266 nihil

177 3281 318 3371 ‚obstare
330 3225 441 3355 dicunt,
461 3283 617 3361 quominus
636 3283 706 3346 salvi
718 3285 954 3360 bantincreduli‚
972 3285 1053 3344 inani
1073 3285 1250 3364 patrocinio
1270 3284 1348 3345 stulte
1370 3305 1371 3368 3

190 3357 289 3422 Deum
308 3377 402 3438 ipsum
423 3369 568 3440 excusant.
596 3360 707 3422 Fateor
726 3361 844 3440 quidem
863 3361 1010 3443 reprobos
1030 3383 1091 3424 non
1112 3361 1184 3422 ideo
1204 3363 1265 3422 sibi
1277 3381 1348 3420 mor·
1370 3373 1371 3416 ss

164 3451 168 3459 ’
190 3447 252 3496 tem
271 3455 430 3509 arcessere,
448 3435 516 3514 quia
528 3436 609 3496 Deus
629 3438 669 3496 ita
690 3437 819 3498 loturum
840 3439 1033 3518 praeviderit,
1047 3437 1116 3498 ideo
1140 3459 1180 3498 ne
1192 3439 1257 3498 eins
1269 3457 1349 3528 prae-

189 3511 329 3574 scientiae
350 3532 411 3572 non
432 3532 518 3591 posse
538 3512 642 3573 ascribi
663 3514 745 3593 qnod
763 3529 904 3594 pereunt:
924 3515 975 3575 sed
996 3515 1053 3574 hoc
1069 3459 1180 3574 sarilo
1191 3515 1251 3574 Dei
1270 3513 1350 3572 rusti-

190 3590 265 3650 tiam
283 3608 361 3670 nego
382 3588 438 3656 rite
459 3589 597 3664 delendi,
616 3589 683 3668 qnia
702 3590 921 3652 mox'obiicere
941 3591 1062 3666 licebit,
1081 3611 1138 3670 per
1155 3591 1252 3652 Deum
1272 3601 1352 3647 stare

191 3664 348 3748 quominus
367 3664 549 3746 resipiscant,
589 3665 637 3728 uia
656 3666 769 3726 ineius
788 3688 876 3728 manu
896 3681 941 3729 est
960 3667 1029 3728 fidei
1040 3679 1071 3728 et
1080 3667 1284 3747 poenitentiae
1297 3665 1353 3724 do-

191 3763 271 3803 nuna.
295 3742 458 3832 ¹Occurret
476 3741 563 3832 etiam
604 3763 655 3804 aee
675 3742 817 3818 obiectio,
837 3745 919 3836 Quid
935 3743 1064 3806 sibivult
1076 3745 1160 3822 quod
1171 3745 1252 3804 Deus
1272 3753 1371 3802 certe¹

183 3831 226 3880 et
245 3818 408 3888 deliberato
430 3818 553 3879 consilio
574 3819 701 3880 destinat
718 3819 802 3880 verbi
821 3825 865 3881 sur
886 3823 982 3882 lucem
994 3821 1030 3880 ad
1042 3820 1250 3883 excoecandos
1261 3819 1371 3879 homi-t

153 3963 156 3968 ,
179 3897 264 3958 nes?
285 3892 348 3956 Cur
367 3893 456 3954 morti
475 3905 612 3956 aeternae
633 3896 766 3970 devotos,
786 3897 839 3956 sim
862 3897 910 3958 liri
929 3897 1016 3958 ruina
1034 3917 1096 3958 non
1119 3909 1295 3964 contentus,
1314 3894 1371 3954 tt*

193 3985 225 4032 et
245 3986 291 4033 ter
331 3971 407 4032 crire
430 3969 512 4036 vulti
557 3970 688 4034 Proinde
712 3970 786 4032 nihil
810 3917 956 4054 reliquum
981 3985 1026 4033 est
1049 3971 1222 4051 qoam.l)ei
1248 3973 1371 4054 indiciis3

175 4049 269 4110 ·hane
289 3993 414 4129 gloriam
434 4046 576 4122 tribuere,
596 4059 713 4108 utrum
733 4047 826 4110 Paulo
848 4049 1048 4124 exclamemus,
1068 4048 1256 4128 profundam
1273 4063 1303 4110 et
1313 4049 1353 4108 in-
1370 4067 1371 4122 ι

193 4123 490 4201 comprehensibilem
510 4144 572 4205 esse
589 4124 734 4206 abyssum.
759 4127 820 4186 Sed
832 4127 992 4206 quaeritur,
1011 4125 1166 4204 quomodo
1188 4123 1371 4208 propbeta?

195 4197 406 4262 Deuslndaeis
418 4200 449 4260 in
470 4197 632 4279 perniciem
652 4216 779 4262 cessuras
800 4223 861 4266 esse
881 4201 1065 4284 pronuntiet,
1084 4223 1179 4280 quum
1199 4203 1371 4270 efficaciter}

196 4289 312 4348 semper
329 4273 361 4332 in
380 4273 430 4363 illa
471 4288 539 4336 ente
559 4277 686 4359 vignerit
705 4279 910 4372 eius'adoptio.
929 4277 1129 4360 ,Respondem
1149 4301 1246 4360 quum
1259 4269 1371 4360 engle*

176 4354 310 4410 dantum
328 4361 427 4428 portio
447 4295 506 4416 lde
524 4351 646 4418 verbum
668 4355 799 4436 amplexa
818 4367 856 4419 stt
872 4357 904 4418 in
919 4354 1053 4434 sunum,
1072 4353 1120 4417 hic
1132 4355 1172 4418 de
1186 4355 1294 4420 maiori
1305 4375 1354 4413 ns-
