2778 4838
355 185 543 264 (tta-tta.
582 179 818 265 Transfiguratie
839 179 976 260 Christi.)
1117 129 1127 150 l
1188 185 1246 251 119
1325 139 1333 171 i

74 333 206 407 scireut,
238 316 373 394 nonduin
385 315 430 394 'se
454 325 781 415 ad‘contemplau‘dum
803 331 938 396 coelestis
961 333 1074 416 gloriae
1098 333 1247 416 fulgorem

75 411 205 472 idoneos
226 430 299 473 esse.
338 411 413 472 Nam
474 410 681 472 umDominus
700 411 783 494 sigua
804 411 886 471 dedit
904 410 1186 490 praesentianum,
1205 412 1245 470 si-

74 485 138 548 mul
157 497 333 568 tegumenta
354 507 428 567 quae
451 507 496 547 am
516 485 637 564 addidit,
676 506 730 548 uae
749 498 974 568 compescerent
992 487 1112 546 humani
1129 483 1245 568 ingenii

74 562 244 624 audaciam:
264 563 305 623 ita
324 584 404 624 nunc
416 575 450 623 ut
462 563 621 643 discipulos
632 509 873 624 adbumilitatem
886 564 1010 638 erudiat,
1029 561 1163 624 coelestis
1175 563 1245 644 glo-

74 641 136 700 riae
157 639 298 700 intuitum
317 639 455 704 subducit
475 641 512 700 ab
534 661 637 701 eorum
656 640 758 702 oculis.
798 642 880 701 Haec
900 659 1019 720 quoqne
1029 639 1193 700 admonitio
1205 639 1243 700 ad

72 737 130 780 uos
142 715 286 796 pertinet,
306 737 345 776 ne
364 715 535 806 appetamus
555 737 709 798 erumpere
729 718 760 776 in
780 737 896 792 arcana,
916 737 992 796 quae
1008 737 1108 777 seusus
1124 727 1244 778 nostros
1283 753 1293 780 ι
1334 748 1337 757 ·

72 804 230 873 superant,
248 793 301 852 se'd
321 805 419 872 ponus
439 805 472 853 ut
490 794 521 854 in
541 794 610 853 fidei
629 815 698 854 suae
717 815 853 855 mensura
873 795 995 874 quisque
1013 813 1044 854 se
1056 791 1155 854 sobrie
1167 811 1243 852 con·

73 871 179 930 tineat.
209 869 351 948 Denique
371 870 464 931 nubes
485 870 557 938 baec
576 871 653 931 freni
672 871 741 932 loco
762 870 849 932 nobis
868 891 930 932 esse
951 869 1051 944 debet,
1069 867 1243 930 uelcuriosi-

74 959 120 1006 tas
141 958 244 1006 nostra
286 947 329 1005 lus
350 967 436 1026 quam
478 967 511 1010 ar
531 958 575 1008 est
594 947 729 1008 lasciviat
767 947 886 1009 Deinde
902 945 1045 1008 admoniti
1064 944 1242 1006 ineruutdi-

72 1023 197 1114 scipuli,
221 969 405 1084 reiciendum
431 967 488 1083 sibi
514 1045 576 1084 esse
600 1025 637 1084 ad
678 1025 807 1085 ristinam
827 1023 978 1098 militiam,
1003 1043 1042 1084 ne
1060 1021 1242 1102 triumphum

72 1099 131 1160 siba
158 1099 370 1178 promitterent
395 1112 464 1161 ante
490 1112 613 1182 tempus.
693 1123 737 1162 om
753 1103 847 1180 foetu
870 1115 911 1160 est
934 1099 970 1160 de
992 1099 1074 1164 andr.
1118 1101 1158 1158 Et
1184 1098 1244 1158 boc

71 1186 183 1236 notatu
207 1176 330 1257 dignum
355 1188 413 1252 est,
438 1197 546 1238 sonore
570 1197 675 1238 vocem
695 1177 755 1237 Dei
775 1198 809 1237 ex
828 1177 923 1251 nube,
947 1197 1055 1256 corpus
1075 1188 1172 1236 autem
1193 1172 1242 1236 vel

71 1251 183 1312 faciem
204 1275 266 1312 nou
286 1253 387 1313 videri.
417 1255 499 1337 Ergo
520 1253 608 1315 nobis
627 1254 676 1313 illa
696 1254 860 1316 admonitio
877 1254 968 1314 blosis
987 1253 1086 1314 veniat
1104 1251 1136 1311 iu
1155 1271 1242 1312 men-

74 1341 153 1404 tem,
173 1329 273 1388 Deum
292 1328 400 1389 visibili
419 1329 511 1421 ligura
532 1351 593 1391 non
615 1329 703 1391 suisne
723 1331 872 1404 indutum,
893 1350 930 1390 ue
949 1330 1027 1389 forte
1048 1329 1101 1389 dec
1142 1328 1165 1386 ti
1184 1349 1243 1406 pu-

72 1417 183 1479 temus,
201 1403 284 1464 illum
304 1405 418 1465 homiui
437 1407 560 1467 similem
581 1427 643 1467 esse
663 1408 892 1486 (Deut.4,15.).
929 1407 1041 1465 Verum
1057 1405 1106 1484 qui
1130 1413 1244 1477 mest,

70 1483 170 1542 varias
189 1483 304 1562 species
324 1482 394 1542 olim
414 1484 521 1546 sanctis
532 1483 669 1545 Patribus
689 1484 770 1550 visas
782 1503 856 1559 esse,
874 1483 905 1542 in
918 1482 1023 1562 quibus
1035 1480 1133 1541 Deum
1148 1501 1164 1540 a
1187 1499 1244 1538 no-

70 1569 209 1636 scerent:
236 1545 352 1638 semper
372 1571 469 1620 umen
491 1582 507 1620 a
526 1559 667 1642 symbolis
687 1559 844 1644 abstinuit²
864 1579 939 1639 quae
960 1557 1136 1618 fabricandis
1156 1501 1244 1616 iloto

70 1634 229 1696 materiam
250 1635 438 1714 praeberent.
469 1639 509 1696 Et
527 1657 598 1697 sane
620 1658 708 1715 quum
729 1637 794 1717 plus
815 1656 910 1715 aequo
932 1637 968 1696 ad
988 1655 1096 1696 crassas
1116 1633 1243 1714 phanta-

70 1712 130 1772 sias
151 1733 318 1802 propensae
337 1713 398 1772 sint
418 1713 559 1774 humanae
579 1726 708 1789 mentes,
740 1713 837 1774 oleum
865 1713 980 1772 camino
1001 1712 1110 1772 addere
1129 1729 1243 1789 neque·

75 1809 166 1868 quam
183 1789 255 1848 utrle
274 1789 337 1848 luit
367 1789 448 1850 llaec
467 1791 590 1850 maxime
611 1788 729 1850 illustris
750 1789 876 1850 luitDei
896 1789 1010 1880 gloriae
1029 1785 1243 1846 manifestatioa
1270 1827 1274 1840 ,

76 1887 169 1944 quum
193 1865 369 1944 interposita
393 1867 474 1927 nube
499 1887 554 1927 uos
573 1887 648 1928 voce
667 1889 718 1928 sua
739 1869 776 1928 acl
795 1887 826 1928 se
846 1867 960 1934 invitet,
980 1885 1066 1944 quam
1085 1862 1242 1924 absurdum

78 1955 130 2018 est,
149 1942 182 2000 in
201 1954 309 2001 trunco
330 1942 403 2034 ligni
423 1943 470 2004 vel
489 1943 586 2024 lapide
608 1943 669 2004 eius
711 1943 886 2004 raesentiam
898 1942 975 2002 velle
987 1954 1054 2002 ante
1067 1939 1171 2001 oculos
1183 1957 1242 2028 nq-

75 2025 154 2080 strbs
179 2019 302 2078 sistere?
341 2019 423 2102 ltrgo
450 2021 593 2081 discemus
612 1965 770 2094 saulce,
796 2039 858 2080 non
885 2030 982 2078 autem
1009 2017 1122 2078 carneis
1149 2013 1243 2074 ocules

72 2106 236 2177 penetrare
256 2097 293 2156 ad
312 2095 391 2155 illam
412 2097 507 2158 lucem
527 2097 715 2170 inaccessam,
733 2117 820 2188 quam
829 2096 912 2157 Deus
927 2093 1081 2153 inhabitat
1113 2095 1243 2150 Voxau-

72 2186 135 2232 tem
157 2173 237 2232 edita
257 2171 314 2231 fuit
333 2193 349 2232 e
369 2172 466 2246 nube,
492 2184 525 2231 ut
550 2193 566 2232 a
585 2173 654 2232 Deo
680 2177 846 2252 prolectam
866 2193 928 2232 esse
948 2170 1075 2229 scientes
1095 2165 1245 2246 discipuli,

74 2271 133 2328 qua
155 2248 296 2322 decebat,
320 2250 486 2308 reverentia
505 2268 570 2307 eam
591 2249 769 2327 exciperent
807 2249 871 2308 Hic
888 2261 929 2306 est
947 2245 1045 2304 Filius
1062 2263 1150 2302 otram
1189 2241 1243 2300 Li-

73 2326 186 2387 beuter
195 2347 300 2385 eorum
310 2323 464 2385 subscribo
477 2325 653 2398 sententiae,
672 2323 723 2406 qui
742 2324 861 2385 tacitam
880 2323 1000 2382 subesse
1017 2319 1178 2380 antithesin
1188 2339 1243 2397 pu-

77 2415 142 2462 taut
157 2403 251 2463 blosis
272 2413 302 2461 et
317 2400 401 2460 Eliae
421 2423 488 2460 cum
502 2399 634 2476 Christo,
654 2401 713 2461 acsi
733 2399 850 2460 iuberet
863 2397 1008 2472 Christus,
1027 2417 1095 2456 suos
1116 2395 1246 2479 discipu-

75 2481 121 2545 los
141 2479 232 2540 unico
252 2479 276 2537 F
278 2477 414 2538 ilio‘esse
434 2489 601 2536 contentos.
640 2475 848 2556 Empbaticum
869 2472 946 2534 euim
968 2485 1012 2533 est
1030 2472 1105 2530 Ftttt
1122 2489 1246 2546 nomen,

27 2605 35 2614 .
75 2577 137 2636 quo
159 2576 247 2636 supra
266 2573 366 2616 servos
386 2554 542 2614 extollitur.
582 2552 679 2613 Porro
701 2551 816 2612 duobus
835 2548 941 2632 elogiis
957 2548 1003 2608 bic
1017 2559 1139 2607 ornatur
1153 2545 1244 2608 Cbri-
1338 2589 1353 2611 ,

73 2645 137 2692 stus
158 2653 221 2691 uon
240 2632 334 2714 magis
353 2629 411 2690 sibi
431 2629 614 2704 honorificis,
636 2651 723 2708 quam
744 2628 813 2688 fidei
832 2639 951 2686 nostrae
970 2623 1106 2684 utilibus:
1135 2637 1246 2700 nempe

75 2709 147 2768 Filii
167 2709 283 2784 dilecti,
313 2708 420 2768 deinde
440 2695 583 2786 blagistri.
625 2707 717 2780 Quod
736 2705 826 2764 Pater
844 2701 978 2762 dilatam
995 2711 1098 2774 vocat,
1126 2697 1246 2777 inquo

75 2786 136 2846 sibi
156 2786 351 2864 complacuit,
372 2782 567 2844 Mediatorent
588 2803 652 2842 esse
671 2794 808 2856 testatur,
827 2780 859 2839 in
881 2800 940 2859 quo
960 2777 1017 2839 sibi
1035 2776 1176 2866 mundum
1196 2793 1246 2834 re·

78 2863 231 2924 conciliat.
276 2863 378 2937 Quum
398 2859 492 2920 audiri
511 2860 623 2936 iubet„
636 2879 779 2920 summum
806 2869 837 2917 et
862 2857 980 2916 unicum
999 2853 1150 2916 Ecclesiae
1176 2869 1247 2940 suae

75 2941 235 3000 doctorem
254 2939 396 3029 praeficit.
433 2937 508 2998 Nam
528 2957 618 3015 quum
638 2937 700 2996 eius
719 2935 875 2996 consilium
896 2933 995 3006 luerit,
1015 2951 1081 2991 eum
1094 2951 1110 2989 a
1122 2928 1245 3006 reliquo
1271 2987 1280 2994 ,

77 3016 218 3076 omnibus
239 3016 424 3088 discernere,
443 3014 531 3074 sicuti
550 3033 584 3073 ex
604 3014 648 3074 bis
667 3012 766 3074 uerbis
785 3031 855 3072 vere
875 3023 905 3071 et
946 3009 1046 3089 roprie
1067 3006 1246 3094 colligimur,
1336 3010 1339 3026 ¹

77 3105 186 3152 natura
205 3093 323 3152 unicum
344 3091 536 3166 essel'ilium,
554 3090 687 3152 similiter
704 3088 872 3162 conficitur,
890 3032 985 3148 solum
1006 3107 1021 3144 a
1042 3083 1131 3143 Patre
1151 3080 1247 3173 diligt,
1305 3121 1313 3137 .

79 3169 220 3230 etsolum
237 3168 377 3229 constitui
389 3168 554 3242 doctorem,
573 3180 607 3228 ut
625 3178 692 3226 tota
709 3163 866 3226 auctoritas
885 3164 1090 3244 peneslipsum
1110 3160 1246 3222 resideat.

80 3245 115 3305 Si
137 3243 202 3326 quis
222 3246 357 3325 excipiat,
377 3265 414 3306 au
434 3265 496 3304 non
517 3243 639 3325 angelos
659 3255 690 3302 ct
709 3241 842 3302 homines
863 3241 1042 3312 ametDeus‚
1058 3239 1247 3370 inpromptu

79 3322 193 3384 solutio
213 3335 267 3396 est,
308 3334 443 3382 aternum
453 3321 513 3381 Dei
533 3333 676 3394 amorem,
696 3320 747 3398 qui
766 3315 942 3379 diffunditur
958 3317 995 3376 ad
1013 3313 1134 3395 angelos
1147 3324 1177 3372 et
1211 3331 1247 3370 o·
1267 3373 1286 3386 ,,

80 3400 194 3474 mines,
222 3343 333 3460 abillo
354 3398 438 3458 sonte
459 3398 589 3476 prodire.
627 3398 733 3475 Neque
759 3395 836 3455 euim
861 3394 931 3454 ideo
956 3392 1089 3474 diligitur
1114 3409 1130 3448 a
1155 3389 1247 3448 Patre

80 3475 185 3552 Filius,
204 3486 239 3536 ut
258 3475 329 3535 odio
343 3475 403 3535 sint
418 3471 492 3533 aliae
511 3485 673 3546 creaturae,
693 3472 746 3532 sed
757 3482 790 3530 ut
802 3471 883 3552 qood
893 3466 1113 3548 sibiproprium
1125 3475 1170 3526 est
1180 3483 1246 3522 cum
1321 3483 1334 3498 ⁸

81 3552 141 3614 illis
161 3552 374 3626 communicet,
403 3569 571 3630 quanquam
596 3549 709 3610 diversa
729 3559 774 3608 est
791 3557 894 3608 nostra
913 3557 943 3605 et
961 3542 1135 3626 angelorum
1154 3539 1247 3598 ratio:

81 3651 152 3690 uam
174 3627 204 3687 bi
223 3627 240 3689 a
258 3629 328 3689 Deo
347 3647 499 3706 nunquam
519 3625 638 3686 alienati
657 3627 786 3698 luerunt,
804 3634 839 3682 ut
856 3619 1085 3682 reconciliatore
1105 3636 1182 3705 opus
1194 3614 1248 3703 ba-

83 3707 186 3780 beant,
206 3726 262 3766 nos
281 3715 379 3765 autem
399 3702 510 3762 inimici
529 3714 654 3794 propter
672 3712 837 3782 peccatum,
856 3699 953 3759 donec
973 3717 1039 3786 eum
1059 3689 1247 3780 nobrslffbrr-

82 3795 142 3844 stus
163 3782 315 3862 propitiat
352 3781 455 3840 Manet
472 3791 572 3840 tamen
591 3778 665 3840 allud
684 3779 789 3852 lixum,
813 3777 914 3838 Deum
932 3784 1063 3850 utusque
1083 3777 1246 3858 quopataum

85 3880 160 3934 esse,
180 3871 324 3938 quatenus
344 3877 399 3918 nos
418 3857 450 3916 in
472 3855 591 3916 Christo
612 3854 832 3935 complectitur,
871 3852 918 3911 uia
938 3869 976 3910 ne
996 3844 1110 3928 angelis
1129 3842 1249 3922 quidem

83 3937 149 3998 sine
170 3935 267 4016 capite
287 3935 370 3994 firma
388 3945 467 3995 esset
486 3953 550 3992 cum
563 3933 632 3993 Deo
654 3930 835 3992 coniunctio.
882 3949 928 3988 am
945 3945 1036 4006 quum
1053 3917 1250 4012 buicloquatur

84 4015 186 4086 Pater,
206 4023 238 4072 et
255 4033 287 4074 se
307 4011 395 4072 alium
413 4033 429 4070 a
445 4011 469 4069 F
471 4007 523 4069 ilio
537 4009 683 4092 designet,
700 4007 844 4087 seqnitur,
862 4002 998 4088 personis
1010 4000 1163 4072 distinctos
1175 4014 1251 4072 esse,
1310 4029 1314 4038 »

85 4090 207 4172 quaudo
233 4109 291 4150 una
316 4099 361 4152 est
384 4087 511 4148 essentia
530 4098 561 4145 et
580 4087 683 4148 eadem
702 4083 846 4146 mussas.
883 4081 987 4171 Ipsam
1005 4075 1109 4138 audite·
1146 4075 1251 4209 Nuper

86 4165 243 4242 admonui,
267 4165 320 4226 bac
344 4185 420 4228 voce
441 4162 574 4226 revocari
593 4161 755 4224 Ecclesiam
781 4159 818 4220 ad
842 4178 961 4218 umcum
985 4155 1140 4244 doctorem
1161 4149 1186 4238 (Ξ
1209 4171 1251 4209 ιι-

85 4257 175 4319 stum,
196 4255 229 4304 ut
248 4252 359 4302 tantum
379 4241 417 4301 ab
438 4241 500 4302 eius
520 4260 573 4300 ore
593 4241 731 4319 pendeat
769 4233 834 4297 Etsi
850 4233 931 4294 enim
951 4243 1033 4293 vemt
1051 4229 1201 4302 Christus,
1217 4233 1253 4284 ut

87 4320 165 4405 Legi
189 4333 221 4382 et
240 4319 398 4400 Prophetis
422 4319 511 4382 iidem
530 4329 652 4393 asserat,
679 4315 722 4378 sic
745 4327 846 4376 tamen
871 4317 997 4392 occupat
1020 4328 1163 4371 summum
1182 4323 1252 4386 gra·
