2766 4840
697 69 708 102 t

159 228 219 295 27⁶
370 261 373 268 .
590 199 728 283 'sace
746 211 862 281 uun.

160 379 273 463 tubaes
294 389 328 446 et
348 373 592 463 congregabunt
613 371 736 441 electus
758 373 860 440 elusa
876 375 1150 462 quatuorcentis,
1171 395 1322 442 asumma
1371 377 1372 458 l

159 484 328 554 coelorum
347 500 452 569 usque
473 478 515 546 ad
536 481 690 546 terminos
712 499 834 546 eorum
884 501 911 618 Ἰ

240 713 381 783 Mane.
402 713 486 806 Xlll.
528 713 580 778 24.
601 712 778 781 Caeterum
799 715 833 779 in
855 710 973 780 diebus
993 710 1059 778 illis
1072 719 1158 830 post
1179 707 1321 776 afflictio-

158 837 232 884 nem
255 815 342 881 illam
364 815 423 886 sol.
437 815 721 894 obtenebrabitur,
750 828 781 882 ct
810 816 888 882 luna
910 833 978 879 uon
1003 811 1094 878 dabat
1117 812 1321 900 splendorem

157 941 259 986 suum.
301 921 352 986 25.
373 921 415 986 Et
434 919 549 986 stellae
571 920 657 986 coeli
679 919 841 998 decident,
864 928 895 982 et
916 919 1066 994 virtutes,
1087 937 1174 1002 quae
1197 921 1230 982 in
1254 939 1322 983 coe·
1371 927 1372 938 ¹

157 1017 199 1088 lis
219 1033 309 1101 suut,
340 1023 573 1090 concutientur.
624 1025 674 1089 ffi.
705 1023 748 1090 Et
769 1033 848 1088 tuuc
867 1018 1026 1100 videbunt
1046 1017 1166 1084 Filium
1187 1019 1323 1088 bominis

157 1126 343 1192 venientem
368 1127 403 1191 in
429 1123 572 1192 nubibus
600 1141 671 1192 cum
693 1119 853 1214 potestate
875 1122 975 1190 multa
997 1133 1030 1188 et
1050 1121 1162 1210 gloria.
1200 1123 1253 1204 21.
1280 1123 1324 1188 Et
1371 1149 1372 1160 ¹

157 1239 235 1300 tunc
256 1231 359 1296 mittet
380 1229 514 1322 angelos
534 1251 620 1308 suos,
640 1241 673 1296 et
695 1227 879 1318 aggregabit
901 1223 1023 1294 electos
1045 1248 1124 1294 suos
1145 1247 1164 1291 a
1183 1235 1323 1314 quatuor
1371 1217 1372 1228 ’

156 1333 271 1413 ventis,
290 1354 311 1398 a
331 1353 455 1400 summo
476 1345 584 1400 terrae
602 1355 707 1421 usque
729 1330 771 1398 ad
791 1350 948 1395 sumntum
969 1325 1065 1395 eceli.

228 1547 342 1618 'LUG
362 1540 447 1620 xxi.
487 1553 539 1618 25.
574 1549 617 1618 Et
644 1559 738 1617 eruut
765 1549 856 1634 signa
884 1548 918 1614 iu
944 1543 1032 1626 sole,
1058 1541 1138 1614 luna
1161 1557 1194 1614 et
1216 1545 1323 1628 stellis,

156 1663 190 1719 ct
209 1656 244 1720 iu
265 1656 360 1720 terris
380 1659 521 1722 anxietas
542 1655 681 1743 gentium
710 1655 744 1738 iu
773 1649 1019 1736 desperatione,
1045 1637 1225 1716 resonante
1247 1656 1322 1716 mari

156 1769 189 1822 et
211 1757 326 1824 iluctu:
367 1759 419 1822 26.
446 1757 586 1824 Extabes
608 1753 756 1844 centibus
775 1752 959 1822 bominibus
980 1775 1059 1839 prae
1080 1756 1200 1820 timore
1222 1765 1255 1820 et
1275 1777 1323 1819 ex·
1371 1759 1372 1764 ’

154 1862 355 1945 spectatione
383 1881 515 1939 eorum,
547 1879 631 1946 quae
657 1861 890 1944 supervenient
918 1854 992 1922 orbi
1021 1867 1191 1924 terrarum.
1244 1859 1322 1924 Nam

153 1951 289 2026 virtutes
310 1961 476 2027 coelorum
499 1963 734 2028 concutientur.
776 1961 828 2026 27.
855 1960 897 2024 Et
915 1969 998 2024 tuuc
1024 1957 1187 2025 ridebunt
1209 1961 1321 2026 Filium

154 2061 295 2131 bominis
326 2068 510 2132 venientem
546 2067 579 2130 in
615 2062 704 2130 nube
736 2085 807 2128 cum
835 2072 994 2148 potestate
1022 2073 1055 2129 et
1084 2061 1192 2148 gloria
1219 2063 1321 2130 multa.

155 2169 208 2234 28.
239 2167 299 2234 His
332 2179 439 2235 autem
465 2168 540 2236 fieri
568 2165 799 2254 incipientibus
825 2167 977 2252 suspicite
1005 2176 1038 2232 et
1062 2166 1195 2234 attolite
1222 2171 1322 2254 capita

38 2279 40 2286 “
156 2273 447 2362 vestra,·quoniam
468 2275 708 2363 appropinquat
728 2269 910 2376 redemptio
930 2279 1047 2336 vestre.

233 2579 295 2642 Iam
315 2579 353 2641 ad
371 2580 491 2663 plenam
510 2581 597 2665 regui
614 2581 659 2643 sui
670 2579 941 2661 manifestationem
954 2579 1106 2641 descendit
1120 2580 1270 2655 Christus,
1290 2583 1325 2643 rie
1371 2633 1372 2664 ,

156 2657 319 2794 quajuitio
339 2669 460 2740 rogatus
480 2657 591 2734 iuerat,
617 2679 651 2720 ac
677 2657 849 2748 promittit,
867 2667 1021 2737 postquam
1047 2667 1096 2716 tat
1121 2658 1208 2720 malis
1234 2661 1325 2750 vexati
1371 2679 1372 2754 J

172 2745 280 2808 uerrnt,
301 2745 454 2795 venturam
474 2755 528 2797 suo
548 2747 683 2818 ternpore
704 2734 949 2814 redemptionem.
971 2735 1062 2794 ·Nam
1083 2733 1143 2794 boc
1163 2755 1326 2816 praecipue
1371 2789 1372 2804 ,

149 2809 301 2890 'spectavit
319 2809 351 2869 iu
371 2830 423 2870 suo
444 2831 600 2892 responso,
618 2824 652 2872 ut
672 2811 741 2872 disci
765 2810 829 2879 ulos
848 2831 916 2871 suos
936 2811 1015 2870 bona
1034 2830 1089 2891 spe
1107 2811 1270 2888 stabiliret,
1289 2833 1326 2872 ne
1371 2833 1372 2836 ¹

145 2897 283 2972 propter
302 2885 441 2947 contusos
461 2899 556 2948 motus
575 2887 679 2949 animis
699 2833 869 2948 deicerent.
915 2887 989 2948 Itleo
1009 2907 1072 2945 nou
1091 2887 1273 2969 simpliciter
1291 2889 1325 2950 tle

157 2961 285 3021 adventu
299 2982 353 3021 suo
368 2962 511 3043 loquitur,
529 2965 581 3025 sed
601 2963 789 3046 propheticas
809 2963 952 3042 loquendi
974 2963 1082 3024 formas
1101 2977 1240 3045 usurpat,
1261 2967 1325 3046 qui·

156 3035 211 3097 bus
231 3037 405 3118 utquisque
424 3041 516 3122 magis
536 3051 599 3101 erat
617 3042 764 3116 intentus,
791 3040 832 3100 ita
859 3040 958 3100 durius
976 3039 1150 3100 tentationis
1171 3055 1324 3103 certamen

157 3131 193 3172 ex
211 3113 361 3174 contrario
382 3129 489 3177 eventu
509 3115 607 3180 subire
627 3138 748 3178 necesse
768 3115 905 3176 babebat.
951 3116 1032 3192 Quid
1054 3116 1134 3176 enim
1155 3119 1254 3202 magis
1274 3120 1325 3179 ab·

156 3189 276 3249 surdum
290 3211 376 3270 quam
388 3213 512 3276 regnum
527 3193 637 3256 Christi
655 3215 716 3255 non
733 3193 825 3254 modo
840 3191 1076 3274 contemptibile,
1095 3195 1148 3253 sed
1160 3215 1255 3256 cruce
1270 3217 1325 3276 op-
1343 3235 1347 3246 ·

158 3285 301 3345 pressum,
320 3269 416 3328 multis
437 3269 554 3350 probris
574 3283 761 3351 coopertum,
781 3279 811 3329 et
824 3270 905 3330 omni
918 3291 1028 3353 genere
1042 3269 1217 3332 afflictionis
1230 3273 1325 3332 obru-

87 3397 91 3407 .
155 3351 366 3418 trimetrum,
385 3345 422 3406 tle
442 3366 502 3425 quo
521 3359 584 3407 tam
600 3347 757 3440 magnifice
769 3347 937 3426 Prophetae
956 3345 1129 3408 concionati
1149 3350 1325 3410 enecetur
1371 3347 1372 3354 '

157 3437 220 3478 nou
240 3421 353 3500 requiri
372 3433 491 3502 poterat
509 3422 642 3484 maiestas
661 3423 722 3498 illa,
742 3443 817 3503 quae
835 3422 893 3484 soli
913 3434 944 3483 et
963 3422 1049 3484 lunae
1070 3434 1102 3484 et
1121 3423 1214 3484 stellis
1233 3437 1326 3484 teue-

155 3493 223 3556 bras
243 3496 422 3576 obduceret,
444 3510 537 3560 totam
559 3511 732 3560 concuteret
751 3499 831 3559 orbis
851 3499 1030 3574 machinam,
1057 3511 1087 3561 et
1105 3501 1244 3562 usitatum
1266 3523 1325 3560 na-

96 3611 117 3632 .=
154 3581 238 3633 turae
257 3574 399 3636 *ordinem
425 3575 571 3636 mutaret?
596 3576 650 3635 His
676 3575 887 3636 tentationibus
911 3596 989 3635 nunc
1008 3575 1158 3637 Dominus
1178 3578 1326 3650 occurrit,

152 3651 360 3730 pronuntians,
379 3645 512 3731 quarnarii
528 3672 590 3712 non
609 3652 706 3714 statim
726 3651 931 3744 compleantur
944 3652 1177 3730 haecvaticinia,
1193 3653 1261 3733 ipso
1273 3665 1324 3712 ta-

154 3745 224 3786 men
250 3737 357 3788 eventu
382 3727 606 3810 comprobatum
631 3729 750 3798 tandem
769 3729 815 3789 in.
847 3727 963 3798 ,Sensus
983 3730 1082 3808 itaque
1103 3741 1164 3804 ert,
1184 3749 1263 3810 quae
1285 3730 1325 3790 de

94 3849 98 3869 .
152 3803 325 3884 prodigiosa
334 3815 392 3864 tam
405 3804 483 3865 coeli
494 3825 580 3884 quam
591 3815 688 3866 terrae
698 3806 893 3868 concussione
905 3805 976 3878 oiim
988 3804 1139 3886 praedicta
1149 3818 1248 3882 erant,
1257 3828 1325 3867 nou

153 3877 264 3940 debere
283 3882 320 3940 ad
338 3881 551 3960 redemptionis
571 3882 723 3944 exordium
736 3881 892 3964 restringi,
912 3882 980 3963 quia
996 3893 1091 3943 toturn
1111 3903 1245 3960 cursum,
1267 3885 1324 3945 du-

152 3973 209 4016 uec
228 3955 265 4016 ad
282 3969 391 4018 metam
410 3967 529 4018 rentum
549 3957 639 4034 soret,
658 3956 803 4038 complexi
823 3958 935 4018 luerint
947 3957 1125 4038 Prophetae.
1155 3961 1251 4021 Nunc
1269 3959 1324 4020 ubi

150 4039 284 4092 tenemus
306 4031 416 4096 Christi
425 4033 606 4108 consilium,
635 4034 728 4096 facilis
749 4047 793 4096 est
810 4035 970 4095 verborum
988 4035 1205 4117 intelligentia,
1236 4035 1321 4116 quoti

150 4103 342 4196 scilicetmcn
362 4109 463 4176 statim
478 4110 734 4172 obtenebrandum
758 4111 953 4184 sitentium,
976 4113 1028 4172 sed
1052 4125 1213 4192 postquam
1240 4113 1323 4172 affli-

151 4181 298 4244 cucurbas
318 4184 455 4246 defuncta
474 4185 715 4248 fueritEcclesia.
752 4189 823 4249 Non
843 4189 924 4268 quod
943 4188 1046 4248 ultimo
1067 4188 1189 4250 demum
1202 4188 1321 4250 Christi

149 4251 278 4316 adventu
300 4261 467 4342 apparitura
491 4263 529 4324 sit
553 4265 639 4346 regni
659 4264 721 4324 eius
741 4259 836 4348 gloria
857 4276 887 4326 et
905 4264 1054 4339 maiestas,
1078 4264 1132 4324 sed
1152 4267 1225 4346 quia
1246 4265 1320 4324 illuc

148 4345 240 4404 mque
259 4329 395 4396 ‹littertur
414 4355 517 4398 aarum
537 4338 797 4420 complementum,
816 4361 894 4421 quae
911 4335 975 4402 fieri
994 4351 1163 4422 coeperunt
1179 4355 1251 4424 post
1268 4361 1320 4402 rc-
