2766 4840
457 205 592 282 cuursm
611 235 800 284 verterunt.
1150 229 1209 293 ῆι

51 376 129 438 rumis
148 377 295 438 tenaciter
312 375 474 437 haerebant
489 375 603 454 ludaei,
621 385 655 436 ut
667 375 709 444 ad
725 373 913 455 Prophetias,
932 372 1039 454 quibus
1056 375 1208 455 praedicta

50 467 107 514 erat
118 455 177 514 eius
191 452 326 524 abolitio,
347 453 467 514 minime
480 454 678 528 attenderent,
699 450 843 526 Christus,
856 448 936 532 quasi
947 472 1048 511 aurem
1057 451 1210 528 vellicans,

49 542 154 591 attente
175 531 276 593 locum
288 529 377 590 illum
399 528 498 612 legere
519 530 528 588 i
551 551 598 590 sos
618 529 716 592 iubet:
735 541 769 589 ut
782 529 894 588 discant
907 528 984 590 clare
994 539 1132 588 testatum
1145 549 1209 590 esse

48 607 242 688 aProphetis,
262 609 342 686 quod
364 607 420 668 illis
440 620 500 668 tam
520 551 640 667 dificile
661 617 705 667 est
724 605 846 666 creditu.
884 604 1067 666 Abominatio
1086 617 1208 666 tantun-

48 685 108 744 dem
118 682 196 743 valet
206 705 239 744 ac
253 683 439 765 profanatio:
459 703 527 744 nam
547 683 601 744 hac
620 705 693 744 voce
707 693 827 744 notatur
836 683 1043 757 immundities,
1064 703 1139 773 quae
1150 704 1209 763 pu-

48 783 105 820 rum
118 759 177 820 Dei
198 759 308 820 cultum
328 761 411 821 vitiat
431 771 480 820 aut
500 759 614 822 evertit.
653 760 771 820 Dicitur
788 769 884 820 autem
904 759 1107 834 desolationis,
1125 761 1208 839 quod

48 837 144 916 templi
165 849 196 896 et
215 837 338 974 golitiae
358 837 510 898 interitum
530 858 627 913 secum
647 837 791 897 traheret:
810 836 895 896 sicuti
911 836 990 916 prius
1011 857 1075 916 cap.
1089 843 1117 901 9.
1139 835 1209 916 pol-

48 913 186 973 lutionem
207 935 222 972 a
257 915 409 974 Antiocho
426 908 546 988 illatam,
587 914 648 974 uosi
658 912 794 977 vexillum
804 912 1002 992 temporariae
1014 912 1207 974 desolationis

46 1011 103 1050 esse
123 990 248 1050 dixerat:
268 990 310 1050 sic
332 991 409 1050 enim
430 1012 538 1050 nomen
560 936 634 1067 allae,
654 993 701 1052 vel
715 989 900 1069 expansionis
913 989 1104 1068 interpretor.
1136 989 1207 1049 Fal-

45 1066 142 1126 luntur
161 1078 270 1142 autem,
291 1066 864 1146 quibusvideturnotariHierosolymae
885 1065 1015 1126 obsidio:
1036 1087 1091 1126 nec
1102 1085 1207 1128 eorum

46 1143 136 1202 errori
148 1143 349 1225 suffragantur
360 1145 458 1205 Lucae
471 1143 570 1219 verba,
590 1144 636 1203 cui
657 1165 719 1204 nnn
739 1144 827 1217 idem,
846 1145 898 1202 sed
918 1142 997 1202 aliud
1017 1141 1116 1202 dicere
1154 1163 1207 1203 ro-

44 1219 170 1298 positum
191 1219 256 1280 fuit
294 1222 369 1281 Nam
391 1221 458 1300 quia
479 1219 549 1280 olim
570 1221 639 1280 urbs
658 1221 707 1281 illa
728 1220 809 1300 quasi
828 1219 859 1278 in
879 1219 979 1280 medio
1001 1217 1114 1281 excidio
1128 1163 1209 1278 llbe-

44 1307 101 1354 rata
123 1295 231 1370 fuerat,
250 1317 289 1358 ne
309 1298 379 1376 quid
400 1297 458 1357 tale
478 1297 510 1356 in
530 1310 681 1378 posterum
702 1306 823 1432 sperent
840 1295 953 1369 fideles,
972 1293 1148 1386 simulatque
1168 1294 1206 1355 ab

43 1371 173 1432 hostibus
188 1374 364 1434 circumdata
378 1374 478 1450 fuerit,
497 1375 670 1454 pronuntIat
684 1372 708 1433 C
732 1373 817 1432 ristus
827 1385 923 1433 aetum
935 1371 1011 1446 fore,
1032 1391 1098 1462 quta
1118 1391 1207 1452 pror-

41 1470 85 1506 sus
105 1449 215 1510 nudata
235 1449 274 1510 sit
285 1451 343 1510 Dei
359 1450 475 1510 auxilio.
507 1451 617 1512 Sensus
638 1471 711 1532 ergo
732 1460 786 1522 est,
805 1470 868 1509 non
888 1449 953 1508 fore
974 1446 1097 1508 dublum
1115 1468 1207 1509 even-

42 1537 98 1584 tum
112 1524 196 1600 belli,
216 1528 283 1605 quia
304 1527 393 1586 exitio
413 1527 520 1588 devota
540 1528 578 1587 sit
598 1525 666 1587 urbs
687 1526 747 1598 illa,
767 1526 847 1604 quod
858 1524 951 1585 nihilo
963 1524 1056 1604 magis
1069 1524 1210 1606 effugere

41 1603 168 1679 poterit,
193 1624 279 1681 quam
306 1603 434 1664 coeleste
460 1604 611 1665 decretum
638 1604 814 1664 rescindere.
859 1601 934 1662 lden
959 1600 1112 1680 aliquanto
1137 1611 1208 1682 post

40 1677 202 1750 subiicitur,
222 1681 313 1759 ipsam
334 1701 349 1739 a
369 1681 507 1760 gentibus
528 1682 669 1741 calcatum
690 1680 739 1740 iri:
762 1701 836 1759 quae
850 1677 986 1758 loquutio
1001 1676 1134 1736 ultimam
1144 1675 1206 1736 rui-

41 1775 107 1834 uam¹
123 1755 281 1837 siguificat.
319 1756 416 1817 Porro
437 1758 505 1836 quia
524 1758 554 1818 in
574 1781 586 1817 s
611 1757 705 1818 eciem
723 1753 880 1816 absurdum
900 1767 981 1830 erat,
1006 1765 1207 1820 sanctam'ur-

40 1829 105 1890 bem
135 1833 175 1892 ita
201 1833 338 1912 prostitui
363 1834 496 1914 gentium
522 1779 653 1908 illidat,
677 1835 793 1894 additur
819 1831 1004 1906 consolatio,
1029 1831 1066 1892 ad
1090 1841 1208 1910 tempus

39 1908 177 1986 gentibus
198 1909 328 1989 permitti
347 1922 462 1970 tantum
482 1911 634 1984 licentiae,
662 1911 759 1970 donec
778 1921 955 1969 maturescat
973 1929 1075 1968 earum
1094 1907 1207 1988 iniqui-

39 1994 89 2059 tas,
108 1998 200 2064 atque
220 1986 250 2045 in
271 1986 366 2046 lucem
387 2000 521 2067 crumpat
540 2008 615 2068 quae
636 1987 691 2047 illis
712 1987 842 2068 reposita
863 1997 907 2044 est
926 1985 1010 2046 ultio.

113 2068 163 2127 16.
204 2063 291 2123 Tunc
314 2068 364 2142 pai
387 2068 419 2122 in
438 2063 552 2124 ludicen
569 2079 645 2124 sunt.
688 2064 851 2144 Postquam
874 2061 935 2120 Pro
959 2061 1045 2121 hetae
1069 2062 1207 2121 testimo·
1312 2073 1317 2086 '

40 2137 87 2196 nio
102 2138 206 2200 docuit
220 2137 363 2212 Christus,
381 2139 494 2230 templo
516 2141 675 2219 profanato·
695 2141 867 2199 exstinctum
888 2159 923 2217 pa
958 2159 977 2196 o
994 2147 1066 2225 post
1084 2138 1122 2196 iri
1142 2136 1206 2196 cul-

41 2223 99 2273 tum
113 2215 251 2296 legalem,
271 2215 399 2286 subiicit,
420 2217 496 2276 daras
518 2227 548 2275 et
568 2217 728 2276 horrendas
750 2214 928 2275 calamitates
945 2223 1002 2272 tota
1014 2211 1142 2272 Iudaeae
1157 2212 1206 2271 in-

37 2301 125 2364 stare,
146 2303 179 2349 ut
199 2290 272 2348 nihil
292 2311 310 2350 o
336 2291 449 2350 labilius
469 2291 508 2349 sit
527 2312 613 2370 quana
633 2291 818 2370 proculinde
831 2287 969 2350 subduci:
990 2297 1020 2347 et
1031 2287 1116 2346 simul
1129 2288 1205 2348 adeo

36 2367 209 2456 repentinas
226 2365 290 2426 fore
305 2313 385 2439 dicit,
405 2377 439 2425 ut
456 2365 504 2426 tis
524 2368 694 2426 celerrimae
715 2363 802 2448 fugae
822 2377 937 2442 tempus
956 2385 1009 2442 sup
1033 2375 1117 2444 etat.)
1137 2365 1206 2424 Huc

36 2463 115 2501 emm
129 2441 282 2520 pertinent
293 2441 494 2520 loquutiones,
512 2447 563 2522 qui
580 2447 612 2502 in
631 2451 701 2503 tecto
720 2457 771 2514 est,
793 2464 830 2502 ne
848 2445 934 2503 intret
950 2443 982 2498 in
1022 2461 1136 2500 omum:
1155 2445 1207 2522 qui

33 2522 64 2578 in
83 2539 162 2594 agro
181 2531 236 2592 est,
260 2540 297 2577 ne
313 2533 489 2580 reomenses-r
513 2540 553 2578 ne
582 2519 695 2580 scilicet
722 2519 790 2579 dum
818 2539 869 2578 sua
893 2536 1011 2577 servare
1031 2517 1155 2596 cupiunt
1173 2537 1206 2578 se

35 2595 115 2685 ipsos
139 2595 272 2674 perdant.
311 2594 405 2670 Item',
432 2618 486 2656 voe
499 2595 730 2672 praegnantibu
747 2610 774 2656 et
792 2591 980 2654 luctantibus:
1006 2593 1074 2672 quia
1093 2591 1207 2652 scilicet

36 2671 152 2730 liberae
173 2683 203 2730 et
224 2672 374 2751 expeditae
394 2673 430 2732 ad
451 2673 551 2754 fugam
571 2694 632 2732 uon
655 2684 750 2732 erunt
782 2673 869 2743 Item,
888 2684 970 2730 orote
985 2691 1023 2728 rte
1040 2665 1058 2727 d
1078 2691 1137 2728 eme
1155 2683 1208 2727 out

34 2747 154 2809 subbato
172 2753 319 2824 confinget
328 2751 415 2826 siege
433 2765 543 2810 oestro:
569 2769 607 2810 ne
632 2750 744 2810 scilicet
769 2748 989 2808 festinationem
1012 2767 1048 2805 ve
1086 2745 1206 2826 religio,

35 2826 79 2886 vel
96 2825 212 2885 itineris
230 2826 381 2904 asperitas,
403 2839 433 2886 et
452 2827 579 2904 brevitas
601 2827 712 2886 dierum
733 2825 874 2906 impediat
892 2846 926 2884 ac
945 2835 1087 2882 moretur.
1120 2823 1206 2884 con.
1246 2851 1248 2856 ,

35 2901 131 2960 silium
166 2923 239 2984 ergo
266 2901 377 2962 Christi
405 2903 476 2977 fuit,
505 2901 632 2984 primum
655 2925 723 2964 suos
750 2901 993 2984 expergefacere,
1022 2919 1062 2960 ne
1082 2898 1204 2972 ,beatam

35 2979 161 3058 anrplius
192 2977 321 3056 quietem
352 2981 497 3062 regnique
527 2980 639 3040 terreni
669 2979 787 3042 delicias
817 2978 1063 3116 imaginarenturt
1096 2977 1204 3035 deiude

37 3075 140 3114 eorum
167 3054 281 3115 animos
306 3057 481 3118 fortitudine
505 3057 637 3131 munire,
662 3079 699 3118 ne
725 3056 874 3117 communi
898 3077 930 3114 us
954 3053 1045 3114 ruinis
1069 3074 1205 3114 succum-
1277 3089 1281 3103 ι

36 3129 152 3191 berent.
193 3132 330 3192 violenta
352 3133 472 3213 quidem
492 3133 549 3194 fuit
568 3135 640 3194 baec
660 3133 841 3206 admonitio,
865 3153 921 3214 pro
948 3130 1082 3210 ipsorum
1104 3141 1203 3190 tamen

35 3219 159 3288 stupore
181 3219 212 3268 et
232 3208 346 3290 ingenti
366 3210 509 3270 malorum
530 3213 673 3292 gravitate
693 3209 866 3270 neccssaria.
1112 3254 1116 3265 .
1145 3243 1150 3255 ›

110 3293 160 3350 21.
199 3283 268 3344 Erit
292 3289 367 3345 enim
393 3303 464 3348 tune
483 3311 502 3346 n
514 3292 623 3368 fle'cn'o.
668 3286 761 3346 Lucas
789 3286 877 3346 etiam
902 3283 964 3344 dies
989 3281 1112 3343 ultionis
1137 3283 1204 3342 fore

36 3359 117 3436 dicit,
140 3373 171 3420 et
191 3361 262 3420 iram
284 3362 313 3420 in
334 3364 447 3443 populo
469 3364 488 3422 il
504 3387 533 3439 0,
554 3377 586 3423 ut
605 3363 784 3444 impleantur
804 3381 995 3442 quaecunque
1008 3361 1115 3439 scripta
1126 3372 1203 3419 sunt.

35 3436 109 3496 Nam
131 3460 223 3516 quum
244 3437 390 3499 obstinata
411 3441 515 3520 populi
534 3440 645 3500 malitia
665 3452 785 3521 ruptum
806 3452 876 3499 tunc
898 3436 988 3497 fuerit
1007 3435 1066 3495 Dei
1088 3437 1224 3516 foedus(

35 3524 144 3574 terram
165 3515 257 3594 ipsam
278 3526 308 3574 et
328 3521 425 3575 aerem
447 3517 615 3608 prodigiosa
628 3516 793 3577 mutatione
807 3515 926 3576 concuti
941 3511 1084 3593 oportuit.
1113 3511 1203 3570 Nulla

36 3591 156 3666 quidem
177 3593 268 3674 magis
290 3591 411 3653 exitialis
429 3593 517 3675 plaga
533 3593 644 3654 inflicta
659 3592 850 3665 fuitludaeis,
871 3613 957 3672 quam
970 3589 1050 3668 quod
1062 3587 1203 3648 exstinctu

34 3669 111 3744 apud
140 3688 192 3726 cos
218 3667 353 3730 coelestis
379 3668 532 3729 doctrinae
558 3669 623 3729 luce
648 3669 749 3729 reiecti
776 3691 791 3729 a
815 3669 884 3728 Deo
912 3667 1041 3732 fuerunt.
1090 3665 1202 3722 Verum

33 3745 131 3822 (quod
153 3743 183 3802 in
204 3757 284 3804 tanta
305 3744 412 3804 duritie
433 3765 551 3806 neeesse
572 3748 649 3823 erat)
669 3745 837 3806 reiectionis
857 3765 926 3804 suae
945 3741 1053 3801 malum
1075 3739 1153 3798 duris
1173 3751 1204 3798 et

56 3819 175 3880 ravibus
196 3820 320 3902 flagellis
340 3822 449 3881 sentire
470 3822 565 3883 coacti
585 3835 662 3881 suut.
694 3819 852 3882 Caeterum
871 3833 930 3881 tam
950 3818 1117 3878 horrendae
1137 3814 1202 3876 vin-

34 3839 132 3956 lictae
160 3919 244 3956 causa
271 3896 341 3970 fnit,
367 3899 447 3976 quod
468 3899 504 3958 ad
523 3920 666 3958 summum
687 3900 833 3959 cumulum
854 3905 1029 3978 pervenerat
1048 3893 1098 3952 des
1123 3904 1203 3950 erata

27 3973 110 4032 illius
123 3973 221 4054 gentis
233 3975 375 4053 impietas.
396 3975 485 4036 ,Nam
506 3996 580 4053 quae
602 3997 704 4034 eorum
724 3973 834 4034 morbis
856 3973 940 4033 allata
963 3981 1026 4029 erat
1044 3913 1202 4044 medicina,

33 4071 96 4110 non
117 4049 247 4141 superbe
267 4054 357 4112 modo
379 4050 415 4112 ab
437 4051 492 4110 illis
512 4063 609 4131 spreta
625 4052 737 4126 fuerat,
756 4051 808 4110 sed
825 4045 1038 4110 contumeliose
1055 4045 1201 4106 etiamre-
1225 4118 1227 4129 Ι

32 4125 126 4186 fecta:
143 4147 207 4204 pino
229 4125 260 4186 in
280 4128 374 4208 ipsum
394 4127 540 4188 medicum
557 4127 725 4202 crudeliter,
744 4140 882 4206 tanquam
897 4121 999 4184 furiosi
1010 4122 1056 4182 vel
1070 4123 1202 4202 abrepti-

33 4203 83 4276 cii,
102 4203 277 4262 saevierant
317 4203 418 4278 Quum
437 4225 509 4268 vero
529 4204 561 4264 in
581 4203 650 4284 ipsis
670 4217 728 4264 um
748 4223 849 4264 severe
870 4201 1048 4262 obstinatum
1062 4201 1200 4336 Evange-

32 4279 63 4337 lii
86 4291 291 4356 contemptum
312 4303 369 4340 una
390 4303 455 4340 cum
476 4279 656 4360 pervicaciae
677 4280 760 4340 rabie
779 4279 857 4339 ultus
876 4279 913 4338 sit
931 4277 1094 4351 Dominus,
1113 4299 1153 4336 nu
1178 4278 1201 4335 is
1222 4279 1225 4286 “

29 4375 153 4434 semper
171 4367 242 4416 ante
261 4358 364 4418 oculos
383 4369 517 4420 versetur
537 4377 640 4419 eorum
665 4377 779 4438 poena:
804 4377 839 4419 ac
864 4355 934 4418 inde
960 4354 1102 4420 discamus
1127 4353 1200 4414 nibil
