2790 4838
174 269 248 344 ,aaa
449 261 603 328 sucuro
624 263 661 325 n
699 261 793 326 usus
813 276 856 324 rr
877 247 1071 328 perusin.

189 443 206 483 a
226 421 314 482 Patre
332 417 457 500 tempus.
493 419 723 480 Notaretatuen
743 417 999 498 operaepretium
1019 430 1081 493 est,
1107 417 1176 480 dum
1197 417 1331 480 maxime

191 509 337 562 conantur
360 496 442 577 impii
462 496 521 559 Dei
546 495 671 580 gloriam
697 493 843 571 obruere,
874 495 949 555 adeo
980 499 1042 556 hou
1074 495 1219 575 consequi
1244 499 1333 576 quod

190 599 203 638 s
228 585 326 648 eraut,
355 585 389 633 ut
412 573 495 632 Deus
520 583 680 632 retrorsum
705 571 803 651 potiris
828 584 896 654 agat
921 592 1057 652 perversa
1085 592 1189 632 eorum
1221 573 1331 634 studia.

193 597 271 728 Ursis
297 651 375 710 enim
394 649 452 708 loci
473 649 644 710 celebritate
665 649 783 708 cesserit
804 645 951 722 Christus,
982 649 1011 706 in
1038 648 1107 728 ipsis
1127 659 1226 707 tamen
1250 649 1329 710 late-

112 798 119 806 ,
190 729 252 790 bris
271 746 334 787 non
354 725 459 786 desiuit
479 724 592 807 fulgere
613 723 673 784 eius
693 723 798 806 gloria,
815 725 877 785 imo
898 725 929 784 in
949 724 1056 784 iustum
1076 747 1159 785 suum
1179 726 1332 806 splendo-

190 827 252 870 rem
272 801 428 888 magnihce
449 802 583 881 erumpit

265 886 313 945 17.
357 877 590 954 dirimeretur,
609 873 690 958 quod
705 871 810 936 dictum
829 891 877 936 est.
913 877 985 939 Nou
996 877 1091 938 intelli
1115 877 1325 956 itblatthaeus,

190 959 221 1020 in
242 976 277 1017 eo
300 975 419 1036 prorsus
439 955 617 1035 completum
645 954 732 1014 luisse
751 953 935 1028 vaticinium,
967 955 1048 1046 quod
1069 897 1203 1014 (lhristus
1223 977 1328 1016 rismo-

119 1065 124 1070 ·
188 1055 237 1096 res
259 1033 364 1093 desua
384 1033 491 1092 virtute
512 1051 576 1090 cunr
596 1050 706 1124 magno
726 1029 849 1110 strepitu
867 1031 980 1112 vulgari
1001 1032 1172 1112 prohibuit,
1196 1034 1249 1094 sed
1271 1033 1325 1093 hac

191 1131 230 1192 qn
273 1108 361 1168 usin
382 1119 465 1189 parte
486 1108 594 1168 editum
614 1107 703 1186 inflasse
724 1107 785 1166 eius
804 1107 1032 1168 mansuetndinis
1053 1107 1219 1189 specimen,
1249 1129 1327 1188 quae

189 1209 247 1267 apu
288 1185 410 1245 Iesaiam
431 1184 460 1242 in
482 1173 609 1264 pe‘rsooa
630 1184 752 1244 Messian
772 1183 970 1276 depingitur..
991 1185 1124 1245 Virtutes
1144 1183 1228 1258 illae,
1253 1205 1326 1264 quas

189 1266 269 1326 inter
294 1278 404 1344 paucos
427 1261 519 1321 editas
545 1259 699 1344 magnifice
724 1261 825 1320 iactari
850 1260 946 1321 nol'uit
972 1261 1123 1336 Christus,
1155 1261 1268 1322 coelum
1292 1274 1326 1321 et

188 1353 298 1402 terram
319 1348 478 1400 concutere
490 1348 645 1416 poteraut.
670 1339 754 1420 Ergo
770 1357 832 1396 non
853 1337 964 1420 vulgari
985 1339 1162 1398 documento
1183 1336 1325 1413 ostendit,

189 1437 278 1500 qnam
297 1415 404 1495 procul
423 1413 539 1474 abesset
558 1413 595 1474 ab
616 1412 815 1473 ostentatione
840 1426 871 1473 et
893 1433 1004 1550 pompa
1023 1414 1134 1474 mundi.
1173 1413 1255 1474 Utile
1275 1425 1323 1474 ta-

190 1514 259 1556 men
278 1503 324 1552 est
348 1489 470 1572 propius
488 1501 632 1558 ¹excutere
657 1489 799 1550 Matthaei
818 1490 987 1551 conscium:
1021 1491 1080 1560 hae
1096 1490 1174 1550 euim
1195 1490 1324 1551 circum-

190 1569 296 1632 stantia
316 1573 480 1631 monstrare
499 1565 603 1642 voluit,
621 1580 684 1625 non
704 1559 774 1626 ideo
794 1567 915 1628 mirmrb
936 1567 1142 1627 aestimeudar'n
1162 1587 1228 1628 esse
1247 1567 1324 1628 divi-

189 1647 289 1708 nitatie
311 1644 422 1705 Christi
442 1639 584 1725 gloriam,
611 1642 692 1722 quod
711 1642 764 1700 sub
786 1642 961 1703 infirmitatis
981 1645 1078 1724 specie
1099 1665 1135 1724 ap
1159 1643 1245 1704 aruit.
1283 1645 1325 1704 Et

190 1722 322 1786 certain
340 1721 468 1780 eundern
488 1739 611 1799 scopum
631 1717 735 1778 direxit
746 1718 873 1798 Spiritus
892 1732 1007 1782 sauctus
1027 1665 1205 1781 oeulosi’ro
1228 1721 1324 1782 hetae.

189 1801 265 1862 Nam
289 1809 324 1857 ut
347 1811 415 1857 caro
440 1815 557 1876 semper
577 1805 727 1854 externum
751 1795 939 1876 splendorem
965 1817 1002 1878 ap
1025 1797 1094 1872 etit,
1124 1817 1163 1856 ne
1190 1741 1272 1858 idum
1291 1798 1323 1857 in

189 1875 296 1936 Massia
317 1882 495 1953 quaererent
514 1869 631 1944 fideles,
655 1882 775 1931 testatus
795 1882 840 1931 est
857 1873 985 1964 Spiritus
1004 1817 1078 1947 bet,
1098 1890 1218 1953 prorsus
1239 1872 1325 1933 dissi-

189 1951 288 2012 milem
308 1947 521 2010 lore'terrenis
538 1947 673 2028 regibus,
706 1947 755 2027 qui
775 1958 808 2006 ut
832 1947 888 2009 sibi
909 1950 1130 2010 admirationem
1150 1949 1325 2026 concilient,

191 2045 371 2108 quocunque
390 2025 529 2100 veniunt,
552 2043 678 2107 magnos
698 2024 849 2086 concitant
869 2026 1027 2104 clamores,
1055 2026 1143 2088 urbes
1163 2037 1196 2087 et
1213 2027 1324 2108 oppida

188 2105 315 2165 tumultu
339 2100 473 2181 implent.
518 2101 604 2161 Nune
633 2101 839 2180 perspicimus,
878 2123 964 2182 quam
988 2115 1071 2183 apte·
1090 2103 1256 2166 Matthaeus
1286 2103 1322 2164 ad

189 2189 374 2318 ppaesentem
394 2198 509 2238 causam
529 2178 740 2238 accommodet*
754 2177 921 2258 Prophetae
941 2180 1119 2239 vaticinium.
1158 2182 1233 2240 Nam
1254 2181 1322 2259 quia

96 2319 100 2327 ,
222 2279 272 2318 eus
291 2255 369 2316 Filio
389 2275 442 2314 suo
462 2253 601 2314 humilem
620 2253 825 2336 abiectumque
845 2275 1002 2346 personam
1023 2256 1172 2336 imposuit,
1192 2277 1231 2316 ue
1251 2256 1322 2335 quid

190 2332 318 2396 scandali
338 2333 425 2395 rudes
444 2331 614 2411 concipiant
639 2349 673 2389 ex
692 2332 909 2412 contemptibili
937 2345 967 2392 et
987 2333 1111 2406 obscura
1132 2334 1195 2393 eius
1215 2334 1322 2409 sorma,

190 2425 250 2474 tam
269 2409 420 2488 Propheta
441 2427 526 2487 quam
547 2408 711 2468 Matthaeus
732 2421 906 2480 occurrunt,
927 2431 959 2472 ac
980 2409 1174 2490 pronuntiant
1192 2429 1256 2469 non
1276 2421 1322 2470 te-

189 2507 281 2562 mere,
300 2487 352 2546 sed
372 2485 495 2546 coelesti
516 2485 636 2544 decreto
656 2485 695 2543 ita
716 2483 789 2558 lieri,
808 2485 925 2545 ut·talis
942 2487 1074 2566 prodeat
1114 2487 1204 2548 Unde
1224 2487 1324 2567 sequi·

190 2578 253 2638 tur,
271 2583 430 2646 perperam
449 2562 547 2621 lacere
568 2581 619 2621 eos
636 2581 754 2636 omnes,
775 2561 825 2641 qui
846 2561 994 2623 Christum
1015 2553 1223 2643 aspernantur,
1254 2563 1323 2644 quia

190 2641 285 2704 earnis
309 2639 385 2700 votis
409 2659 471 2698 non
496 2639 658 2730 respondet
671 2649 800 2697 *externa
830 2638 891 2699 eius
918 2639 1060 2700 conditio.
1110 2641 1218 2719 Neque
1245 2641 1323 2701 euim

165 2718 278 2780 ,nobis
299 2716 449 2776 Christum
468 2714 623 2794 imaginari
648 2713 691 2774 fas
712 2725 770 2788 est,
797 2715 847 2792 qui
866 2716 990 2796 ingenio
1011 2727 1114 2776 nostro
1134 2718 1324 2796 respondeas,

189 2795 242 2856 sed
261 2793 435 2872 simpliciter
461 2807 581 2850 necesse
602 2800 647 2850 est
666 2809 730 2850 mm
751 2791 903 2870 amplecti,
946 2792 1018 2852 ualis
1040 2793 1166 2853 ollertur
1186 2793 1321 2854 aPatre.

135 2942 140 2952 x
189 2873 295 2950 ltaque
319 2869 412 2929 salute
435 2867 573 2948 indiguus
594 2876 652 2940 est,
691 2865 738 2926 cui
761 2867 882 2927 vilescet
903 2808 1023 2954 ChristiN
1033 2869 1195 2946 humilitas,
1237 2891 1322 2948 quam

189 2947 247 3008 sibi
272 2945 389 3026 placere
414 2943 495 3004 Deus
518 2951 650 3003 testatur.
692 2944 779 3002 Nunc
807 2944 954 3006 descendo
979 2945 1016 3005 ad
1040 2945 1131 3008 verba
1151 2945 1323 3027 Prophetae

154 3068 159 3077 =
205 3025 261 3084 les.
280 3028 319 3086 42
348 3031 400 3086 1..
812 3040 815 3049 ·
1005 3055 1010 3066 ·

183 3031 202 3130 “(
266 3065 329 3164 18.ν
352 3025 544 3166 Eicasmus
561 3118 665 3172 meus„
690 3096 762 3171 Quo
784 3117 837 3156 nos
854 3099 890 3158 ad
904 3097 1056 3158 arbitrium
1076 3119 1159 3159 suum
1180 3099 1326 3180 astringat

190 3177 284 3248 Deus,
304 3175 386 3253 quasi
406 3173 499 3254 digito
521 3173 650 3233 ostendit
670 3193 756 3309 quem
777 3174 913 3235 missurus
931 3187 992 3246 est,
1009 3187 1096 3254 atque
1116 3175 1173 3236 huc
1193 3177 1326 3256 pertinet

191 3250 448 3312 demonstrationis
467 3260 549 3322 uota,
567 3269 638 3310 ecca.
701 3249 787 3309 insilis
801 3252 888 3311 etiam
907 3251 983 3311 ratio
1003 3251 1103 3313 subest
1122 3252 1154 3311 in
1173 3253 1324 3332 epithetis,

182 3349 265 3410 .quae
285 3337 462 3418 sequuntur,
492 3326 572 3404 quod
596 3349 709 3388 sunum
732 3349 814 3387 snum
836 3327 968 3388 nominat
988 3341 1018 3388 et
1037 3329 1171 3402 chaum,
1205 3330 1237 3388 in
1263 3351 1324 3408 quo

191 3405 349 3484 acquiescat
369 3403 430 3463 eius
450 3403 571 3464 animus.
610 3403 699 3464 Unde
720 3403 797 3463 euim
817 3403 865 3479 fit,
888 3416 923 3464 ut
943 3405 1091 3468 Christum
1112 3406 1249 3466 homines
1268 3427 1322 3467 suo

190 3503 277 3542 sensu
296 3480 394 3540 metiri
414 3481 550 3553 audeaut,
570 3479 625 3540 uisi
646 3481 712 3559 quia
732 3489 794 3540 non
815 3481 983 3561 expendunt
993 3483 1232 3562 redemptionem
1243 3503 1324 3542 snam

109 3603 117 3610 -
192 3579 299 3620 amera
310 3557 369 3617 Uei
380 3555 472 3639 gratia
483 3557 650 3637 penderei,
672 3558 754 3617 llaec
775 3577 845 3618 vero
867 3557 952 3620 nimis
973 3559 1010 3618 im
1033 3557 1108 3618 ruba
1128 3570 1173 3619 est
1191 3559 1324 3634 licentia,

191 3655 280 3716 quum
299 3633 386 3694 nobis
405 3631 667 3714 incomparabilem
687 3633 855 3695 thesaurum
875 3635 984 3695 ollerat
1034 3655 1097 3710 eus,
1127 3636 1256 3716 pretium
1281 3637 1326 3697 illi

189 3723 317 3774 statuere
337 3733 393 3792 pro
414 3711 507 3772 carnis
527 3723 646 3770 nostrae
666 3710 793 3770 fastidio.
837 3713 877 3770 Et
923 3733 955 3772 er
974 3711 1176 3774 excellentiam
1201 3724 1326 3774 vocatur

189 3811 303 3864 seruus,
339 3809 402 3848 non
421 3798 559 3866 tauquam
578 3807 653 3846 unus
673 3787 798 3865 quilibet
818 3807 850 3847 er
870 3733 976 3872 vuigo,
1002 3791 1053 3849 sed
1074 3789 1120 3850 cni
1139 3789 1223 3848 Deus
1243 3790 1326 3850 redi-

190 3868 314 3927 mendae
329 3864 481 3926 Ecclesiae
501 3875 597 3944 partes
619 3875 648 3922 et
667 3881 771 3922 munus
791 3864 923 3923 iniunxit
964 3865 1043 3940 Quia
1063 3885 1135 3926 vero
1156 3885 1246 3926 nemo
1267 3866 1325 3927 sibi

190 3941 493 4024 usurpat=honorem,
524 3941 574 4000 scd
600 3941 657 4020 qui,
669 3951 788 4000 vocatus
809 3952 854 4001 est
870 3941 978 4001 merito
998 3943 1028 4000 in
1050 3941 1154 4002 ordine
1175 3954 1326 4018 censetur,

190 4019 364 4100 pronuntiat
382 4017 464 4076 Deus
484 4038 537 4076 suo
558 4015 695 4089 decreto,
725 4015 850 4078 electum
871 4038 933 4078 esse
954 4019 1003 4096 qui
1023 4018 1087 4078 talis
1107 4017 1223 4097 prodit:
1244 4021 1325 4081 unde

132 4131 135 4139 ι
189 4097 339 4173 sequitur,
371 4086 414 4154 ias
435 4115 496 4154 non
517 4114 579 4152 esse
600 4091 765 4153 homiuibus
784 4093 879 4176 ipsum
898 4115 1052 4186 respuere,
1085 4094 1203 4173 quirin
1224 4095 1326 4156 Deum

123 4186 129 4195 ·
191 4170 398 4231 contumeliosi
418 4182 449 4229 et
467 4169 603 4250 sacrilegi
624 4180 728 4229 essent.
767 4171 807 4231 Et
826 4183 906 4232 certe
926 4171 1011 4230 nimis
1032 4169 1188 4231 absurdum
1211 4185 1271 4248 est,
1292 4185 1326 4233 ut

191 4253 299 4307 nostra'
311 4246 435 4307 libidine
453 4245 500 4308 vel
520 4245 657 4336 superbia
676 4246 759 4306 irrita
783 4247 847 4324 liat,
879 4269 953 4327 quae
973 4259 1073 4308 sancta
1094 4261 1124 4306 et
1143 4247 1324 4310 inviolabilis
1347 4277 1352 4284 ·

192 4341 254 4383 esse
275 4323 365 4383 debet
381 4323 440 4382 Dei
460 4334 585 4386 vocabo.
625 4323 759 4405 Longius
782 4336 880 4384 tamen
906 4335 1002 4404 patet,
1057 4325 1118 4384 uod
1138 4325 1221 4385 addit
1240 4327 1324 4386 Deus

191 4400 269 4480 apud
288 4399 482 4480 Prophetam,
511 4399 736 4481 Beneplacitum
759 4401 872 4464 animae
892 4423 962 4464 suae
981 4347 1110 4466 residere
1131 4401 1162 4464 in
1183 4400 1344 4470 Christo2

388 4563 394 4580 ι
456 4535 462 4562 l
