2766 4834
988 125 993 133 ι
1015 81 1023 112 l

155 251 217 334 ‘ebt
316 249 469 316 sacrm
490 246 543 310 IV.
581 235 926 310 casertanensem
947 257 1128 308 rnnrnrre.

160 403 282 472 taudem
301 393 487 484 atepe'valet
504 403 536 464 in
556 401 709 483 Scriptura
729 417 765 462 ac
783 399 873 492 Legis
893 389 1079 473 observatio,
1100 409 1131 458 et
1148 396 1190 457 lta
1210 397 1308 456 lnrnc

157 481 260 543 lecum
280 491 428 560 exponere
449 477 535 552 licet,
562 479 738 558 oportuisse
760 477 926 552 Christum,
951 497 986 536 ex
1005 495 1065 554 quo
1085 485 1193 554 sponte
1214 473 1309 556 Legi

157 570 192 618 ‘se
212 555 388 630 subiecerat,
413 553 494 617 omni
514 575 547 614 cx
567 567 650 636 parte
672 572 740 616 eam·
755 575 882 614 servare.
925 553 993 634 Ege
1013 565 1112 610 tamen
1130 550 1307 632 simplicius

158 634 297 714 accipere
325 631 404 702 malo
434 631 568 704 inbnnc
591 631 726 704 medum,
757 629 814 692 acsi
841 627 958 690 dixisset
982 627 1132 703 Christus,
1162 627 1199 687 de
1225 647 1306 685 mea

162 710 307 792 dignitate
325 729 404 766 nunc
425 706 529 766 emitte
549 705 646 788 lequi2
672 717 770 787 nequ'e
791 708 869 767 enirn
890 705 921 764 id
940 706 1053 788 agitur,
1071 717 1138 763 uter
1155 713 1303 780 nostrum

162 785 257 846 altere
282 785 321 844 sit
344 785 556 863 praestantior,
579 785 632 844 sed
657 785 755 865 potins
779 783 969 863 spectandum
990 794 1048 856 est,
1074 779 1304 858 quid=vocatio

75 866 76 878 ¹
161 873 263 922 nestra
285 859 434 941 postulet,
459 871 490 919 et
513 860 690 951 quidnobis
710 859 814 920 aDeo
835 861 922 920 Patre
947 857 1111 917 iniunctum
1136 855 1182 916 sit
1232 857 1305 915 Ista

163 938 242 998 enim
261 935 407 1018 generalis
426 936 603 1016 suscipiendi
624 937 760 1019 baptismi
785 938 861 997 ratio
883 936 938 996 luit
957 934 1095 1008 Christe,
1120 943 1154 994 ut
1172 933 1304 1012 plenam

159 1011 549 1092 obedientiampraestaret
566 1015 661 1073 Patri:
687 1013 821 1093 specialis
841 1024 948 1086 antem,
968 1023 1002 1070 ut
1020 1010 1195 1090 baptismum
1217 1029 1305 1068 con-

134 1083 137 1096 '
160 1101 292 1152 sacraret
310 1089 341 1148 in
361 1109 415 1164 sno
435 1089 524 1168 ipsius
544 1102 736 1169 torperent
754 1089 842 1150 nobis
862 1087 1023 1150 communis
1043 1109 1108 1147 curn
1128 1107 1166 1146 eo
1187 1082 1282 1148 etset.

239 1171 286 1232 Μ’.
324 1162 411 1224 Mile·-
428 1185 501 1242 epate
523 1179 572 1226 ast,
586 1167 638 1226 ebs
661 1182 688 1226 te
711 1156 863 1243 baptizari.
909 1163 1031 1226 Certum
1057 1175 1114 1238 est,
1139 1162 1304 1222 Christum

157 1256 226 1302 non
246 1231 337 1304 brodo
358 1241 504 1324 insignem
515 1241 696 1334 Prepbe'tam
716 1264 730 1302 a
752 1243 866 1302 Ioanne
886 1241 975 1302 fuisse
994 1240 1136 1322 agnitum,
1155 1251 1189 1298 ut
1207 1238 1304 1298 multi

83 1375 85 1380 .
163 1318 266 1398 inepte
284 1317 441 1392 somniant,
460 1317 638 1382 sed.Filrurn
658 1320 728 1394 Dei,
746 1331 780 1382 ut
799 1331 874 1380 erat:
895 1318 1027 1398 alioquin
1047 1315 1170 1376 iniurius
1191 1315 1304 1375 suisset

162 1393 250 1470 Dee,
268 1405 397 1454 sanctam
418 1394 479 1454 eius
498 1397 686 1456 vocationem
705 1395 819 1457 bomini
838 1393 955 1458 mortali
975 1392 1157 1453 submittens.
1204 1391 1303 1452 Unde

163 1481 261 1532 autem
281 1470 455 1546 innotuerit,
474 1471 588 1532 discant
606 1473 733 1534 lectores
755 1493 794 1545 cn
808 1472 928 1533 loannis
941 1490 1011 1552 tcap.
1027 1479 1056 1544 1,
1067 1477 1113 1535 lb·
1134 1471 1207 1528 Erat
1227 1469 1302 1548 qui-

161 1548 235 1608 den‘a
255 1547 330 1608 haec
354 1543 517 1626 probabilis
541 1550 694 1610 recusandi
721 1561 820 1623 causa,
847 1550 927 1628 qued
952 1547 1097 1626 baptismo
1123 1545 1197 1606 nibil
1219 1564 1327 1626 opus.

163 1622 256 1687 babet
276 1621 419 1700 Christus,
437 1625 489 1683 sed
508 1623 548 1682 in
561 1646 597 1696 eo
619 1625 810 1688 hallucinatus
833 1638 877 1688 cst
895 1626 1040 1697 loannes,
1080 1623 1140 1685 ned
1161 1641 1223 1682 nen
1245 1643 1301 1682 ex·
1377 1667 1378 1676 ,

163 1699 279 1783 pendit,
299 1698 422 1758 aliorum
443 1719 528 1761 carna
547 1699 723 1782 baptismum
743 1700 779 1762 ab
801 1723 839 1761 eo
860 1701 929 1784 peti.
969 1701 1043 1760 Ideo
1093 1699 1199 1758 hristus
1220 1719 1302 1758 cen-

163 1773 293 1836 siderare
315 1795 380 1834 eum
400 1774 493 1852 lubet,
513 1777 583 1855 quid
602 1785 754 1859 susceptae
774 1778 850 1838 servi
872 1797 1018 1858 personae
1031 1775 1204 1848 conveniat,
1225 1776 1301 1854 quia

164 1851 330 1914 voluntaria
349 1849 494 1912 subiectio
515 1853 588 1912 nibil
601 1855 725 1936 derogat
737 1855 807 1916 ¹eiua
819 1853 941 1938 gloriae.
980 1853 1044 1912 Etsi
1064 1863 1161 1912 autem
1179 1857 1300 1912 tentent

164 1927 261 1990 virum
301 1947 346 1986 ars
358 1926 593 2006 aliquamunerls
612 1931 656 1992 sui
677 1932 713 1991 ad
734 1945 847 2022 tempus
867 1929 962 2002 latuit,
982 1950 1043 1991 uon
1063 1939 1161 1988 tamen
1179 1927 1304 1988 obstitit

164 1948 348 2084 particularis
374 2025 473 2082 error,
522 2005 570 2064 uin
596 2008 652 2067 rite
673 2020 703 2067 et
721 2007 852 2091 legitime
872 2005 1023 2086 Baptistae
1049 2005 1151 2064 ellicio
1177 2004 1301 2064 lnnetus

163 2081 212 2140 sit.
252 2079 477 2160 Quo‘exemple
499 2026 656 2160 docemur,
675 2103 737 2142 nen
757 2096 868 2144 temere
890 2083 1005 2154 lacere,
1025 2081 1076 2160 qui
1097 2081 1259 2140 iniunctam
1282 2101 1301 2141 a

162 2155 299 2219 Domine
326 2156 508 2236 prouinciam
530 2159 645 2220 obeunt
665 2180 724 2240 pre
741 2159 930 2220 revelationis
950 2158 1057 2232 mode,
1081 2157 1213 2236 quamvis
1232 2179 1300 2218 uon

164 2231 263 2293 statim
283 2245 482 2312 assequantur,
503 2236 644 2324 quicquid
662 2237 813 2296 vesatieni
834 2251 978 2298 annerum
998 2245 1052 2308 est,
1071 2233 1118 2298 vel
1138 2234 1175 2295 ab
1186 2253 1221 2294 ea
1242 2233 1299 2294 de-

189 2309 285 2369 endet.
323 2309 460 2374 Notanda
482 2324 569 2372 enam
590 2312 650 2374 eius
668 2307 830 2390 modestia,
850 2311 931 2394 quod
950 2311 1166 2372 sententiasna
1186 2310 1300 2370 cedens

164 2329 287 2446 libristo
306 2386 403 2446 statim
425 2385 618 2470 obtemperat
950 2431 954 2442 ·
1043 2431 1046 2440 ·

240 2469 288 2529 16.
325 2461 403 2524 Eece
421 2469 516 2540 epu-ti
531 2481 597 2526 sent
615 2467 662 2526 ttlt
679 2465 760 2527 coeli.
797 2465 924 2544 Apamia
948 2463 1093 2526 coelem
1117 2483 1174 2543 pro
1199 2465 1299 2524 mani-

165 2537 325 2600 festatione
357 2539 607 2614 leriaecoelestis
626 2543 775 2604 interdum
787 2541 941 2624 accipitur,
960 2541 1091 2602 bicvero
1102 2541 1188 2600 etiam
1201 2539 1300 2622 signi-

165 2613 240 2674 ficat'
257 2559 379 2676 risibilis
405 2615 482 2678 coeli
507 2620 674 2694 scissuram,
699 2619 740 2680 ita
764 2627 803 2678 ut'
823 2620 991 2701 perspicere
1017 2617 1149 2697 potuerit
1167 2618 1301 2678 Ioannes

162 2689 276 2774 aliquid
300 2691 478 2774 planetis'et
496 2696 579 2755 astris
597 2697 739 2777 superius.
782 2697 889 2776 Neque
910 2695 989 2755 enim
1014 2694 1086 2754 alius
1111 2705 1299 2773 potestesse

76 2780 79 2789 “
164 2789 266 2830 sensus
290 2769 450 2830 verborum
474 2769 595 2850 Messi,
623 2773 674 2852 qui
700 2773 786 2848 dicit,
818 2793 884 2836 cuna
907 2771 1011 2838 vidisse
1043 2769 1158 2832 diffindi
1184 2771 1298 2833 coelos.

165 2844 310 2904 Subtilius
334 2857 432 2908 autem
456 2846 622 2926 inquirere,
647 2850 739 2934 qualis
752 2840 856 2916 luerit
881 2849 1020 2923 scissura,
1045 2867 1143 2925 neque
1169 2847 1206 2906 ad
1233 2869 1297 2908 rens

161 2921 290 2980 'multum
310 2923 456 3002 pertinet,
476 2945 573 3014 neque
594 2925 683 2984 etiam
703 2926 837 3008 expedit:
858 2925 927 3004 quia
946 2925 1013 2984 satis
1033 2933 1078 2984 est
1095 2929 1218 2998 t'cnere,
1238 2924 1298 2984 bec

165 2992 255 3056 fuisse
275 2998 527 3076 praesentiaeDcr
545 3001 719 3082 symbolum.
759 3003 855 3062 Porro
876 3019 965 3080 quum
976 3002 1074 3060 dicant
1088 2999 1299 3082 Evangelistae

167 3073 309 3154 Spiritum
330 3087 462 3136 sanctum
481 3077 621 3137 aletene
639 3078 740 3157 vuum,
759 3079 821 3138 eius
841 3077 930 3142 etiam
949 3098 1034 3138 causa
1053 3077 1296 3155 praecipue-coe,

166 3150 213 3209 los
237 3149 325 3212 luisse
345 3165 463 3232 apertos
483 3153 640 3233 probabile
661 3167 713 3224 est
759 3153 936 3233 Quanquam
962 3173 1025 3213 nen
1044 3171 1210 3235 repugna,
1223 3153 1297 3232 quin

167 3225 300 3288 Christus
321 3226 423 3304 ctiam,
448 3241 589 3366 quatenus
614 3233 704 3292 borno
726 3243 804 3304 erat,
830 3229 962 3290 redditus
981 3230 1019 3290 sit
1043 3249 1111 3290 suae
1130 3229 1297 3290 secationis

166 3303 285 3362 certior.
317 3305 437 3385 ”Atque
477 3329 511 3367 ec
538 3307 660 3368 tendere
686 3309 824 3370 videntur
848 3305 1080 3378 Luormsverha,
1110 3327 1201 3384 quem
1225 3304 1297 3368 dicit

166 3390 271 3440 orante
293 3378 413 3442 Cbriste
433 3393 551 3463 apertos
571 3385 659 3458 luisse
680 3384 789 3446 coelos.
829 3383 893 3447 Eut
915 3383 992 3445 enirn
1011 3402 1075 3446 suas
1096 3402 1199 3464 preces
1219 3403 1295 3444 sem-

165 3476 221 3536 per
240 3455 271 3514 in
292 3455 416 3518 alierum
435 3481 518 3520 esum
540 3458 706 3535 destinavit,
727 3481 801 3546 epus
820 3471 919 3520 tamen
935 3457 1042 3518 babuit
1060 3459 1221 3524 secuudum
1239 3457 1295 3518 be'-

165 3531 291 3610 nriraem,
311 3551 399 3614 quum
419 3532 478 3598 tani
498 3535 619 3597 arduum
638 3531 759 3597 militiae
785 3557 877 3622 genus
898 3555 1049 3618 aggressus
1070 3535 1129 3608 cst,
1154 3533 1296 3617 singula’ri

166 3609 294 3689 Spiritus
313 3609 422 3672 virtute
442 3613 555 3673 armari.
593 3612 655 3674 Sed
674 3614 721 3673 laic
742 3613 879 3672 oriuntur
897 3613 972 3672 duae
992 3611 1193 3692 quaestiones:
1214 3611 1296 3690 prior

167 3698 228 3762 est,
256 3708 309 3748 cur
327 3701 395 3754 tene
414 3689 601 3752 descenderit
618 3690 650 3752 in
671 3689 820 3751 Chlist'um
840 3688 863 3748 S
885 3689 983 3762 iritus,
1008 3688 1058 3768 qui
1082 3687 1139 3748 iam
1156 3690 1247 3770 prius,
1264 3687 1294 3746 in

167 3785 205 3824 ee
225 3763 381 3826 residebat.
427 3767 510 3826 Hanc
532 3767 735 3847 quaestionem
759 3763 848 3826 solvit
864 3711 950 3828 locus
969 3765 1080 3826 lesaiae
1100 3770 1153 3837 61,
1179 3771 1222 3840 1.,
1268 3763 1296 3822 ni

166 3840 236 3904 alibi
248 3841 434 3902 tractabitur:
443 3843 699 3926 SpiritusDemiui
711 3843 935 3922 superme,idee
947 3841 1028 3902 unxit
1039 3785 1293 3925 me,adet·aquli-

166 3917 290 3980 eandum
302 3918 485 3998 pauperibus
493 3919 572 3992 misit
581 3939 638 3978 me.
660 3919 801 3996 Quamvis
812 3917 951 4004 singulari
965 3917 1091 3997 Spiritus
1101 3917 1195 4008 gratia
1205 3934 1294 3995 usqne

166 3994 203 4059 ad
214 3992 385 4054 miraculum
400 3993 533 4055 Christus
547 3993 713 4069 excelleret,
726 3996 806 4058 demi
815 4007 912 4054 tannen
926 4015 957 4054 se
970 3993 1050 4074 quasi
1063 4005 1192 4072 privatus
1207 3993 1293 4054 bomo

167 4067 329 4144 contleuit,
356 4087 451 4150 ,nsque
478 4073 547 4132 dum
573 4072 780 4150 producendus
806 4083 882 4132 esset
907 4091 922 4130 a
949 4071 1046 4132 Patre.
1099 4071 1142 4129 Er
1165 4089 1186 4130 o.
1207 4090 1293 4142 nnnc,

112 4219 118 4226 .
167 4145 235 4208 dem
257 4145 338 4206 adest
356 4159 500 4208 maturum
519 4160 651 4226 tempus,
673 4168 732 4226 qne
753 4169 784 4208 sc
805 4145 841 4214 ad
883 4148 1067 4206 raestandum
1088 4090 1293 4224 Redemptoris

166 4241 272 4280 mirrrns·
291 4223 435 4304 accingat,
455 4224 565 4284 nevaS
589 4223 670 4284 iritus
690 4224 797 4285 virtute
818 4225 847 4282 in
872 4224 957 4296 uritur,
978 4224 1066 4302 idque
1086 4243 1148 4282 nen
1167 4233 1227 4280 tarn
1246 4241 1293 4281 sua

168 4319 256 4378 qnam
274 4297 399 4361 aliorum
418 4321 511 4364 causa.
558 4243 704 4361 densetae
727 4301 805 4360 eninr
825 4301 883 4360 bec
904 4295 1011 4364 sactum
1033 4310 1091 4372 est,
1120 4311 1153 4356 nt
1166 4297 1294 4358 'divinam

168 4373 229 4436 eius
253 4374 391 4441 virtutem
416 4375 562 4462 suspicere
594 4388 624 4440 et
648 4379 820 4442 renuentes
853 4373 989 4455 amplecti
1015 4373 1295 4449 ascenaentem,

1020 4623 1027 4650 l
