2764 4854
166 239 224 301 tte
399 234 515 298 SECT.
535 232 614 296 XIX.
654 249 787 302 cnnrsrs
807 251 923 298 onssto
944 252 986 297 rr
1006 251 1105 298 unns.

166 387 267 451 sinite:
295 388 361 450 vice
389 388 468 450 euim
501 387 717 452 interiectionis
754 391 882 470 positum
914 402 959 450 est
989 390 1130 466 verbum,
1162 393 1219 454 acsi
1244 391 1332 456 dixis·

167 483 221 526 stu
263 487 276 525 s
318 477 354 528 st
704 527 706 530 .

221 475 350 602 t’idiittin
369 549 416 610 50.
448 541 554 625 Quum
576 547 679 604 berum
703 542 864 604 ctmmsn.
902 543 1014 617 Lucas,
1044 543 1095 623 qni
1120 545 1231 626 prioris
1255 565 1331 626 que-

166 619 312 679 rimoniae
330 637 393 680 non
414 619 560 694 meminit,
586 621 669 680 buius
689 621 810 682 secundi
831 619 967 680 clamoris
991 619 1080 682 verba
1104 622 1230 695 recitat,
1255 644 1332 702 quac

166 695 331 762 Matthaeus
351 707 382 755 et
400 695 516 757 biamus
519 706 734 832 ‘praetereunt
772 696 856 756 Dicit
873 708 971 757 antem
996 696 1153 772 clamasse,
1172 697 1284 772 Pate,
1301 704 1332 758 s·

127 827 130 839 ,
164 793 270 832 mausus
299 787 364 832 tuos
393 793 518 834 nommant
540 796 570 850 o¹
589 777 723 850 misina
750 793 862 834 mouns:
892 793 953 852 quo
985 785 1105 834 testatus
1137 786 1201 849 est,
1231 797 1331 856 qnam-

166 849 209 908 vis
229 850 342 908 duriter
362 862 519 910 concussus
537 862 615 910 esset
633 849 773 911 violentis
791 848 1017 924 tentationibus,
1036 851 1123 910 fidem
1140 863 1244 912 tamen
1255 873 1335 912 usam

165 925 288 987 minime
313 926 402 987 fuisse
430 947 616 1000 concussam,
649 927 700 987 sed
725 947 779 986 suo
805 926 874 986 ioco
900 923 1018 1006 semper
1041 927 1183 988 invictam
1208 929 1334 989 stetisse.

166 1001 270 1061 Nniius
291 1003 369 1062 enim
390 1001 499 1064 ciarior
518 1003 567 1088 agi
587 1004 686 1084 potuit
704 1002 877 1082 triumphus,
897 1003 1063 1082 quamdam
1081 1004 1238 1085 intrepide
1248 1004 1336 1064 iactat

166 1075 420 1152 Christus,Dcum
439 1081 553 1141 animae
572 1101 640 1140 suae
660 1081 762 1160 (quam
784 1099 888 1139 omnes
901 1080 1047 1159 perditam
1059 1079 1225 1162 putabant)
1246 1081 1336 1142 fidum

165 1175 228 1216 esse
248 1157 408 1236 custodem.
447 1155 545 1219 Porro
566 1157 633 1236 quia
653 1157 730 1236 apud
757 1155 861 1216 surdos
888 1157 978 1216 verba
998 1155 1130 1218 facturus
1152 1169 1235 1230 erat,
1255 1171 1334 1218 recta

164 1251 197 1292 se
216 1230 253 1293 nd
272 1230 370 1292 Deum
391 1233 533 1305 contulit,
553 1244 584 1294 et
603 1233 726 1295 fiduciae
745 1251 815 1292 suae
834 1232 1036 1293 testimonium
1056 1233 1203 1313 deposuit
1221 1235 1252 1293 in
1274 1236 1334 1294 eius

164 1307 290 1392 grcrnio.
330 1308 434 1368 Voluit
459 1311 578 1389 quidem
603 1307 639 1368 ab
666 1307 835 1369 bominibus
860 1308 989 1369 exaudiri
1014 1309 1096 1390 quod
1122 1309 1262 1385 dicebat,
1286 1313 1336 1370 sed

186 1385 294 1446 oannis
314 1385 387 1446 nihil
408 1388 486 1468 apud
505 1385 640 1448 homines
664 1385 842 1466 proficeret,
855 1385 956 1454 ,unico
974 1385 1043 1447 Deo
1070 1397 1149 1448 teste
1174 1399 1334 1449 contentus

164 1405 229 1522 iuis
268 1463 308 1522 Et
328 1474 408 1523 certe
429 1463 509 1522 nulla
528 1483 574 1524 ma
598 1464 621 1524 is
639 1463 714 1524 seria
735 1461 837 1522 estvel
850 1460 932 1522 firma
945 1462 1046 1523 fideia
1070 1463 1229 1553 probatio,
1249 1486 1333 1545 qnam

163 1537 215 1600 ubi
235 1538 300 1620 pius
320 1539 422 1614 bomo,
442 1540 511 1612 dum
530 1481 661 1620 undique
680 1559 712 1599 se
731 1537 834 1630 impeti
853 1537 943 1612 videt,
962 1551 996 1598 ut
1016 1483 1089 1598 niid
1110 1540 1143 1599 in
1162 1539 1333 1600 bominibus

163 1616 293 1696 reperiat
312 1615 419 1691 solatii,
438 1627 535 1698 spreta
554 1615 646 1677 totius
665 1615 768 1676 mundi
779 1615 903 1690 insania,
923 1614 1042 1676 dolores
1062 1636 1134 1676 suos
1152 1629 1186 1678 et
1200 1639 1286 1679 curas
1304 1619 1331 1676 in

162 1691 223 1752 Dei
241 1693 337 1754 sinmn
357 1705 508 1764 exonerat,
528 1705 559 1754 et
578 1694 609 1752 in
628 1713 681 1772 spe
700 1691 928 1772 promissionum
948 1691 1083 1771 quiescit.
1124 1695 1262 1753 'sametsi
1281 1717 1329 1752 aa·

161 1780 223 1828 tem
243 1769 319 1831 banc
339 1769 479 1848 precandi
499 1771 623 1836 sormam
643 1769 797 1849 sumpsisse
816 1766 933 1829 videtur
952 1789 986 1827 ex
1004 1767 1126 1830 Psalmo
1138 1777 1191 1843 31,
1201 1777 1243 1844 9.,
1263 1772 1332 1830 mibi

161 1855 261 1906 tamen
288 1845 409 1904 dubimn
433 1867 496 1905 nou
523 1857 583 1920 est,
608 1842 684 1924 'quin
710 1865 775 1904 eam
800 1865 857 1934 pro
881 1845 1023 1924 temporis
1048 1845 1273 1907 circumstantia
1297 1847 1331 1907 ad

160 1930 347 2002 praesentem
367 1942 449 1980 usum
469 1943 552 1980 suum
572 1922 732 2001 aptaverit:
752 1941 811 1982 acsr
831 1920 958 1996 dixisset,
978 1920 1080 1982 Video
1102 1924 1255 2002 equidem,
1274 1924 1329 1983 Pa-

160 2007 223 2072 ter,
244 1995 375 2056 omnium
399 1997 521 2058 vocibus
545 2017 593 2058 me
620 1997 760 2058 destinari
780 1998 817 2058 ad
837 1997 1002 2069 interitum,
1028 2011 1059 2058 et
1078 1999 1211 2060 animam
1235 2022 1328 2060 mean

161 2072 380 2152 quodammodo
401 2074 458 2134 buc
477 2085 508 2134 et
525 2073 596 2134 illuc
615 2074 737 2164 raptari:
757 2075 870 2134 interea
891 2075 1050 2134 secundum
1072 2077 1279 2136 carnemnibii
1296 2079 1325 2134 in

160 2162 191 2210 te
211 2149 309 2210 auxilii
327 2151 438 2212 sentio:
459 2171 521 2210 non
540 2161 638 2212 tamen
651 2151 680 2210 sd
693 2150 834 2226 obstabit,
853 2152 1009 2230 quominus
1028 2151 1169 2230 spiritum
1189 2173 1279 2212 neom
1293 2154 1325 2210 in

160 2248 264 2287 manus
288 2238 353 2287 tuas
378 2229 541 2310 deponam,
567 2239 597 2287 et
615 2246 717 2288 secure
743 2225 912 2289 recumbam
932 2228 962 2286 in
983 2227 1163 2289 abscondita
1188 2227 1324 2288 bonitatis

159 2317 229 2363 tuae
249 2300 389 2364 custodia.
428 2305 598 2365 Notandum
617 2315 716 2364 umen
737 2315 791 2378 est,
810 2299 956 2365 Davidem
976 2324 1014 2365 eo
1036 2326 1130 2383 quem
1150 2305 1236 2366 citavi
1254 2305 1323 2366 loco

160 2401 223 2440 non
250 2391 364 2440 tantum
389 2381 447 2442 boc
471 2404 505 2442 ro
529 2401 605 2456 asse,
630 2392 663 2440 ut
688 2381 783 2440 anima
802 2402 870 2454 sua,
894 2381 953 2440 Dei
979 2401 1070 2441 manu
1095 2395 1237 2462 excepta,
1260 2395 1326 2461 post

160 2467 288 2517 mortem
313 2457 390 2519 saiva
416 2470 446 2518 et
465 2481 517 2539 sup
538 2469 610 2518 rstes
634 2469 783 2530 maneret,
807 2457 860 2518 sed
883 2457 972 2518 vitam
996 2479 1079 2521 suam
1106 2459 1326 2519 commendasse

160 2533 311 2609 Domino,
332 2545 364 2594 nt
385 2534 446 2594 eius
465 2535 557 2596 tutela
577 2545 745 2614 protectus,
770 2546 828 2593 tarn
848 2535 948 2596 vivens
969 2555 1055 2614 quam
1077 2537 1212 2596 moriens
1232 2535 1324 2594 felici-

48 2658 52 2671 .
160 2622 208 2670 ter
228 2611 338 2691 ageret.
376 2611 507 2672 Videbat
525 2631 556 2672 se
575 2611 673 2670 multis
692 2609 835 2670 mortibus
855 2611 969 2670 assidue
989 2611 1136 2673 obsideri:
1158 2613 1236 2672 nibil
1257 2634 1327 2691 ergo

160 2687 300 2761 restabat,
318 2687 374 2748 nisi
394 2700 427 2748 ut
446 2710 477 2749 se
497 2683 718 2772 inexpugnabili
738 2687 797 2747 Dei
817 2687 964 2765 praesidio
984 2687 1198 2750 committeret.
1232 2689 1326 2748 Porro

160 2762 212 2824 ubi
231 2763 330 2824 Deum
350 2765 452 2825 statuit
470 2765 585 2825 animae
605 2785 674 2826 suae
694 2764 861 2838 custodem,
885 2775 978 2824 tutam
999 2783 1062 2824 esse
1082 2765 1121 2824 ab
1143 2766 1230 2826 omni
1252 2765 1326 2845 peri-

161 2839 228 2900 culo
249 2841 407 2924 gloriatur:
429 2852 460 2901 et
479 2839 563 2901 simui
584 2839 620 2902 ad
641 2840 807 2902 obeundam
828 2853 965 2913 mortem,
984 2839 1037 2900 ubi
1055 2841 1096 2900 ita
1116 2842 1213 2902 visum
1236 2843 1323 2902 inerit

158 2915 239 2991 Deo,
258 2937 361 2978 secure
380 2937 411 2978 se
432 2929 593 2998 comparat,
613 2917 681 2988 euin
700 2916 848 2978 Dominus
867 2918 929 2996 ipse
950 2917 980 2976 in
1001 2929 1099 2977 morte
1119 2938 1248 2998 quoque
1260 2941 1323 2978 sno-

159 3013 224 3052 rum
245 2995 354 3054 animns
375 2995 511 3055 custodit.
550 2993 636 3055 Nunc
663 2995 731 3075 quia
756 2993 830 3054 iilud
856 2994 936 3075 prius
956 2993 1077 3062 Christo
1098 2995 1237 3055 ablatum
1258 3009 1325 3060 scat,

159 3081 193 3128 nt
212 3071 335 3130 animam
357 3091 437 3132 suam
456 3071 487 3130 in
508 3071 620 3132 caduco
640 3083 778 3132 terrenae
796 3069 874 3132 vitae
893 3075 967 3130 s'tatu
981 3070 1064 3130 Patri
1084 3073 1231 3131 tuendam
1244 3091 1323 3132 com-

158 3145 304 3220 mitteret,
323 3147 460 3207 alacriter
478 3149 514 3208 ad
534 3159 660 3209 mortem
680 3167 822 3230 pergens,
843 3159 921 3208 extra
941 3147 1080 3207 mundum
1101 3147 1218 3208 servari
1238 3149 1322 3230 cupit

140 3220 234 3282 -Nam
253 3221 322 3283 ideo
343 3224 501 3305 praecipue
521 3225 630 3294 animas
650 3237 763 3285 nostras
782 3224 814 3285 in
835 3225 921 3285 fidem
940 3243 1021 3284 suam
1040 3222 1149 3304 recipit
1168 3224 1272 3300 Dens,
1295 3237 1326 3284 ut

158 3319 227 3394 spes
244 3311 345 3361 nostra
365 3299 550 3362 umbratilem
570 3303 646 3363 banc
665 3302 754 3362 vitam
773 3301 969 3362 transcendat.
1008 3300 1071 3360 Iam
1090 3301 1326 3372 meminerimus,

159 3375 309 3438 Lbristum
330 3396 391 3438 nou
412 3379 527 3458 privato
547 3378 591 3439 sui
610 3391 747 3459 respectu
767 3377 985 3439 commendasse
1005 3376 1088 3436 Patri
1107 3377 1255 3453 animam,
1274 3381 1325 3439 sed

158 3473 261 3546 ommes
282 3473 400 3514 suorum
421 3455 551 3516 fidelium
571 3457 681 3517 animos
702 3455 784 3536 quasi
803 3475 864 3515 uno
885 3453 1024 3515 fasciculo
1044 3454 1235 3544 complexum
1251 3477 1326 3528 esse,

115 3565 118 3574 =
156 3541 191 3590 ut
210 3531 294 3592 simul
314 3553 380 3592 cunr
400 3554 451 3592 sua
471 3544 638 3596 serventur:
659 3533 719 3592 imo
740 3533 795 3592 bac
815 3551 902 3612 prece
923 3530 967 3590 ius
986 3530 1122 3590 servanda
1139 3531 1324 3592 omnesani-

157 3629 219 3668 naas
237 3607 294 3668 sibi
314 3608 376 3689 ipse
396 3611 523 3701 peperit,
542 3620 575 3670 ut
594 3631 657 3670 non
675 3607 769 3670 soium
782 3609 813 3669 in
831 3607 891 3668 eius
909 3605 1033 3688 gratiam
1054 3627 1102 3667 eas
1122 3607 1258 3668 custodia
1270 3631 1325 3667 sua

157 3685 298 3768 dignetur
318 3683 453 3746 coelestus
472 3686 572 3761 Pater,
590 3687 641 3747 sed
661 3698 759 3767 partes
779 3685 822 3744 iili
842 3705 906 3745 suas
926 3681 1095 3776 resignans,
1115 3683 1144 3744 ei
1164 3685 1325 3765 sergandas

156 3761 329 3824 committat.
369 3762 471 3837 Quare
491 3775 522 3824 et
540 3761 708 3844 Stephanus
728 3764 759 3823 in
778 3773 892 3835 morte,
916 3759 948 3819 iu
975 3781 1037 3820 erus
1063 3780 1168 3820 manns
1193 3761 1328 3822 animam

155 3856 237 3899 suam
257 3839 389 3920 deponit.
427 3839 558 3900 Domine
577 3841 661 3914 lesu,
680 3839 794 3920 inquit,
818 3837 932 3920 suscipe
951 3835 1086 3917 spiritum
1111 3857 1214 3898 meum
1239 3841 1325 3914 (Act.

56 3924 73 3949 '⁴
154 3921 185 3991 7,
203 3917 276 3996 59.).
316 3913 407 3977 Cuius
433 3915 567 3997 exemplo
594 3915 724 3998 quisquis
744 3917 775 3976 in
797 3913 947 3975 Christum
972 3913 1088 3985 credet,
1113 3933 1178 3974 non
1205 3915 1326 3986 efflabit

154 3991 186 4050 in
207 3997 306 4054 a'e'rem
325 3992 450 4065 animam
469 3995 617 4075 moriens,
636 3993 688 4054 scd
707 3994 743 4053 ad
763 3991 880 4052 fidetem
904 3989 1127 4071 despnsitarium
1151 3991 1326 4082 confugiet,

116 4053 206 4146 ·⁸qui
227 4080 291 4128 tuto
312 4081 467 4130 conservat
486 4069 626 4150 quicquid
643 4067 699 4131 sibi
718 4070 857 4130 traditum
878 4077 922 4127 est
941 4087 958 4126 a
978 4066 1074 4126 Patre.
1115 4063 1248 4128 Clamor
1266 4081 1323 4128 rte-

154 4163 220 4202 rum
244 4145 458 4206 vehementiam
483 4147 607 4208 affectus
631 4147 775 4208 ostendit:
800 4165 899 4224 neque
924 4141 1004 4204 euim
1028 4142 1150 4202 dubium
1176 4155 1227 4204 est
1251 4147 1325 4225 quin

156 4215 289 4277 Christus
310 4241 343 4280 ex
362 4220 559 4284 tentationum
579 4222 856 4306 angustiis,'quibus
877 4219 1050 4283 constrictus
1071 4225 1147 4292 er‘at,
1167 4241 1236 4280 non
1257 4221 1324 4284 siut

155 4291 234 4380 serio
254 4295 428 4376 ardentique
448 4311 556 4359 conatu
576 4302 696 4361 tandem
717 4299 848 4380 emperit
857 4299 888 4359 in
901 4299 975 4358 banc
992 4315 1108 4356 vocem.
1132 4296 1324 4378 Quanquam

155 4365 240 4432 sunu!
260 4367 319 4432 atto
340 4383 371 4432 et
390 4393 502 4441 sonmo
522 4377 685 4457 praeconio
706 4387 842 4440 testatum
862 4373 949 4438 nobis
969 4385 1031 4436 esse
1052 4371 1163 4450 voluit,
1188 4377 1325 4436 summam
