2778 4838
160 261 223 325 tta
447 246 565 312 SECT.
584 251 650 312 xv.
675 191 781 312 ⁸rustes
801 263 845 310 au
864 264 1044 312 uncinum.

159 411 280 488 parent:
300 402 429 466 instabat
448 404 526 464 enim
544 415 661 485 tempos
680 404 857 483 certaminis,
875 407 924 468 cul
943 425 995 466 eos
1014 405 1106 488 longe
1122 405 1257 486 impares
1270 393 1326 465 nol

116 512 121 521 ¹
159 480 257 556 relat,
285 481 343 542 nisi
368 501 447 542 nova
472 480 647 542 fortitudine
672 481 805 542 instructi
830 495 935 546 essent.
986 483 1055 542 Hoc
1080 501 1154 544 vero
1176 482 1326 562 imprimis

160 559 307 643 agendum
323 569 397 632 erat,
415 579 498 618 suum
512 556 632 621 Christo
648 579 679 620 re
704 580 771 618 num
789 580 850 618 non
863 559 1018 642 splendida
1032 579 1159 639 pompa,
1178 579 1244 618 non
1260 560 1324 640 opi-

129 649 135 656 '
159 634 215 696 bus
234 633 405 718 magnificis,
423 653 486 694 non
507 633 584 694 laeto
604 579 706 694 mnndi
725 656 739 694 a
763 636 878 714 plausu,
894 637 945 696 sed
957 647 1054 696 morte
1066 635 1216 714 probrosa
1227 637 1324 714 auspi·
1379 683 1380 696 .

159 713 295 774 candum.
306 731 377 771 esse.
414 711 507 790 Atqui
526 709 681 772 nihil‘erat
700 655 846 772 disicitins
861 734 948 793 qnam
959 732 1099 792 superare
1110 721 1228 770 tantm
1239 733 1324 772 scan-

161 789 274 864 dalum,
315 787 465 852 raesertim
484 787 509 848 si
527 799 710 867 reputemus,
729 789 799 868 quid
818 789 876 852 iam
896 791 1013 872 penitus
1033 789 1071 848 de
1089 789 1235 868 magistro
1257 810 1324 870 pcr-

160 887 275 932 suasum
293 809 455 937 inherent:
474 863 531 924 sibi
551 863 628 924 euim
649 865 799 947 imaginati
816 865 933 926 suer'ant
948 887 1015 926 eum
1027 878 1164 925 terrenae
1176 864 1325 926 felicitatis

87 1005 90 1012 ,
161 953 321 1002 auctorem.
358 940 443 1000 Vana
463 940 554 1022 igitur
572 961 625 1077 sgr
645 943 778 1021 suspensi
798 955 891 1018 erant,
909 942 1053 1024 temporis
1073 940 1200 1002 articulo
1218 943 1324 1022 cupide

160 1017 325 1093 inhiantes,
353 1038 411 1098 quo
432 1029 557 1097 repente
606 1018 711 1078 hristus
730 1019 817 1101 regni
834 1019 880 1078 sui
899 1019 1024 1100 gloriam
1044 1019 1238 1098 patefaceret.
1278 1019 1324 1078 De

162 1094 256 1155 crucis
276 1093 440 1176 ignominia
457 1095 534 1156 adeo
555 1094 628 1154 nihil
649 1108 904 1177 praesumpserant
922 1095 1036 1184 animis,
1055 1107 1089 1154 ut
1107 1095 1229 1155 minime
1250 1115 1323 1154 con·

161 1181 334 1232 sentaneum
355 1191 418 1231 esse
437 1170 608 1244 crederent,
634 1171 790 1257 quicquam
816 1171 858 1232 illi
878 1193 940 1234 non
961 1170 1159 1231 honorificum
1179 1171 1322 1232 accidere.
1379 1199 1380 1276 q

162 1247 270 1308 Gravis
291 1247 379 1307 etiam
400 1257 464 1307 era't
484 1247 556 1308 baec
576 1249 803 1322 circumstantia,
821 1247 976 1329 reprobari
997 1245 1193 1307 asenioribus
1205 1259 1235 1306 et
1248 1247 1322 1306 scri·

124 1391 126 1395 ,
160 1323 218 1398 bis,
237 1343 328 1404 peues
342 1344 416 1404 qnos
428 1323 653 1386 eracnectcsiae
690 1325 824 1386 mutatus:
843 1327 922 1386 uude
935 1324 1077 1406 colligere
1088 1336 1255 1414 promptum
1267 1336 1322 1396 est,
1379 1381 1380 1408 ,

162 1421 250 1480 quiam
269 1400 431 1462 necessaria
452 1400 541 1461 luerit
559 1401 667 1462 haeca
720 1402 827 1464 onitin.
866 1399 1022 1464 Caeterum
1037 1401 1105 1491 quia
1117 1401 1182 1461 liert
1193 1420 1320 1480 nonpo-
1379 1423 1380 1474 ι

160 1488 253 1553 terat,
286 1477 358 1556 quin
385 1477 448 1536 sola
478 1478 571 1540 crucis
595 1477 708 1538 mentio
734 1479 863 1562 graviter
886 1475 1021 1539 turbaret
1044 1477 1177 1536 infirmos
1202 1475 1321 1548 animos,

161 1554 259 1615 statim
283 1553 399 1614 uulneri
417 1554 559 1615 meditor:
587 1555 659 1614 dicit
684 1575 715 1615 se
740 1557 829 1616 tertio
856 1555 904 1616 die
929 1565 1160 1614 resurrecturum
1182 1575 1197 1612 a
1218 1565 1320 1613 morte.

160 1633 204 1694 Et
216 1641 308 1705 certe,
329 1653 419 1710 qqum
438 1631 469 1690 in
490 1631 550 1692 eius
571 1651 658 1692 cruce
678 1643 791 1692 tantum
811 1642 951 1712 appareat
971 1631 1065 1692 earnis
1086 1630 1249 1702 infirmitas,
1268 1631 1320 1692 do-

161 1727 217 1768 nec
237 1708 274 1767 ad
293 1707 541 1768 resurrectionem
561 1719 680 1768 ventum
700 1708 799 1784 fuerit,
818 1709 849 1768 in
870 1729 926 1788 qua
945 1709 1058 1770 relucet
1076 1707 1169 1766 virtus
1188 1706 1320 1785 Spiritus,

161 1804 224 1844 non
250 1785 382 1864 reperiet
405 1783 476 1842 fides
501 1796 617 1858 nostra,
663 1805 701 1844 uo
726 1805 757 1844 se
778 1785 874 1878 erigat
891 1784 939 1844 vel
958 1794 1118 1844 sustentet:
1150 1783 1227 1842 Ideo
1254 1783 1320 1842 bace

160 1860 238 1924 ratio
258 1861 421 1940 prudenter
440 1861 568 1920 tenenda
589 1872 633 1922 est
680 1861 746 1920 erbi
764 1861 918 1936 ministris,
948 1862 999 1942 qui
1024 1881 1088 1922 cum
1108 1860 1250 1941 proiectu
1270 1859 1321 1918 do-

160 1957 230 1998 cere
249 1937 384 2017 cupiunt,
402 1947 437 1995 ut
454 1957 571 2017 semper
588 1937 811 2000 resurrectionis
830 1939 954 2022 gloriam
969 1938 1154 2074 coniungant
1165 1957 1233 1996 cum
1244 1955 1321 1995 mor-

159 2015 198 2075 tis
223 2011 396 2098 ignominia.
440 2011 501 2080 Sed
524 2014 630 2073 mirum
656 2026 715 2088 est,
744 2036 796 2075 cur
819 2014 897 2075 nolit
922 2016 1055 2076 Christus
1109 2013 1248 2094 postolos
1269 2011 1321 2072 sibi

161 2109 224 2150 esse
243 2101 349 2164 testes,
376 2087 481 2170 quibus
502 2090 559 2150 ianr
579 2093 683 2150 munus
702 2091 761 2150 hoc
781 2091 860 2172 prius
880 2090 1059 2152 iniunxerat:
1086 2111 1228 2170 quorsum
1247 2087 1323 2149 enim

159 2160 240 2226 miss'i
259 2167 388 2241 fuerant,
406 2166 463 2226 nisi
481 2178 516 2226 ut
534 2168 745 2248 redemptionis
766 2180 863 2228 essent
882 2187 1060 2248 praecones,
1078 2187 1155 2246 quae
1176 2165 1323 2246 pendebat

160 2265 179 2308 a
200 2241 311 2304 Christi
335 2242 492 2306 adventat
514 2243 631 2306 Solutio
652 2265 713 2306 non
735 2239 861 2306 difficilis
881 2257 941 2320 est,
965 2245 989 2306 si
1013 2243 1157 2306 memoria
1181 2255 1323 2316 tenemus,
1379 2257 1380 2282 ι

161 2339 236 2402 quae
256 2333 328 2381 tune
349 2320 486 2402 exposui,
505 2341 613 2402 nempe
632 2321 752 2382 minime
772 2333 886 2382 creatos
906 2322 994 2382 fuisse
1014 2322 1174 2398 doctores,
1189 2319 1240 2399 qui
1260 2339 1322 2378 cer-

160 2407 224 2458 tum
250 2408 281 2456 et
304 2394 424 2478 plenum
445 2395 564 2458 Christo
584 2398 785 2458 testimonium
804 2398 979 2473 redderent,
1005 2398 1056 2459 sed
1076 2409 1190 2457 tantum
1211 2408 1244 2455 ut
1262 2415 1323 2454 ma·
1379 2415 1380 2430 ι

161 2475 255 2558 gistro
280 2485 420 2552 pararent
444 2473 618 2556 discipulos,
645 2476 703 2534 hoc
730 2486 791 2550 est,
820 2475 931 2535 dociles
957 2487 987 2534 et
1006 2485 1136 2536 attentos
1154 2473 1326 2544 redderent,
1379 2501 1380 2504 ¹

131 2549 137 2558 “
162 2551 214 2632 qni
233 2549 354 2610 nimium
373 2551 465 2632 sopiti
486 2565 583 2611 erant:
605 2551 710 2612 deinde
731 2551 820 2611 fuisse
837 2550 1003 2631 temporale
1023 2551 1204 2624 mandatum,
1223 2549 1270 2611 cui
1290 2548 1323 2608 li-

161 2649 231 2690 nem
255 2627 355 2690 attulit
378 2627 599 2708 ipsiua.Christi
623 2627 814 2709 praedicatio.
853 2629 939 2688 Nune
965 2629 1038 2707 qnia
1057 2626 1187 2690 instabat
1209 2638 1326 2706 tempus

161 2703 281 2779 mortis,
306 2704 363 2784 ipsi
387 2725 459 2766 vero
484 2706 617 2764 nondum
643 2705 680 2764 ad
704 2705 867 2766 testandam
893 2705 980 2764 fidem
1005 2726 1086 2766 snam
1105 2703 1213 2764 maturi
1234 2714 1325 2778 erant,
1379 2711 1380 2780 J

161 2781 223 2842 imo
266 2793 370 2860 ropter
388 2780 457 2840 fidei
477 2779 659 2840 debilitatem
680 2779 807 2840 ludibrio
826 2779 927 2842 luisset
942 2803 1043 2841 eorum
1059 2779 1221 2855 consessio,
1240 2779 1325 2839 silere
1379 2819 1380 2830 .

162 2875 214 2918 eos
265 2859 380 2916 ominus
399 2855 492 2930 iubet,
512 2858 609 2917 donec
628 2856 750 2924 abaliis
769 2857 886 2940 agninas
906 2859 994 2918 fuerit
1013 2859 1116 2920 mortis
1135 2858 1250 2930 vietor,
1268 2877 1324 2916 no·

161 2954 256 3016 raque
277 2932 441 2994 constantia
461 2953 513 2992 eos
533 2933 670 2994 induerit.

239 3009 343 3068 Matth.
363 3015 410 3074 22.
454 3009 560 3068 Petrus
584 3014 675 3086 coepit
699 3009 781 3069 illum
803 3013 964 3086 inerepare.
1014 3012 1171 3073 Immodici
1201 3010 1326 3075 ferroris

163 3083 279 3170 signum
300 3097 359 3160 est,
379 3085 460 3164 quod
480 3085 590 3222 Petruq
604 3087 774 3168 magistrum
794 3090 998 3168 reprehendit:
1024 3109 1190 3168 quanquam
1211 3088 1327 3148 videtur

161 3160 327 3224 reverentia
369 3181 468 3241 noque
487 3160 576 3222 induc
591 3185 623 3222 us
643 3185 722 3239 esse,
750 3177 784 3224 ut
808 3185 874 3226 cnm
901 3165 1061 3226 abduceret
1085 3185 1235 3238 seorsum,
1261 3165 1326 3244 quia

163 3260 264 3304 coram
289 3182 413 3308 tostiisus
438 3259 500 3300 noo
520 3239 648 3302 audebat
665 3242 895 3322 reprehendere:
934 3243 1043 3324 Magna
1061 3255 1160 3305 tamen
1179 3243 1274 3302 intem

82 3380 89 3393 .
162 3316 285 3390 riestest,
298 3316 378 3393 quod
390 3315 530 3376 admonet
564 3317 623 3378 uasi
636 3317 778 3378 nonsatis
793 3320 899 3380 mentis
912 3332 1091 3410 compotem,
1103 3330 1136 3380 ut
1148 3318 1206 3380 sibi
1217 3340 1289 3400 pare

162 3392 224 3453 Sed
244 3392 300 3450 huc
320 3391 454 3452 homines
472 3339 617 3474 impellit,
638 3397 772 3486 adeoque
791 3397 965 3478 praecipitat
984 3395 1219 3456 inconsideratus
1238 3395 1328 3467 aelus,

145 3470 300 3530 =utDeum
322 3469 416 3548 ipsum
435 3491 488 3530 suo
509 3469 634 3531 arbitrio
654 3473 798 3532 subiicere
819 3493 881 3531 non
902 3471 1047 3533 dubitent.
1077 3471 1247 3534 Absurdum
1264 3489 1325 3531 esse

162 3546 275 3608 iudicat
285 3545 401 3622 Petrus,
421 3539 520 3615 educifi
543 3549 624 3610 iDei
645 3549 750 3610 Filium
772 3571 787 3610 a
807 3549 984 3622 senioribus,
1005 3549 1055 3630 qui
1066 3549 1249 3628 Redemptor
1290 3567 1326 3606 o-

111 3671 120 3685 .
163 3621 225 3706 puli
239 3622 435 3700 suturuserat,
456 3637 487 3684 et
506 3569 543 3686 ad
561 3638 688 3706 mortem
705 3625 824 3710 adduci,
843 3627 893 3706 qui
913 3639 1017 3687 auctor
1036 3637 1098 3686 erat
1117 3625 1203 3685 vitae.
1235 3569 1325 3684 cirt-

122 3765 130 3772 ,
163 3711 239 3760 stum
259 3720 332 3781 ergo
352 3699 505 3763 retrahere
526 3715 660 3778 conatur,
680 3725 717 3763 ue
737 3725 768 3764 se
789 3704 820 3763 in
840 3715 966 3764 mortem
988 3713 1128 3782 exponat
1168 3700 1326 3782 speciosus

163 3775 314 3850 colorest,
333 3778 385 3837 sed
404 3776 470 3856 plus
491 3779 606 3840 deferre
627 3801 746 3842 necesse
766 3780 932 3841 estClsristi
950 3779 1125 3854 sententiae,
1146 3799 1236 3859 qnam
1245 3775 1328 3838 Petri

162 3852 246 3929 ulo,
266 3873 444 3932 quocunque
463 3856 581 3916 tande'm
602 3869 753 3936 praetextu
772 3858 810 3918 sit
829 3856 1009 3918 excusabilis.
1046 3857 1147 3934 Atque
1169 3853 1217 3918 hic
1239 3855 1328 3916 doce·

162 3951 244 4006 mur,
277 3930 347 4010 quid
375 3927 495 3991 valeant
523 3953 620 3992 coram
645 3934 713 3993 Deo
742 3954 817 4014 quae
843 3933 941 3996 honae
964 3943 1107 4014 putantur
1125 3929 1327 3994 intentiones.

163 4005 261 4066 Tanta
280 4006 398 4086 quidem
415 4007 584 4068 hominibus
605 4009 738 4090 ingenita
758 4021 802 4070 est
820 4011 973 4091 snperbia,
992 4021 1026 4069 ut
1044 4007 1100 4069 sibi
1121 4010 1247 4071 credant
1268 4007 1327 4068 fieri

88 4079 116 4114 ”
163 4083 299 4142 iniuriam
319 4103 354 4146 ac
374 4097 551 4164 querantur,
575 4085 630 4145 nisi
651 4086 732 4166 quod
751 4098 864 4147 rectum
886 4109 947 4149 esse
965 4099 1097 4148 statuunt
1115 4085 1187 4146 Deo
1210 4107 1327 4167 quoque

164 4158 299 4218 arrideat.
328 4160 434 4241 Itaque
446 4161 585 4236 videmus,
605 4173 713 4242 quanta
725 4161 888 4244 pertinacia
903 4185 967 4224 suas
984 4163 1160 4224 devotiones
1174 4165 1327 4226 venditent

162 4235 207 4296 Pa
229 4235 313 4296 istae:
334 4248 363 4295 at
384 4237 413 4295 ni
435 4237 504 4298 dum
522 4237 563 4298 ita
582 4241 721 4300 audacter
739 4238 796 4302 sibi
815 4240 969 4320 plaudunt,
988 4241 1070 4300 Deus
1088 4260 1150 4302 non
1166 4239 1266 4301 solum
1281 4261 1325 4298 re-

59 4347 67 4360 .
165 4331 205 4400 pq
228 4311 283 4384 'at,
303 4259 383 4389 quod
402 4311 459 4372 sibi
471 4315 657 4404 persuadent
675 4339 785 4400 summa
805 4315 892 4380 laude
912 4339 974 4379 esse
995 4317 1134 4400 dignum,
1153 4317 1207 4380 scd
1227 4335 1325 4378 serere
1379 4327 1380 4336 ¹

138 4397 250 4448 'etiam
271 4389 390 4449 damnat
407 4389 514 4470 impiae
534 4392 679 4456 vesaniae.
719 4393 810 4456 Certe
835 4395 859 4458 si
886 4415 986 4458 sensns
1012 4406 1042 4456 et
1066 4393 1209 4460 iudicium
1234 4391 1326 4458 carnis

1379 4509 1380 4540 l
