2766 4834
673 123 688 150 ι.

203 257 244 320 82
383 202 536 310 statmo
557 245 613 310 tit
652 243 728 308 Iaso
747 257 901 307 varanes
922 256 1156 306 terminarit.

207 413 271 462 tere
301 376 423 461 auderet
455 397 626 490 explorandi
652 417 752 474 caiisa,
783 417 846 458 non
874 407 918 458 est
942 396 1023 476 quod
1046 395 1203 467 miremur,
1238 413 1255 454 a
1283 405 1353 455 tam

207 479 373 539 odioso.et
402 487 495 536 atroci
525 475 615 535 caede
640 473 810 554 aliquandiu
833 473 922 534 fuisse
947 473 1126 551 cohibitum,
1165 472 1353 552 praesertim

128 621 132 629 ¹
200 575 296 636 *quum
319 559 423 614 recens
449 551 543 612 adhuc
567 553 643 611 fama
669 553 706 612 de
731 571 885 634 magorum
910 550 1038 611 adventu
1062 550 1187 639 vigeret.
1246 547 1353 611 Certe

205 628 369 724 probabilis
388 628 557 689 coniectura
577 641 630 704 est,
650 627 762 688 facinus
782 629 861 706 quod
875 627 1006 712 agitabat
1015 626 1045 685 in
1064 646 1173 699 animo,
1194 625 1353 686 distulisse

205 729 239 767 in
265 724 345 766 suani
370 705 571 780 occasionem,
610 717 641 765 et
665 705 729 765 lieri
751 717 855 797 potest
879 717 912 763 ut
936 704 1017 785 prius
1040 702 1214 782 interempti
1239 701 1279 762 ab
1308 724 1352 762 eo

205 782 452 854 fnerintIudiees,
473 802 532 860 quo
554 782 695 862 populum
714 803 773 841 suis
792 780 914 842 ducibus
934 776 1070 840 orbatum
1090 780 1211 859 impune
1225 779 1352 858 quidvis

206 858 340 940 perferre
353 849 493 950 cogeret.
527 859 613 918 Unde
634 857 775 939 colligere
791 869 960 937 promptum
972 867 1025 932 est,
1043 856 1153 936 frivolo
1164 869 1351 938 argumento

208 955 259 996 eos
283 934 354 1009 niti,
384 933 525 994 bimulum
551 935 639 994 fuisse
666 935 831 1009 Christum,
862 955 952 1014 quum
971 933 1108 994 adoratus
1128 932 1183 992 fuit
1201 955 1218 992 a
1237 934 1353 1016 magis,

208 1011 275 1091 quia
295 1010 453 1070 secondum
472 1023 598 1090 tempus,
618 1031 677 1090 quo
697 1024 872 1092 apparuerat
891 1009 985 1084 stella,
1005 1011 1142 1074 Herodes
1162 1028 1274 1090 pucros
1290 1031 1350 1070 oc-

131 1141 140 1152 ,
207 1087 314 1153 ciderit
332 1082 448 1148 bimulis
467 1089 555 1167 paulo
576 1087 713 1147 minores.
744 1087 840 1146 Stulte
861 1099 957 1148 autem
978 1105 1033 1165 pro
1054 1087 1192 1146 confesso
1211 1099 1351 1160 sumunt,

207 1163 320 1230 stellam
345 1183 408 1224 non
433 1159 601 1245 app‘aruisse
627 1163 683 1224 nisi
709 1175 777 1244 post
795 1174 910 1246 partum
930 1163 1072 1244 Vingioia.
1110 1161 1216 1244 Longe
1236 1163 1349 1222 verisi-

206 1239 303 1299 milius
322 1251 376 1314 est,
394 1253 507 1300 mature
528 1239 616 1300 fnisse
629 1241 804 1314 admonitos,
825 1252 855 1300 et
865 1241 918 1300 suh
932 1240 1022 1320 ipsam
1035 1239 1217 1300 nativitatem
1229 1239 1350 1300 Christi

207 1315 266 1376 iter'
290 1316 437 1398 ingressos
458 1336 536 1391 esse,
561 1329 595 1376 ut
611 1316 755 1376 infantem
774 1336 878 1377 recens
897 1323 1004 1375 natum·
1022 1316 1053 1374 in
1073 1316 1153 1377 cunis
1171 1317 1221 1376 vel
1240 1316 1348 1374 matris

208 1393 322 1476 gremio
347 1393 565 1474 conspicerent.
596 1393 656 1454 ,Im
678 1393 760 1453 rimis
783 1413 856 1454 vero
879 1393 994 1474 puerile
1020 1405 1064 1452 est
1089 1393 1161 1452 illud
1187 1412 1348 1452 commen-

206 1481 287 1545 tum,
317 1467 442 1530 venisse.
459 1489 493 1528 ex
517 1469 621 1550 ignota
641 1413 737 1549 aliqua
757 1469 881 1552 regione
902 1482 932 1529 et
972 1469 1033 1529 nasi
1052 1489 1086 1529 er
1106 1468 1164 1528 alio
1185 1468 1279 1542 orbe,
1312 1480 1349 1527 ut

206 1565 303 1628 prope
321 1543 474 1605 biennium
493 1544 525 1603 in
544 1546 651 1605 itinere
671 1547 915 1628 consumpserint.
945 1490 1083 1626 denique
1102 1545 1195 1628 magis
1214 1545 1348 1605 ridicula

155 1683 158 1692 ,
206 1633 275 1682 sunt
294 1638 370 1701 quae
389 1621 478 1680 affert
490 1621 646 1696 Osiander,
661 1629 752 1702 'quarn
772 1634 806 1682 ut
823 1622 1004 1682 refutatione
1025 1635 1140 1682 coeant.
1180 1623 1347 1683 Caeterum

159 1707 168 1778 ἰ
206 1697 238 1756 ἰιι
264 1697 321 1757 boc
347 1708 485 1756 contextu
511 1696 667 1771 historiae,
697 1719 784 1777 quem
803 1719 962 1782 propono,
991 1667 1064 1759 nibil
1084 1710 1131 1759 est
1146 1698 1348 1775 incommodi,

208 1774 289 1852 quod
315 1773 447 1832 nondum
467 1769 567 1853 elapso
586 1775 738 1854 puerperii
754 1788 889 1866 tempore
909 1775 1045 1836 venerint
1062 1775 1156 1858 magi,
1188 1785 1218 1834 et
1238 1795 1346 1857 regem

207 1847 386 1982 quaesierint
405 1847 456 1938 qui
472 1860 557 1909 natus
577 1861 649 1926 erat,
668 1872 731 1911 non
772 1852 801 1911 ui
821 1873 879 1912 iam
891 1864 968 1912 esset
979 1851 1117 1912 bimulus:
1138 1853 1219 1932 quod
1229 1853 1298 1911 lose
1325 1852 1345 1910 li

208 1923 266 1984 ilis
294 1923 325 1982 in
350 1935 474 2014 patriam
493 1925 617 1986 reversis
636 1934 727 1987 noctu
747 1873 872 2010 fugerit,
901 1929 953 1988 sed
972 1939 1070 1988 tamen
1090 1927 1267 1988 intransitu
1311 1949 1346 1987 e-

207 2001 325 2060 functus
344 2012 382 2059 sit
401 2001 624 2084 hierosolymae
644 2002 760 2083 pietatis
782 2005 893 2080 officio,
914 2003 994 2085 qnod
1013 2005 1055 2065 Le
1079 2004 1232 2064 eD‘omini
1252 2025 1345 2085 prae-

207 2076 348 2166 scriptum
373 2088 437 2144 erat
460 2079 580 2158 (potuit
606 2091 703 2140 autem
728 2081 759 2140 in
783 2093 842 2141 tam
861 2081 1007 2162 populosa
1026 2025 1116 2156 urbe,
1145 2081 1176 2140 in
1196 2103 1285 2161 quani
1308 2101 1345 2141 ex
1369 2113 1370 2116 ι

207 2151 344 2212 omuibus
368 2152 442 2213 locis
468 2155 596 2220 assiduus
617 2169 685 2220 erat
710 2159 876 2234 confluxus,
904 2178 1022 2218 securus
1048 2179 1110 2219 esse
1136 2177 1151 2217 a
1172 2157 1344 2238 periculo):

112 2293 116 2317 ,
208 2227 289 2318 quod
313 2227 368 2320 illo
391 2229 422 2290 iu
446 2230 615 2314 Aegyptum
641 2232 779 2313 profecto
804 2234 939 2298 Herodes
965 2235 1048 2298 anile
1074 2235 1111 2295 de
1127 2234 1265 2314 periculo
1285 2241 1344 2294 suo

208 2315 397 2385 cogitaverit,
416 2309 594 2388 tandemque
614 2311 746 2390 eruperit
763 2309 899 2370 saevitiae
919 2309 1010 2387 ulcus,
1030 2311 1109 2391 quod
1129 2311 1205 2370 ultra
1225 2311 1345 2390 sesqui·
1369 2375 1370 2378 Ἴ

208 2401 318 2470 annum
342 2381 420 2443 intua
444 2383 586 2446 aluerat.-
608 2388 683 2447 Nam
708 2387 877 2448 adverbium
897 2401 968 2454 triac
987 2400 1050 2448 noti
1069 2387 1204 2470 designat
1222 2409 1346 2468 semper

205 2477 238 2517 iu
257 2456 601 2550 Scriptura·c0ut·inunm
620 2475 745 2544 tempus,
763 2465 815 2525 sed
834 2464 1007 2548 plerumque
1019 2465 1157 2540 occurrit,
1177 2463 1228 2525 ubi
1249 2465 1347 2547 longa

180 2553 183 2574 ¹
208 2545 253 2595 eet
271 2555 369 2595 rerum
389 2536 533 2596 distantia.

282 2615 331 2700 fd.
364 2610 441 2672 Voac
457 2617 490 2671 in
509 2613 617 2676 Rome
649 2613 772 2678 Certum
790 2628 834 2678 est
852 2637 869 2676 a
888 2615 948 2678 Pro
971 2619 1039 2678 heta
1058 2618 1247 2700 (Ieremill,
1267 2618 1345 2697 15.),

208 2686 335 2778 describi
354 2687 467 2778 cladem
486 2691 580 2780 tribus
595 2691 769 2768 Beniamin,
789 2713 865 2773 quae
884 2640 991 2756 accidit
1010 2696 1071 2756 eius
1092 2707 1238 2776 tempore.
1278 2697 1341 2754 Ex-

208 2783 350 2826 cnrouem
375 2782 454 2823 enim
477 2767 571 2828 tribus
596 2768 668 2828 Iuda
715 2771 849 2846 raediirit,
881 2772 961 2831 cuius
986 2772 1112 2832 accessio
1135 2782 1197 2831 erat
1217 2771 1341 2831 dimidia

209 2839 304 2929 tribus
323 2839 487 2900 Beniamin.
519 2842 611 2918 Quod
631 2790 753 2905 Racheli
772 2857 905 2907 mortuae
925 2847 1035 2908 luctum
1053 2848 1167 2922 tribuit,
1209 2867 1343 2926 rosopo-

232 2925 375 3004 oeiaest,
404 2936 479 3007 quae
499 2919 655 2999 plurimum
674 2921 754 2983 valet
772 2923 808 2982 ad
827 2925 991 2986 movendos
1010 2925 1144 2986 affectus.
1181 2869 1247 2984 llcc
1266 2945 1342 2984 vero

226 3009 346 3050 eremias
365 2992 530 3056 rhetoricos
550 2997 666 3057 colores
686 2999 800 3058 inducit
814 3000 964 3060 ornandae
977 3002 1072 3061 solum
1085 3001 1229 3062 orationis
1241 3021 1342 3074 causa,

209 3067 262 3126 sed
293 3066 360 3156 quia
390 3068 476 3130 aliter
504 3073 614 3155 corrigi
638 3094 700 3134 non
725 3087 845 3156 poterat
867 3077 988 3137 durities
1014 3089 1172 3158 etstupor
1195 3079 1342 3152 vivorum,

141 3160 159 3172 ‘
209 3163 345 3277 guimfl
360 3147 475 3233 'mortui
494 3168 511 3207 e
529 3150 669 3229 sepulcris
689 3152 905 3231 quodammodo
927 3166 1122 3216 evocarentur
1140 3156 1176 3214 ad
1196 3153 1342 3236 lugendas

241 3239 269 3277 ei
286 3220 439 3299 vindictas,
458 3244 532 3303 quae
551 3226 688 3298 solebant
705 3240 738 3286 ut
757 3227 912 3308 plurimum
933 3229 1062 3293 ludibrio
1082 3230 1194 3296 haberi.
1236 3231 1342 3306 Quum

208 3298 482 3436 tunc'complptnm
507 3302 596 3362 liierit
619 3303 788 3396 Prophetae
807 3305 994 3384 vaticinium,
1019 3330 1081 3370 non
1100 3307 1242 3444 intelligit
1260 3309 1339 3367 blat-

209 3371 326 3464 thaeus,
353 3373 373 3434 il
440 3379 621 3457 praedictinn
647 3381 734 3441 fuisse
760 3382 830 3461 quid
854 3383 982 3444 facturus
1006 3397 1082 3446 esset
1106 3387 1189 3445 Hero
1212 3407 1255 3454 es,
1283 3381 1340 3440 sed

211 3447 322 3508 Christi
341 3453 468 3514 adventu
486 3468 658 3516 renovatum
679 3459 766 3519 fuisse
786 3458 896 3520 luctum
916 3459 1013 3536 illuni,
1037 3463 1040 3472 ’
1064 3483 1130 3522 uem
1151 3461 1246 3521 multis
1265 3470 1339 3517 anie

210 3525 332 3614 saeculis
351 3530 535 3608 pertulerant
551 3533 748 3594 Beniamitae:
779 3547 867 3614 atque
887 3535 926 3596 ita
946 3483 1084 3600 scandalo
1105 3551 1261 3599 occurrere
1279 3555 1337 3594 vo-

211 3599 280 3676 luit,
300 3605 381 3682 quod
399 3606 518 3668 turbare
537 3620 657 3690 poterat
676 3621 706 3670 et
725 3623 885 3673 concutere
905 3614 967 3695 pias
986 3626 1115 3688 mentes,
1134 3633 1242 3691 nempe
1261 3609 1338 3671 nihil

211 3676 248 3736 ab
274 3699 312 3770 eo
335 3680 433 3742 salutis
458 3703 519 3746 esse
543 3687 736 3766 sperandum,
763 3689 844 3749 cuius
868 3711 969 3766 causa,
997 3692 1116 3751 simulac
1140 3699 1224 3748 natus
1249 3699 1339 3764 essct,

210 3758 427 3844 thu⁰¹d³s⁸¹¹²¹¹f
449 3759 592 3838 lnsffll‘t'i
623 3764 683 3823 3⁸¹0
708 3764 766 3835 boc
790 3765 935 3826 sinistrum
962 3789 1023 3828 esse
1049 3780 1079 3828 et
1098 3765 1199 3826 infelix
1218 3783 1337 3844 praesa-

212 3851 308 3913 gtum,
327 3836 407 3914 quod
425 3837 567 3898 maiorem
585 3841 721 3902 saevitiae
739 3842 884 3902 flammam
904 3847 1080 3905 accenderat
1098 3841 1208 3905 Christi
1228 3841 1337 3900 nativi-

211 3919 271 3982 tas,
302 3931 387 3991 quain
412 3914 516 3973 ardere
540 3916 634 3978 soleat
651 3918 682 3976 in
703 3916 788 3978 bellis
807 3920 928 3980 maxime
949 3921 1118 3981 hostilibus,
1148 3915 1239 3997 niqui
1259 3917 1338 3976 sicut

211 4005 234 4074 a·
246 3984 397 4066 Propheta
415 3989 586 4051 instauratio
605 3993 796 4071 promittitur,
814 3994 865 4054 ubi
885 4017 959 4078 gens
978 3997 1014 4056 ab
1035 3997 1044 4054 i
1067 3997 1104 4055 sis
1124 4015 1215 4074 usque
1235 3992 1334 4052 irisan.

211 4058 289 4151 tibus
310 4065 403 4125 excisa
422 4067 527 4143 fuerit,
557 4069 597 4127 ita
617 4070 756 4130 admonet
775 4073 954 4147 Matthaeus,
978 4019 1065 4132 nihilJ
1072 4073 1189 4130 obstare
1207 4081 1337 4150 stragem

210 4135 309 4226 ¹¹¹?m’
327 4141 398 4217 quin
416 4144 552 4204 Christus
571 4145 659 4224 pardo
679 4159 748 4226 post
765 4149 855 4208 totins
875 4149 970 4240 gentis
989 4151 1162 4228 redemptor
1180 4159 1336 4226 appareat:

210 4232 316 4304 scimus
341 4218 434 4292 enini,
463 4230 556 4279 toturn
580 4221 651 4280 illud
672 4235 760 4303 caput
777 4227 950 4285 suavissimis
969 4223 1219 4286 consolationibus
1238 4225 1335 4283 refer-

123 4305 126 4312 ‘
209 4297 272 4344 lum
298 4308 368 4381 ⁰⁸⁵9·
410 4295 450 4353 Et
472 4309 541 4376 post
563 4297 717 4358 funebrem
742 4299 820 4360 illam
841 4302 1053 4380 querimoniam
1073 4300 1215 4359 continuo
1235 4301 1334 4379 sequi-

208 4371 268 4438 tur,
286 4363 429 4439 Quiescat
446 4392 502 4432 vox
521 4385 571 4434 tua
590 4395 606 4434 a
625 4375 752 4456 ploratii,
772 4389 802 4437 et
821 4377 899 4437 oculi
918 4378 961 4437 tui
974 4399 990 4436 a
1004 4376 1154 4457 lacrymis:
1175 4375 1332 4454 quianier-
