2778 4838
362 231 442 306 (m
480 229 670 292 Fumantem
691 229 942 310 Pharisaeorum)
1187 241 1244 306 tot
1323 289 1328 304 .

78 381 267 467 irafflrentls
309 381 425 470 plenos
466 384 658 452 sustulistis?
708 387 833 454 Dicunt
860 391 907 466 ei,
948 387 1142 456 Duodecim.
1186 393 1243 459 2⁰.

77 486 190 571 Qnmn
218 495 323 552 autem
350 497 473 574 septem
500 491 534 555 in
561 505 700 578 quantor
727 489 845 570 millia,
888 477 967 578 qum
988 505 1113 579 sportas
1134 513 1173 558 ex
1191 513 1242 560 rc-

74 578 186 673 liquiis
220 587 470 674 fragmentorum
503 591 637 658 tulistis?
686 591 738 658 llli
780 615 862 659 vero
894 593 1061 674 dixerunt,
1099 596 1240 685 Septem.

72 692 124 756 at.
145 691 189 756 Et
212 689 292 756 dixit
313 691 395 772 illis,
417 693 484 782 Qui
502 693 699 772 fit,.utuon
721 696 927 786 intelligatis?
1157 691 1160 700 ’

158 875 262 944 Luc.
284 876 354 943 ΧΠ.
393 878 425 944 l.
457 877 567 965 Quum
599 889 705 946 autem
738 883 943 947 convenisset
973 845 1141 948 innumera
1173 891 1239 948 tur-

72 979 135 1045 bae
156 979 348 1060 multitudo,
389 981 475 1050 adeo
502 992 537 1046 ut
558 1003 593 1046 se
615 985 752 1050 invicem
781 978 1027 1062 conculcarent,
1060 987 1170 1072 coepit
1192 985 1240 1051 di-

72 1103 148 1150 cerc
171 1082 214 1148 ad
235 1081 512 1170 discipulosauos,
532 1085 669 1150 Primum
692 1098 803 1153 cavete
824 1086 1015 1175 vobisipsis
1035 1111 1055 1153 a
1075 1087 1237 1154 fermento
1273 1084 1280 1094 '
1336 1140 1341 1153 ,

71 1187 335 1267 Pharisaeorum,
356 1187 445 1273 quod
468 1198 517 1254 est
536 1187 729 1276 hypocrisis.

153 1435 308 1520 aramis.
351 1453 448 1538 psa„
471 1457 611 1522 masas
627 1453 772 1533 carpor.
810 1457 868 1518 mc
892 1455 1027 1522 erotus
1052 1471 1087 1518 ιι
1112 1474 1145 1516 re
1170 1418 1239 1516 nui

71 1529 234 1609 discipulos
255 1530 400 1604 hortatur,
418 1531 519 1592 utsihi
538 1553 562 1592 a·
574 1533 750 1614 corruptelis
770 1534 1061 1607 omnibusraveanr,
1080 1553 1156 1612 quae
1175 1532 1236 1592 sin.

70 1627 167 1668 ceram
190 1607 330 1686 pietatem
350 1607 494 1670 inficiunt.
518 1609 673 1670 Venerant
692 1609 781 1690 paullo
803 1621 870 1672 ante
887 1609 1048 1684 Pharisaei,
1068 1609 1118 1689 qni
1138 1607 1235 1688 speci·

68 1682 470 1745 mendederantvirnlentae
483 1686 680 1764 pervicaciae:
701 1687 866 1748 Sadducaei
885 1685 940 1746 illis
960 1685 1079 1746 fuerant
1098 1685 1247 1748 conitere·

69 1759 106 1820 ah
126 1758 185 1818 alia
201 1772 288 1840 parte
307 1759 405 1820 stabat
422 1761 574 1836 Herodes,
594 1763 735 1843 pessimus
764 1777 795 1824 et
819 1767 881 1844 ipse
901 1781 989 1823 sanae
1006 1762 1159 1822 doctrinae
1179 1761 1232 1822 ad-

72 1836 218 1897 versarius
238 1848 269 1896 et
287 1849 458 1918 corruptor.
483 1839 566 1902 Inter
578 1841 650 1900 haec
671 1841 801 1920 pericula
820 1840 986 1903 necemario
1005 1839 1149 1900 monendi
1169 1839 1236 1898 lue·

73 1924 141 1972 runt
162 1911 314 1993 discipuli,
338 1925 372 1974 nt
390 1915 446 1976 sihi
466 1930 618 1978 carerent:
639 1938 706 1978 nam
727 1939 816 1997 quum
836 1920 873 1978 ad
891 1915 1049 1978 vanitatem
1069 1927 1099 1976 et
1119 1935 1236 1976 errores

70 2001 178 2070 sponte
197 1989 322 2050 inclinet
345 1991 503 2052 humanum
526 1992 695 2076 ingenium,
724 1994 775 2054 uhi
802 2015 857 2056 nos
884 1993 1077 2072 circumstant
1119 2011 1236 2054 errersa

69 2078 249 2142 commenta,
268 2065 450 2128 adulterinae
463 2071 628 2143 doctrinae,
648 2082 677 2131 et
688 2072 795 2132 similes
805 2072 880 2132 aliae
901 2081 1008 2149 pestes,
1028 2013 1235 2147 nihilpmcti-

69 2142 131 2232 rins
153 2153 198 2204 est
217 2165 304 2234 quarn
325 2145 449 2204 deficere
470 2166 486 2206 a
506 2169 574 2208 vera
595 2159 626 2206 et
645 2148 741 2208 natira
760 2149 888 2239 puritate
908 2145 992 2206 vorhi
1009 2145 1077 2206 Dei.
1108 2145 1141 2204 Si
1161 2165 1232 2207 vero

70 2241 128 2280 ram
150 2220 313 2304 contigerit
332 2241 387 2282 nos
407 2222 504 2282 teneri
524 2222 693 2301 implicitos,
715 2225 778 2284 herr
794 2236 944 2302 nunquam
964 2219 1085 2300 poterit,
1103 2233 1137 2282 ut
1157 2222 1234 2288 inte-¹

66 2315 154 2378 grum
177 2317 305 2378 reguum
328 2297 359 2356 in
385 2297 472 2358 aubis
499 2297 634 2358 obtineat
657 2322 726 2360 vera
751 2299 867 2382 religio.
906 2299 1019 2360 Verum
1043 2308 1077 2356 ut
1099 2319 1146 2358 res
1170 2297 1234 2377 ipsa

66 2373 174 2433 clarius
193 2385 309 2454 pateat,
331 2375 527 2454 expendamus
545 2375 636 2436 verba
658 2374 777 2436 Christi.
1022 2413 1027 2419 -

144 2455 173 2514 6.
213 2451 249 2510 A
262 2453 415 2528 j'cmcoto
439 2447 676 2512 Pharisaeorum.
721 2451 887 2512 Matthaeus
914 2449 1103 2512 Sadducaeos
1127 2449 1235 2510 Phari-

66 2527 140 2586 saeis
160 2526 313 2608 adiungit:
354 2525 471 2587 hlarcus
491 2549 546 2608 pro
569 2527 612 2588 his
631 2529 766 2608 secundis
791 2526 940 2588 substituit
958 2527 1124 2588 Herodem:
1155 2547 1171 2585 a
1194 2523 1234 2586 utl

66 2601 177 2679 Lucam
199 2603 235 2663 de
255 2603 325 2664 solis
336 2603 499 2664 Pharisaeis
519 2604 552 2662 fit
565 2605 677 2665 mentio
697 2609 878 2694 (quanquam
890 2603 1035 2662 incertum
1051 2612 1104 2673 est,
1124 2547 1197 2662 aul.

65 2701 114 2740 cas
141 2681 270 2740 cundem
294 2681 401 2740 recitet
425 2700 591 2742 sennonem
617 2679 759 2760 Christi),
798 2692 828 2740 et
861 2678 1038 2740 serimentum
1063 2677 1234 2759 hypocrisin

66 2777 129 2818 esse
150 2757 269 2817 definit:
309 2755 436 2836 deniqne
457 2749 587 2826 hreviier
612 2758 786 2840 perstringit
809 2755 1096 2829 hancsententiam,
1115 2755 1180 2820 ,acsi
1199 2753 1234 2824 in
1309 2819 1317 2836 ο

65 2833 164 2894 rerhis
189 2833 264 2894 nihil
288 2833 390 2894 luisset
414 2833 594 2916 ambiguum.
639 2834 817 2916 Quanquam
842 2843 940 2892 autam
965 2831 1139 2912 metaphora
1156 2831 1231 2912 far·

65 2914 167 2986 nord,
199 2929 275 2999 quae
295 2909 343 2970 hic
363 2909 452 2972 falsae
472 2911 626 2990 doctrinae
646 2923 781 2992 aptatur,
812 2910 883 2970 alibi
903 2909 939 2969 ad
959 2909 1036 2968 vitae
1056 2927 1232 2988 morumque
1271 2900 1275 2922 '

65 2987 237 3067 hypocrism
249 2985 401 3048 transferri
413 2989 521 3067 potuit,
540 2988 588 3048 vel
607 2989 694 3049 etiam
715 2989 792 3052 idern
812 2987 857 3048 his
877 2986 946 3061 dici,
966 2985 1039 3046 nihil
1058 2995 1156 3046 tamen
1176 2985 1231 3046 ah-

65 3064 147 3124 surdi
167 3063 240 3138 erit,
259 3063 282 3122 si
304 3063 447 3138 dicamus,
467 3085 542 3144 qnae
561 3065 612 3125 alii
633 3067 692 3126 duo
712 3063 872 3128 secundum
894 3062 1033 3124 historiae
1051 3061 1158 3124 seriem
1178 3081 1231 3123 co·

64 3139 177 3220 piosius
198 3152 328 3212 narrant,
348 3139 455 3202 aLuca
488 3142 556 3202 aulo
568 3141 663 3215 aliter,
682 3163 738 3202 nec
757 3162 811 3203 suo
830 3141 900 3201 loco
920 3139 967 3200 vel
988 3139 1093 3199 ordine
1113 3139 1232 3221 attingi,
1333 3154 1338 3165 ‘

65 3228 218 3276 attamen
243 3216 274 3276 in
299 3237 331 3276 re
357 3217 437 3276 nulla
457 3162 652 3298 Cscrepantia
672 3219 718 3279 sit.
762 3218 796 3282 si
820 3217 897 3278 hanc
922 3214 1122 3277 coniecturam
1146 3215 1232 3307 sequi

65 3290 174 3367 liheat,
210 3290 372 3372 hypocrisis
399 3293 615 3355 aliud'notahit
638 3316 724 3375 quarn
744 3295 877 3356 fucosam
896 3315 930 3354 ac
950 3291 1047 3354 fictam
1067 3291 1231 3374 sapientrac

62 3367 213 3448 speciem,
243 3391 351 3460 nempe
376 3369 490 3432 iontem
515 3371 610 3450 ipsum
635 3393 668 3432 ac
687 3371 840 3432 materiam
865 3369 961 3431 inanis
981 3389 1125 3450 pompae,
1153 3389 1230 3448 quae

65 3465 206 3528 magnum
235 3446 347 3582 alipurd
373 3467 472 3506 coram
498 3447 666 3509 hominihus
691 3459 841 3508 ostentans
868 3446 950 3507 nullo
978 3447 1056 3527 apud
1074 3446 1172 3506 Deum
1196 3444 1229 3504 in

65 3519 164 3602 pretio
185 3533 238 3582 est.
306 3541 352 3584 am
371 3523 447 3584 sicut
466 3523 545 3585 oculi
564 3523 703 3600 Domini,
724 3535 798 3584 teste
814 3524 940 3584 Ieremia
959 3523 1033 3602 (ler.
1053 3529 1082 3594 ὅ,
1101 3523 1156 3598 a),
1175 3539 1230 3581 ve-

65 3599 184 3659 ritatem
205 3598 383 3680 respicinnt,
414 3599 456 3660 ita
474 3599 568 3662 rerho
587 3622 642 3662 suo
662 3601 763 3662 fideles
788 3601 825 3662 ad
844 3601 967 3660 solidam
987 3599 1125 3679 pietatem
1145 3596 1230 3656 insti-

64 3675 138 3750 tnit,
170 3686 204 3736 ut
223 3675 359 3756 perlecto
384 3697 417 3736 ac
437 3676 554 3740 sincero
575 3677 666 3740 corde
684 3679 814 3738 iustitiae
834 3677 1030 3748 adhaereant,
1059 3674 1135 3733 insta
1155 3671 1230 3733 illud

65 3751 172 3828 (Dent.
192 3758 241 3824 to,
261 3755 340 3827 12),
358 3753 400 3812 Et
417 3774 497 3814 nunc
516 3755 619 3830 Israel,
638 3755 709 3834 quid
729 3753 780 3814 ahs
800 3765 831 3814 te
850 3751 926 3833 petit
944 3750 1101 3823 Dominus,
1120 3747 1177 3838 nisi
1194 3758 1229 3810 ut

64 3827 122 3889 sihi
148 3828 307 3890 adhaereas
331 3839 397 3888 toto
423 3829 513 3890 eorde
534 3843 565 3891 et
582 3841 646 3892 tota
665 3831 780 3890 anima?
820 3829 934 3890 Contra
958 3843 1047 3899 aero,
1076 3825 1230 3886 hommum

64 3905 241 3966 traditiones
259 3905 590 3986 posthabitospirituali
604 3907 684 3968 cultu
696 3907 835 3968 evanidos
846 3905 961 3966 colores
973 3903 1127 3976 inducunt,
1147 3899 1229 3979 quasi

64 3980 148 4042 Deus
168 3981 276 4042 talibus
294 3981 444 4050 illecehris
464 4004 496 4044 ca
521 3983 529 4042 i
549 3997 664 4065 posset:
684 4005 752 4044 narn
772 3981 956 4064 quantumvis
971 3979 1121 4041 emineant
1132 3988 1228 4038 crter·

65 4079 123 4120 nae
144 4057 343 4132 ceremoniae,
362 4079 463 4119 coram
513 4080 550 4121 eo
568 4072 668 4121 tamen
688 4061 815 4140 pueriles
835 4077 931 4150 nugae
950 4067 1028 4130 sunt,
1047 4053 1104 4115 nisi
1123 4065 1228 4134 quate-

64 4155 120 4196 nus
148 4155 249 4196 earum
274 4134 452 4196 adminiculo
478 4155 649 4198 exercemur
671 4137 708 4198 ad
731 4158 832 4198 veram
850 4143 1001 4215 pietatem.
1038 4131 1125 4192 Nunc
1143 4143 1230 4193 tene·

63 4233 148 4286 mus,
186 4231 240 4272 car
263 4211 433 4295 hypocrisin
459 4211 528 4274 loco
549 4213 769 4275 commentitiae
792 4210 944 4274 doctrinae
964 4207 1098 4291 posuerit
1116 4206 1229 4286 Locos,

65 4301 99 4352 ct
119 4289 179 4349 hoc
199 4287 320 4352 nomine
340 4289 509 4370 complexus
528 4290 567 4350 sit
584 4290 736 4352 hominum
755 4289 916 4362 lumenta,
954 4305 1029 4366 quae
1048 4297 1163 4347 tantum
1181 4287 1228 4348 iu-
1293 4337 1298 4344 .

64 4367 160 4442 ilsnt,
185 4383 286 4428 coram
303 4363 372 4432 Deo
391 4377 489 4430 sutem
509 4367 583 4428 nihil
602 4367 759 4430 continent
776 4363 919 4444 solidam,
941 4363 1002 4426 imo
1022 4382 1098 4444 quae
1115 4373 1230 4430 mentes
