<?xml version="1.0" encoding="UTF-8"?>
<!DOCTYPE html PUBLIC "-//W3C//DTD XHTML 1.0 Transitional//EN"
    "http://www.w3.org/TR/xhtml1/DTD/xhtml1-transitional.dtd">
<html xmlns="http://www.w3.org/1999/xhtml" xml:lang="en" lang="en">
 <head>
  <title>
</title>
<meta http-equiv="Content-Type" content="text/html;charset=utf-8" />
  <meta name='ocr-system' content='tesseract 3.04.00' />
  <meta name='ocr-capabilities' content='ocr_page ocr_carea ocr_par ocr_line ocrx_word'/>
</head>
<body>
  <div class='ocr_page' id='page_1' title='image "./innovumtestamen00calvgoog_0367.png"; bbox 0 0 2814 4846; ppageno 0'>
   <div class='ocr_carea' id='block_1_1' title="bbox 182 229 1066 310">
    <p class='ocr_par' dir='ltr' id='par_1_1' title="bbox 182 229 1066 310">
     <span class='ocr_line' id='line_1_1' title="bbox 182 229 1066 310; baseline -0.012 -11"><span class='ocrx_word' id='word_1_1' title='bbox 182 245 242 310; x_wconf 66' lang='lat' dir='ltr'>mo</span> <span class='ocrx_word' id='word_1_2' title='bbox 441 231 596 298; x_wconf 73' lang='lat' dir='ltr'>secuto</span> <span class='ocrx_word' id='word_1_3' title='bbox 617 231 654 299; x_wconf 84' lang='lat' dir='ltr'>ll.</span> <span class='ocrx_word' id='word_1_4' title='bbox 693 231 787 292; x_wconf 82' lang='lat' dir='ltr'>lesus</span> <span class='ocrx_word' id='word_1_5' title='bbox 807 243 851 290; x_wconf 82' lang='lat' dir='ltr'>er</span> <span class='ocrx_word' id='word_1_6' title='bbox 871 229 1066 292; x_wconf 75' lang='lat' dir='ltr'>trannin.</span> 
     </span>
    </p>
   </div>
   <div class='ocr_carea' id='block_1_2' title="bbox 86 379 1335 910">
    <p class='ocr_par' dir='ltr' id='par_1_2' title="bbox 86 379 1335 910">
     <span class='ocr_line' id='line_1_2' title="bbox 86 379 1334 453; baseline -0.01 1"><span class='ocrx_word' id='word_1_7' title='bbox 86 401 90 416; x_wconf 83' lang='grc'><em>’</em></span> <span class='ocrx_word' id='word_1_8' title='bbox 187 391 327 453; x_wconf 84' lang='lat' dir='ltr'><strong>diuinittu</strong></span> <span class='ocrx_word' id='word_1_9' title='bbox 346 407 363 452; x_wconf 83' lang='lat' dir='ltr'>a</span> <span class='ocrx_word' id='word_1_10' title='bbox 383 387 504 450; x_wconf 80' lang='lat' dir='ltr'>Christo</span> <span class='ocrx_word' id='word_1_11' title='bbox 525 387 633 449; x_wconf 80' lang='lat' dir='ltr'>laeuam</span> <span class='ocrx_word' id='word_1_12' title='bbox 659 383 738 446; x_wconf 69' lang='lat' dir='ltr'>erati</span> <span class='ocrx_word' id='word_1_13' title='bbox 763 403 820 445; x_wconf 89' lang='lat' dir='ltr'>uec</span> <span class='ocrx_word' id='word_1_14' title='bbox 845 384 937 446; x_wconf 91' lang='lat' dir='ltr'>modo</span> <span class='ocrx_word' id='word_1_15' title='bbox 963 383 1082 444; x_wconf 88' lang='lat' dir='ltr'>laudem</span> <span class='ocrx_word' id='word_1_16' title='bbox 1107 379 1244 441; x_wconf 78' lang='lat' dir='ltr'>miraculi</span> <span class='ocrx_word' id='word_1_17' title='bbox 1272 379 1334 442; x_wconf 94' lang='lat' dir='ltr'>ob-</span> 
     </span>
     <span class='ocr_line' id='line_1_3' title="bbox 187 457 1334 557; baseline -0.01 -27"><span class='ocrx_word' id='word_1_18' title='bbox 187 479 322 543; x_wconf 84' lang='lat' dir='ltr'>scurant,</span> <span class='ocrx_word' id='word_1_19' title='bbox 353 466 405 526; x_wconf 85' lang='lat' dir='ltr'>sed</span> <span class='ocrx_word' id='word_1_20' title='bbox 431 465 461 525; x_wconf 92' lang='lat' dir='ltr'>in</span> <span class='ocrx_word' id='word_1_21' title='bbox 486 464 628 557; x_wconf 87' lang='lat' dir='ltr'>probrum</span> <span class='ocrx_word' id='word_1_22' title='bbox 652 463 770 522; x_wconf 80' lang='lat' dir='ltr'>trahere</span> <span class='ocrx_word' id='word_1_23' title='bbox 797 473 958 536; x_wconf 85' lang='lat' dir='ltr'>conantur,</span> <span class='ocrx_word' id='word_1_24' title='bbox 989 459 1070 540; x_wconf 89' lang='lat' dir='ltr'>quasi</span> <span class='ocrx_word' id='word_1_25' title='bbox 1094 457 1213 550; x_wconf 68' lang='lat' dir='ltr'>magico</span> <span class='ocrx_word' id='word_1_26' title='bbox 1240 477 1334 519; x_wconf 84' lang='lat' dir='ltr'>exor-</span> 
     </span>
     <span class='ocr_line' id='line_1_4' title="bbox 187 535 1335 619; baseline -0.009 -13"><span class='ocrx_word' id='word_1_27' title='bbox 187 545 280 606; x_wconf 85' lang='lat' dir='ltr'>eismo</span> <span class='ocrx_word' id='word_1_28' title='bbox 301 543 410 604; x_wconf 89' lang='lat' dir='ltr'>editum</span> <span class='ocrx_word' id='word_1_29' title='bbox 430 541 534 616; x_wconf 85' lang='lat' dir='ltr'>luerit,</span> <span class='ocrx_word' id='word_1_30' title='bbox 565 552 596 601; x_wconf 89' lang='lat' dir='ltr'>et</span> <span class='ocrx_word' id='word_1_31' title='bbox 615 540 675 600; x_wconf 89' lang='lat' dir='ltr'>eius</span> <span class='ocrx_word' id='word_1_32' title='bbox 696 538 812 618; x_wconf 87' lang='lat' dir='ltr'>operis,</span> <span class='ocrx_word' id='word_1_33' title='bbox 839 539 919 619; x_wconf 92' lang='lat' dir='ltr'><strong>quod</strong></span> <span class='ocrx_word' id='word_1_34' title='bbox 941 537 1054 598; x_wconf 88' lang='lat' dir='ltr'>homini</span> <span class='ocrx_word' id='word_1_35' title='bbox 1074 535 1166 595; x_wconf 84' lang='lat' dir='ltr'><strong>tribur</strong></span> <span class='ocrx_word' id='word_1_36' title='bbox 1186 555 1250 595; x_wconf 90' lang='lat' dir='ltr'>non</span> <span class='ocrx_word' id='word_1_37' title='bbox 1273 557 1335 617; x_wconf 93' lang='lat' dir='ltr'>po-</span> 
     </span>
     <span class='ocr_line' id='line_1_5' title="bbox 155 611 1333 700; baseline -0.008 -18"><span class='ocrx_word' id='word_1_38' title='bbox 155 654 159 664; x_wconf 46' lang='lat'><em>*</em></span> <span class='ocrx_word' id='word_1_39' title='bbox 189 631 276 696; x_wconf 80' lang='lat' dir='ltr'>terat,</span> <span class='ocrx_word' id='word_1_40' title='bbox 297 619 446 680; x_wconf 87' lang='lat' dir='ltr'>diabolum</span> <span class='ocrx_word' id='word_1_41' title='bbox 466 619 582 700; x_wconf 86' lang='lat' dir='ltr'><strong>fingunt</strong></span> <span class='ocrx_word' id='word_1_42' title='bbox 603 629 665 676; x_wconf 83' lang='lat' dir='ltr'>esse</span> <span class='ocrx_word' id='word_1_43' title='bbox 685 627 845 676; x_wconf 80' lang='lat' dir='ltr'><strong>auctorem.</strong></span> <span class='ocrx_word' id='word_1_44' title='bbox 883 616 932 675; x_wconf 89' lang='lat' dir='ltr'>De</span> <span class='ocrx_word' id='word_1_45' title='bbox 943 634 1018 674; x_wconf 83' lang='lat' dir='ltr'>voce</span> <span class='ocrx_word' id='word_1_46' title='bbox 1032 611 1203 674; x_wconf 86' lang='lat' dir='ltr'>Beelzebub</span> <span class='ocrx_word' id='word_1_47' title='bbox 1217 611 1333 673; x_wconf 83' lang='lat' dir='ltr'><strong>dictum</strong></span> 
     </span>
     <span class='ocr_line' id='line_1_6' title="bbox 190 687 1333 778; baseline -0.011 -19"><span class='ocrx_word' id='word_1_48' title='bbox 190 699 245 759; x_wconf 87' lang='lat' dir='ltr'>est&#39;</span> <span class='ocrx_word' id='word_1_49' title='bbox 267 717 330 778; x_wconf 83' lang='lat' dir='ltr'>cap.</span> <span class='ocrx_word' id='word_1_50' title='bbox 350 703 398 761; x_wconf 87' lang='grc'>10.</span> <span class='ocrx_word' id='word_1_51' title='bbox 437 695 485 756; x_wconf 88' lang='lat' dir='ltr'>De</span> <span class='ocrx_word' id='word_1_52' title='bbox 514 694 682 776; x_wconf 90' lang='lat' dir='ltr'>principatu</span> <span class='ocrx_word' id='word_1_53' title='bbox 712 691 790 752; x_wconf 91' lang='lat' dir='ltr'>inter</span> <span class='ocrx_word' id='word_1_54' title='bbox 824 691 959 752; x_wconf 89' lang='lat' dir='ltr'>diabolos</span> <span class='ocrx_word' id='word_1_55' title='bbox 990 690 1086 770; x_wconf 83' lang='lat' dir='ltr'>capite</span> <span class='ocrx_word' id='word_1_56' title='bbox 1105 697 1134 755; x_wconf 83' lang='lat'>9.</span> <span class='ocrx_word' id='word_1_57' title='bbox 1166 687 1333 771; x_wconf 83' lang='lat' dir='ltr'>attigimus.</span> 
     </span>
     <span class='ocr_line' id='line_1_7' title="bbox 188 767 1333 910; baseline -0.009 -74"><span class='ocrx_word' id='word_1_58' title='bbox 188 775 295 910; x_wconf 74' lang='lat' dir='ltr'>Neque</span> <span class='ocrx_word' id='word_1_59' title='bbox 321 771 399 832; x_wconf 87' lang='lat' dir='ltr'>enim</span> <span class='ocrx_word' id='word_1_60' title='bbox 426 791 460 832; x_wconf 85' lang='lat' dir='ltr'>ex</span> <span class='ocrx_word' id='word_1_61' title='bbox 486 771 579 862; x_wconf 45' lang='lat' dir='ltr'><strong>vulgi·</strong></span> <span class='ocrx_word' id='word_1_62' title='bbox 595 789 697 830; x_wconf 87' lang='lat' dir='ltr'>errore</span> <span class='ocrx_word' id='word_1_63' title='bbox 721 780 772 828; x_wconf 87' lang='lat' dir='ltr'>aut</span> <span class='ocrx_word' id='word_1_64' title='bbox 796 767 1006 850; x_wconf 73' lang='lat' dir='ltr'><strong>superstitione</strong></span> <span class='ocrx_word' id='word_1_65' title='bbox 1032 777 1134 825; x_wconf 86' lang='lat' dir='ltr'>natum</span> <span class='ocrx_word' id='word_1_66' title='bbox 1154 777 1214 841; x_wconf 86' lang='lat' dir='ltr'>est,</span> <span class='ocrx_word' id='word_1_67' title='bbox 1247 768 1333 902; x_wconf 69' lang='lat' dir='ltr'><strong>quod</strong></span> 
     </span>
    </p>
   </div>
   <div class='ocr_carea' id='block_1_3' title="bbox 187 843 1332 1084">
    <p class='ocr_par' dir='ltr' id='par_1_3' title="bbox 187 843 1332 1084">
     <span class='ocr_line' id='line_1_8' title="bbox 189 843 1332 938; baseline -0.007 -29"><span class='ocrx_word' id='word_1_68' title='bbox 189 851 245 910; x_wconf 87' lang='lat' dir='ltr'>sori</span> <span class='ocrx_word' id='word_1_69' title='bbox 268 870 303 909; x_wconf 90' lang='lat' dir='ltr'>ae</span> <span class='ocrx_word' id='word_1_70' title='bbox 322 869 414 908; x_wconf 88' lang='lat' dir='ltr'><strong>unum</strong></span> <span class='ocrx_word' id='word_1_71' title='bbox 433 849 513 938; x_wconf 54' lang='lat' dir='ltr'>inter</span> <span class='ocrx_word' id='word_1_72' title='bbox 536 847 655 928; x_wconf 79' lang='lat' dir='ltr'>spiritus</span> <span class='ocrx_word' id='word_1_73' title='bbox 681 843 827 927; x_wconf 85' lang='lat' dir='ltr'>malignos</span> <span class='ocrx_word' id='word_1_74' title='bbox 849 844 1028 936; x_wconf 45' lang='lat' dir='ltr'>principem·</span> <span class='ocrx_word' id='word_1_75' title='bbox 1042 850 1189 918; x_wconf 83' lang='lat' dir='ltr'>statuunt,</span> <span class='ocrx_word' id='word_1_76' title='bbox 1220 863 1254 902; x_wconf 86' lang='lat' dir='ltr'>se</span> <span class='ocrx_word' id='word_1_77' title='bbox 1296 863 1332 904; x_wconf 83' lang='lat' dir='ltr'>ex</span> 
     </span>
     <span class='ocr_line' id='line_1_9' title="bbox 187 920 1331 1006; baseline -0.004 -22"><span class='ocrx_word' id='word_1_78' title='bbox 187 936 310 1006; x_wconf 87' lang='lat' dir='ltr'>recepta</span> <span class='ocrx_word' id='word_1_79' title='bbox 327 923 407 986; x_wconf 90' lang='lat' dir='ltr'>inter</span> <span class='ocrx_word' id='word_1_80' title='bbox 425 924 495 1006; x_wconf 80' lang='lat' dir='ltr'>pios</span> <span class='ocrx_word' id='word_1_81' title='bbox 510 923 673 998; x_wconf 85' lang='lat' dir='ltr'>sententia,</span> <span class='ocrx_word' id='word_1_82' title='bbox 692 933 725 980; x_wconf 91' lang='lat' dir='ltr'><strong>ut</strong></span> <span class='ocrx_word' id='word_1_83' title='bbox 743 922 880 1002; x_wconf 78' lang='lat' dir='ltr'>reprobis</span> <span class='ocrx_word' id='word_1_84' title='bbox 900 941 984 984; x_wconf 83' lang='lat' dir='ltr'><strong>suum</strong></span> <span class='ocrx_word' id='word_1_85' title='bbox 1003 931 1042 982; x_wconf 80' lang='lat' dir='ltr'>stt</span> <span class='ocrx_word' id='word_1_86' title='bbox 1061 931 1166 1002; x_wconf 87' lang='lat' dir='ltr'>caput,</span> <span class='ocrx_word' id='word_1_87' title='bbox 1186 920 1331 1001; x_wconf 88' lang='lat' dir='ltr'>quemad-</span> 
     </span>
     <span class='ocr_line' id='line_1_10' title="bbox 188 996 941 1084; baseline -0.011 -20"><span class='ocrx_word' id='word_1_88' title='bbox 188 1003 310 1064; x_wconf 85' lang='lat' dir='ltr'><strong>modum</strong></span> <span class='ocrx_word' id='word_1_89' title='bbox 330 1013 420 1084; x_wconf 87' lang='lat' dir='ltr'>caput</span> <span class='ocrx_word' id='word_1_90' title='bbox 440 999 592 1064; x_wconf 79' lang='lat' dir='ltr'>Ecclesiae</span> <span class='ocrx_word' id='word_1_91' title='bbox 613 1009 658 1062; x_wconf 88' lang='lat' dir='ltr'>est</span> <span class='ocrx_word' id='word_1_92' title='bbox 678 996 823 1060; x_wconf 90' lang='lat' dir='ltr'>Christus.</span> <span class='ocrx_word' id='word_1_93' title='bbox 938 1048 941 1068; x_wconf 44' lang='grc' dir='ltr'>ι</span> 
     </span>
    </p>
   </div>
   <div class='ocr_carea' id='block_1_4' title="bbox 84 1294 1367 3094">
    <p class='ocr_par' dir='ltr' id='par_1_4' title="bbox 84 1294 1367 3094">
     <span class='ocr_line' id='line_1_11' title="bbox 231 1294 1333 1382; baseline -0.004 -18"><span class='ocrx_word' id='word_1_94' title='bbox 231 1300 339 1380; x_wconf 89' lang='grc'><strong>(102)</strong></span> <span class='ocrx_word' id='word_1_95' title='bbox 379 1299 551 1366; x_wconf 81' lang='grc' dir='ltr'><strong>ΜΑΤΤΗ.</strong></span> <span class='ocrx_word' id='word_1_96' title='bbox 577 1299 645 1364; x_wconf 86' lang='lat' dir='ltr'>Xll.</span> <span class='ocrx_word' id='word_1_97' title='bbox 687 1297 738 1364; x_wconf 83' lang='grc'><strong>25.</strong></span> <span class='ocrx_word' id='word_1_98' title='bbox 770 1297 860 1362; x_wconf 87' lang='lat' dir='ltr'>lesus</span> <span class='ocrx_word' id='word_1_99' title='bbox 882 1294 1003 1374; x_wconf 79' lang='lat' dir='ltr'>autem,</span> <span class='ocrx_word' id='word_1_100' title='bbox 1036 1315 1135 1382; x_wconf 91' lang='lat' dir='ltr'><strong>quum</strong></span> <span class='ocrx_word' id='word_1_101' title='bbox 1155 1297 1253 1360; x_wconf 84' lang='lat' dir='ltr'>sciret</span> <span class='ocrx_word' id='word_1_102' title='bbox 1274 1315 1333 1361; x_wconf 88' lang='lat' dir='ltr'>eo·</span> 
     </span>
     <span class='ocr_line' id='line_1_12' title="bbox 168 1395 1333 1488; baseline -0.003 -21"><span class='ocrx_word' id='word_1_103' title='bbox 168 1401 362 1488; x_wconf 76' lang='lat' dir='ltr'>·-gitationes</span> <span class='ocrx_word' id='word_1_104' title='bbox 382 1397 522 1476; x_wconf 91' lang='lat' dir='ltr'>illorum,</span> <span class='ocrx_word' id='word_1_105' title='bbox 544 1398 622 1466; x_wconf 83' lang='lat' dir='ltr'>dixit</span> <span class='ocrx_word' id='word_1_106' title='bbox 633 1397 707 1479; x_wconf 85' lang='lat' dir='ltr'>illie,</span> <span class='ocrx_word' id='word_1_107' title='bbox 728 1397 837 1464; x_wconf 88' lang='lat' dir='ltr'>Omne</span> <span class='ocrx_word' id='word_1_108' title='bbox 858 1417 991 1483; x_wconf 76' lang='lat' dir='ltr'>regnum</span> <span class='ocrx_word' id='word_1_109' title='bbox 1012 1395 1149 1462; x_wconf 86' lang='lat' dir='ltr'>divisum</span> <span class='ocrx_word' id='word_1_110' title='bbox 1171 1395 1333 1463; x_wconf 80' lang='lat' dir='ltr'>adversus</span> 
     </span>
     <span class='ocr_line' id='line_1_13' title="bbox 188 1495 1332 1580; baseline -0.003 -12"><span class='ocrx_word' id='word_1_111' title='bbox 188 1520 272 1580; x_wconf 83' lang='lat' dir='ltr'>sese,</span> <span class='ocrx_word' id='word_1_112' title='bbox 293 1499 510 1570; x_wconf 75' lang='lat' dir='ltr'>desolabitur:</span> <span class='ocrx_word' id='word_1_113' title='bbox 533 1511 565 1566; x_wconf 92' lang='lat' dir='ltr'>et</span> <span class='ocrx_word' id='word_1_114' title='bbox 584 1501 813 1567; x_wconf 84' lang='lat' dir='ltr'>omnieeivitas</span> <span class='ocrx_word' id='word_1_115' title='bbox 834 1509 889 1564; x_wconf 82' lang='lat' dir='ltr'>aut</span> <span class='ocrx_word' id='word_1_116' title='bbox 911 1497 1025 1564; x_wconf 89' lang='lat' dir='ltr'>domus</span> <span class='ocrx_word' id='word_1_117' title='bbox 1047 1496 1150 1564; x_wconf 85' lang='lat' dir='ltr'>divisa</span> <span class='ocrx_word' id='word_1_118' title='bbox 1172 1495 1332 1564; x_wconf 82' lang='lat' dir='ltr'>adversus</span> 
     </span>
     <span class='ocr_line' id='line_1_14' title="bbox 95 1596 1330 1686; baseline -0.002 -20"><span class='ocrx_word' id='word_1_119' title='bbox 95 1617 96 1624; x_wconf 53' lang='lat'>¹</span> <span class='ocrx_word' id='word_1_120' title='bbox 188 1621 273 1679; x_wconf 86' lang='lat' dir='ltr'>sese,</span> <span class='ocrx_word' id='word_1_121' title='bbox 291 1621 360 1666; x_wconf 90' lang='lat' dir='ltr'><strong>nou</strong></span> <span class='ocrx_word' id='word_1_122' title='bbox 372 1599 477 1666; x_wconf 85' lang='lat' dir='ltr'>stabit.</span> <span class='ocrx_word' id='word_1_123' title='bbox 511 1601 560 1666; x_wconf 74' lang='grc'><strong>20</strong></span> <span class='ocrx_word' id='word_1_124' title='bbox 584 1601 626 1686; x_wconf 76' lang='lat' dir='ltr'>Et</span> <span class='ocrx_word' id='word_1_125' title='bbox 645 1599 985 1665; x_wconf 85' lang='lat' dir='ltr'>aiSatanasSatanam</span> <span class='ocrx_word' id='word_1_126' title='bbox 1008 1596 1330 1676; x_wconf 75' lang='lat' dir='ltr'>eiieit&#39;udrersusse</span> 
     </span>
     <span class='ocr_line' id='line_1_15' title="bbox 188 1697 1331 1788; baseline -0.003 -21"><span class='ocrx_word' id='word_1_127' title='bbox 188 1702 295 1788; x_wconf 81' lang='lat' dir='ltr'>ipsum</span> <span class='ocrx_word' id='word_1_128' title='bbox 316 1699 438 1766; x_wconf 85' lang='lat' dir='ltr'>divisus</span> <span class='ocrx_word' id='word_1_129' title='bbox 459 1710 518 1779; x_wconf 83' lang='lat' dir='ltr'>est,</span> <span class='ocrx_word' id='word_1_130' title='bbox 541 1700 706 1787; x_wconf 92' lang='lat' dir='ltr'><strong>quomodo</strong></span> <span class='ocrx_word' id='word_1_131' title='bbox 728 1702 824 1788; x_wconf 82' lang='lat' dir='ltr'><strong>igitur</strong></span> <span class='ocrx_word' id='word_1_132' title='bbox 835 1698 931 1766; x_wconf 89' lang='lat' dir='ltr'>stabit</span> <span class='ocrx_word' id='word_1_133' title='bbox 950 1721 1081 1787; x_wconf 80' lang='lat' dir='ltr'>regnum</span> <span class='ocrx_word' id='word_1_134' title='bbox 1095 1697 1204 1764; x_wconf 84' lang='lat' dir='ltr'>illios?</span> <span class='ocrx_word' id='word_1_135' title='bbox 1224 1699 1276 1764; x_wconf 79' lang='grc'><strong>27.</strong></span> <span class='ocrx_word' id='word_1_136' title='bbox 1287 1697 1331 1764; x_wconf 86' lang='lat' dir='ltr'>Et</span> 
     </span>
     <span class='ocr_line' id='line_1_16' title="bbox 188 1799 1329 1887; baseline 0 -21"><span class='ocrx_word' id='word_1_137' title='bbox 188 1803 219 1870; x_wconf 90' lang='lat' dir='ltr'>si</span> <span class='ocrx_word' id='word_1_138' title='bbox 240 1821 302 1886; x_wconf 79' lang='lat' dir='ltr'>ego</span> <span class='ocrx_word' id='word_1_139' title='bbox 323 1800 488 1887; x_wconf 88' lang='lat' dir='ltr'>praesidio</span> <span class='ocrx_word' id='word_1_140' title='bbox 499 1799 692 1868; x_wconf 85' lang='lat' dir='ltr'>Beelzebub</span> <span class='ocrx_word' id='word_1_141' title='bbox 715 1803 811 1870; x_wconf 87' lang='lat' dir='ltr'>eiieio</span> <span class='ocrx_word' id='word_1_142' title='bbox 834 1799 1014 1879; x_wconf 87' lang='lat' dir='ltr'>daemonia,</span> <span class='ocrx_word' id='word_1_143' title='bbox 1034 1800 1097 1866; x_wconf 87' lang='lat' dir='ltr'>lilii</span> <span class='ocrx_word' id='word_1_144' title='bbox 1117 1802 1219 1866; x_wconf 83' lang='lat' dir='ltr'>vestri</span> <span class='ocrx_word' id='word_1_145' title='bbox 1236 1803 1329 1866; x_wconf 85' lang='lat' dir='ltr'>euius</span> 
     </span>
     <span class='ocr_line' id='line_1_17' title="bbox 188 1898 1329 1988; baseline 0.001 -23"><span class='ocrx_word' id='word_1_146' title='bbox 188 1900 355 1988; x_wconf 88' lang='lat' dir='ltr'>praesidio</span> <span class='ocrx_word' id='word_1_147' title='bbox 377 1903 529 1966; x_wconf 85' lang='lat' dir='ltr'>eiicianti</span> <span class='ocrx_word' id='word_1_148' title='bbox 560 1912 736 1987; x_wconf 82' lang='lat' dir='ltr'>propterea</span> <span class='ocrx_word' id='word_1_149' title='bbox 765 1903 827 1988; x_wconf 89' lang='lat' dir='ltr'>ipsi</span> <span class='ocrx_word' id='word_1_150' title='bbox 848 1901 1040 1968; x_wconf 86' lang='lat' dir='ltr'>iudicabunt</span> <span class='ocrx_word' id='word_1_151' title='bbox 1067 1900 1109 1967; x_wconf 88' lang='lat' dir='ltr'>de</span> <span class='ocrx_word' id='word_1_152' title='bbox 1129 1898 1236 1966; x_wconf 77' lang='lat' dir='ltr'>vobis</span> <span class='ocrx_word' id='word_1_153' title='bbox 1277 1901 1329 1966; x_wconf 72' lang='grc'><strong>23</strong></span> 
     </span>
     <span class='ocr_line' id='line_1_18' title="bbox 84 1991 1329 2088; baseline 0.001 -21"><span class='ocrx_word' id='word_1_154' title='bbox 84 1991 97 2012; x_wconf 67' lang='grc'><strong>“</strong></span> <span class='ocrx_word' id='word_1_155' title='bbox 190 2001 323 2088; x_wconf 86' lang='lat' dir='ltr'><strong>Quodsi</strong></span> <span class='ocrx_word' id='word_1_156' title='bbox 344 2001 466 2088; x_wconf 79' lang='lat' dir='ltr'><strong>Spiritu</strong></span> <span class='ocrx_word' id='word_1_157' title='bbox 493 2001 559 2066; x_wconf 92' lang='lat' dir='ltr'>Dei</span> <span class='ocrx_word' id='word_1_158' title='bbox 586 2003 681 2070; x_wconf 88' lang='lat' dir='ltr'>eiicio</span> <span class='ocrx_word' id='word_1_159' title='bbox 710 2002 899 2081; x_wconf 88' lang='lat' dir='ltr'>daemonia,</span> <span class='ocrx_word' id='word_1_160' title='bbox 932 2023 1011 2087; x_wconf 82' lang='lat' dir='ltr'>ergo</span> <span class='ocrx_word' id='word_1_161' title='bbox 1032 2003 1183 2087; x_wconf 85' lang='lat' dir='ltr'>pervenit</span> <span class='ocrx_word' id='word_1_162' title='bbox 1204 2000 1247 2066; x_wconf 90' lang='lat' dir='ltr'>ad</span> <span class='ocrx_word' id='word_1_163' title='bbox 1268 2024 1329 2068; x_wconf 85' lang='lat' dir='ltr'>ros</span> 
     </span>
     <span class='ocr_line' id='line_1_19' title="bbox 188 2100 1330 2190; baseline 0 -22"><span class='ocrx_word' id='word_1_164' title='bbox 188 2123 322 2188; x_wconf 76' lang='lat' dir='ltr'>regnum</span> <span class='ocrx_word' id='word_1_165' title='bbox 356 2103 430 2169; x_wconf 89' lang='lat' dir='ltr'>Dei.</span> <span class='ocrx_word' id='word_1_166' title='bbox 478 2104 529 2168; x_wconf 85' lang='grc'><strong>20.</strong></span> <span class='ocrx_word' id='word_1_167' title='bbox 561 2100 695 2189; x_wconf 84' lang='lat' dir='ltr'><strong>Alioqui</strong></span> <span class='ocrx_word' id='word_1_168' title='bbox 727 2102 894 2189; x_wconf 89' lang='lat' dir='ltr'><strong>quomodo</strong></span> <span class='ocrx_word' id='word_1_169' title='bbox 928 2112 1036 2189; x_wconf 86' lang='lat' dir='ltr'>potest</span> <span class='ocrx_word' id='word_1_170' title='bbox 1062 2101 1181 2190; x_wconf 84' lang='lat' dir='ltr'>aliquia</span> <span class='ocrx_word' id='word_1_171' title='bbox 1205 2103 1330 2168; x_wconf 89' lang='lat' dir='ltr'>intrare</span> 
     </span>
     <span class='ocr_line' id='line_1_20' title="bbox 189 2199 1330 2292; baseline 0.002 -24"><span class='ocrx_word' id='word_1_172' title='bbox 189 2199 320 2268; x_wconf 92' lang='lat' dir='ltr'>domum</span> <span class='ocrx_word' id='word_1_173' title='bbox 340 2204 499 2291; x_wconf 89' lang='lat' dir='ltr'>potentis,</span> <span class='ocrx_word' id='word_1_174' title='bbox 533 2215 565 2268; x_wconf 87' lang='lat' dir='ltr'>et</span> <span class='ocrx_word' id='word_1_175' title='bbox 591 2223 667 2268; x_wconf 86' lang='lat' dir='ltr'>vasa</span> <span class='ocrx_word' id='word_1_176' title='bbox 693 2201 782 2269; x_wconf 81' lang='lat' dir='ltr'>illiue</span> <span class='ocrx_word' id='word_1_177' title='bbox 804 2202 962 2292; x_wconf 86' lang='lat' dir='ltr'>diripere,</span> <span class='ocrx_word' id='word_1_178' title='bbox 995 2204 1058 2270; x_wconf 92' lang='lat' dir='ltr'>nisi</span> <span class='ocrx_word' id='word_1_179' title='bbox 1080 2208 1169 2290; x_wconf 87' lang='lat' dir='ltr'>prius</span> <span class='ocrx_word' id='word_1_180' title='bbox 1189 2207 1330 2270; x_wconf 85' lang='lat' dir='ltr'>vinxerit</span> 
     </span>
     <span class='ocr_line' id='line_1_21' title="bbox 125 2301 1329 2392; baseline 0.002 -24"><span class='ocrx_word' id='word_1_181' title='bbox 125 2349 130 2378; x_wconf 64' lang='lat'><strong><em>;</em></strong></span> <span class='ocrx_word' id='word_1_182' title='bbox 189 2313 372 2390; x_wconf 89' lang='lat' dir='ltr'>potentem,</span> <span class='ocrx_word' id='word_1_183' title='bbox 395 2315 428 2370; x_wconf 90' lang='lat' dir='ltr'>et</span> <span class='ocrx_word' id='word_1_184' title='bbox 447 2315 525 2370; x_wconf 87' lang='lat' dir='ltr'>tune</span> <span class='ocrx_word' id='word_1_185' title='bbox 546 2302 678 2370; x_wconf 83' lang='lat' dir='ltr'>denium</span> <span class='ocrx_word' id='word_1_186' title='bbox 699 2303 787 2370; x_wconf 84' lang='lat' dir='ltr'>illius</span> <span class='ocrx_word' id='word_1_187' title='bbox 810 2303 961 2392; x_wconf 78' lang='lat' dir='ltr'>diripiet?</span> <span class='ocrx_word' id='word_1_188' title='bbox 1003 2305 1054 2370; x_wconf 88' lang='grc'>30.</span> <span class='ocrx_word' id='word_1_189' title='bbox 1097 2301 1166 2390; x_wconf 86' lang='lat' dir='ltr'>Qui</span> <span class='ocrx_word' id='word_1_190' title='bbox 1187 2325 1257 2371; x_wconf 91' lang='lat' dir='ltr'>non</span> <span class='ocrx_word' id='word_1_191' title='bbox 1278 2315 1329 2370; x_wconf 86' lang='lat' dir='ltr'>est</span> 
     </span>
     <span class='ocr_line' id='line_1_22' title="bbox 189 2403 1330 2498; baseline 0 -28"><span class='ocrx_word' id='word_1_192' title='bbox 189 2426 323 2484; x_wconf 91' lang='lat' dir='ltr'>meeum,</span> <span class='ocrx_word' id='word_1_193' title='bbox 344 2403 514 2472; x_wconf 88' lang='lat' dir='ltr'>adversum</span> <span class='ocrx_word' id='word_1_194' title='bbox 534 2427 586 2470; x_wconf 89' lang='lat' dir='ltr'>me</span> <span class='ocrx_word' id='word_1_195' title='bbox 608 2415 670 2471; x_wconf 87' lang='lat' dir='ltr'>est:</span> <span class='ocrx_word' id='word_1_196' title='bbox 692 2418 725 2471; x_wconf 89' lang='lat' dir='ltr'>et</span> <span class='ocrx_word' id='word_1_197' title='bbox 744 2409 877 2492; x_wconf 92' lang='lat' dir='ltr'><strong>quinon</strong></span> <span class='ocrx_word' id='word_1_198' title='bbox 891 2417 1065 2498; x_wconf 76' lang='lat' dir='ltr'>congregat</span> <span class='ocrx_word' id='word_1_199' title='bbox 1084 2427 1220 2482; x_wconf 87' lang='lat' dir='ltr'>meeum,</span> <span class='ocrx_word' id='word_1_200' title='bbox 1239 2428 1330 2491; x_wconf 83' lang='lat' dir='ltr'>spar-</span> 
     </span>
     <span class='ocr_line' id='line_1_23' title="bbox 189 2505 1328 2593; baseline 0.003 -23"><span class='ocrx_word' id='word_1_201' title='bbox 189 2507 244 2590; x_wconf 75' lang='lat' dir='ltr'>git.</span> <span class='ocrx_word' id='word_1_202' title='bbox 285 2507 337 2572; x_wconf 84' lang='lat'>31.</span> <span class='ocrx_word' id='word_1_203' title='bbox 359 2506 537 2592; x_wconf 85' lang='lat' dir='ltr'>Propterea</span> <span class='ocrx_word' id='word_1_204' title='bbox 551 2505 626 2573; x_wconf 90' lang='lat' dir='ltr'>dico</span> <span class='ocrx_word' id='word_1_205' title='bbox 646 2505 750 2582; x_wconf 77' lang='lat' dir='ltr'>robis,</span> <span class='ocrx_word' id='word_1_206' title='bbox 771 2505 879 2572; x_wconf 91' lang='lat' dir='ltr'>Omne</span> <span class='ocrx_word' id='word_1_207' title='bbox 901 2516 1068 2593; x_wconf 85' lang='lat' dir='ltr'>peecatum</span> <span class='ocrx_word' id='word_1_208' title='bbox 1092 2515 1124 2571; x_wconf 88' lang='lat' dir='ltr'>et</span> <span class='ocrx_word' id='word_1_209' title='bbox 1144 2509 1328 2573; x_wconf 80' lang='lat' dir='ltr'>convicium</span> 
     </span>
     <span class='ocr_line' id='line_1_24' title="bbox 187 2606 1330 2694; baseline 0.003 -23"><span class='ocrx_word' id='word_1_210' title='bbox 187 2607 368 2673; x_wconf 87' lang='lat' dir='ltr'>remittetur</span> <span class='ocrx_word' id='word_1_211' title='bbox 389 2606 588 2674; x_wconf 83' lang='lat' dir='ltr'>hominibus:</span> <span class='ocrx_word' id='word_1_212' title='bbox 612 2617 644 2672; x_wconf 90' lang='lat' dir='ltr'>at</span> <span class='ocrx_word' id='word_1_213' title='bbox 665 2609 846 2673; x_wconf 83' lang='lat' dir='ltr'>convicium</span> <span class='ocrx_word' id='word_1_214' title='bbox 868 2609 902 2672; x_wconf 93' lang='lat' dir='ltr'>in</span> <span class='ocrx_word' id='word_1_215' title='bbox 924 2607 1077 2694; x_wconf 87' lang='lat' dir='ltr'>Spiritum</span> <span class='ocrx_word' id='word_1_216' title='bbox 1098 2625 1166 2673; x_wconf 90' lang='lat' dir='ltr'><strong>uon</strong></span> <span class='ocrx_word' id='word_1_217' title='bbox 1186 2610 1330 2674; x_wconf 85' lang='lat' dir='ltr'>remitte-</span> 
     </span>
     <span class='ocr_line' id='line_1_25' title="bbox 188 2705 1328 2795; baseline 0.001 -21"><span class='ocrx_word' id='word_1_218' title='bbox 188 2717 242 2774; x_wconf 86' lang='lat' dir='ltr'><strong>tur</strong></span> <span class='ocrx_word' id='word_1_219' title='bbox 268 2705 461 2780; x_wconf 84' lang='lat' dir='ltr'>homiuibus.</span> <span class='ocrx_word' id='word_1_220' title='bbox 502 2708 553 2774; x_wconf 89' lang='grc'><strong>32</strong></span> <span class='ocrx_word' id='word_1_221' title='bbox 588 2709 630 2772; x_wconf 87' lang='lat' dir='ltr'>Et</span> <span class='ocrx_word' id='word_1_222' title='bbox 656 2710 841 2795; x_wconf 85' lang='lat' dir='ltr'><strong>quicunque</strong></span> <span class='ocrx_word' id='word_1_223' title='bbox 868 2705 984 2776; x_wconf 83' lang='lat' dir='ltr'><strong>dixerit</strong></span> <span class='ocrx_word' id='word_1_224' title='bbox 1006 2705 1142 2774; x_wconf 86' lang='lat' dir='ltr'>verbum</span> <span class='ocrx_word' id='word_1_225' title='bbox 1170 2707 1328 2776; x_wconf 81' lang='lat' dir='ltr'>adversus</span> 
     </span>
     <span class='ocr_line' id='line_1_26' title="bbox 186 2805 1327 2894; baseline 0.003 -22"><span class='ocrx_word' id='word_1_226' title='bbox 186 2805 307 2872; x_wconf 80' lang='lat' dir='ltr'>Filium</span> <span class='ocrx_word' id='word_1_227' title='bbox 335 2807 487 2884; x_wconf 84' lang='lat' dir='ltr'>hominis,</span> <span class='ocrx_word' id='word_1_228' title='bbox 517 2811 697 2874; x_wconf 88' lang='lat' dir='ltr'>remittetur</span> <span class='ocrx_word' id='word_1_229' title='bbox 721 2807 785 2874; x_wconf 88' lang='lat' dir='ltr'>illi:</span> <span class='ocrx_word' id='word_1_230' title='bbox 816 2811 873 2894; x_wconf 93' lang='lat' dir='ltr'>qui</span> <span class='ocrx_word' id='word_1_231' title='bbox 900 2819 1004 2874; x_wconf 89' lang='lat' dir='ltr'>autem</span> <span class='ocrx_word' id='word_1_232' title='bbox 1033 2809 1149 2875; x_wconf 85' lang='lat' dir='ltr'><strong>dixerit</strong></span> <span class='ocrx_word' id='word_1_233' title='bbox 1169 2809 1327 2875; x_wconf 86' lang='lat' dir='ltr'>adversus</span> 
     </span>
     <span class='ocr_line' id='line_1_27' title="bbox 188 2906 1367 2998; baseline 0.004 -26"><span class='ocrx_word' id='word_1_234' title='bbox 188 2906 341 2992; x_wconf 88' lang='lat' dir='ltr'>Spiritum</span> <span class='ocrx_word' id='word_1_235' title='bbox 361 2918 514 2987; x_wconf 87' lang='lat' dir='ltr'>sanctum,</span> <span class='ocrx_word' id='word_1_236' title='bbox 535 2930 603 2976; x_wconf 94' lang='lat' dir='ltr'>non</span> <span class='ocrx_word' id='word_1_237' title='bbox 623 2911 803 2976; x_wconf 89' lang='lat' dir='ltr'>remittetur</span> <span class='ocrx_word' id='word_1_238' title='bbox 823 2911 863 2988; x_wconf 90' lang='lat' dir='ltr'>ei,</span> <span class='ocrx_word' id='word_1_239' title='bbox 883 2929 992 2998; x_wconf 91' lang='lat' dir='ltr'>neque</span> <span class='ocrx_word' id='word_1_240' title='bbox 1012 2913 1047 2976; x_wconf 94' lang='lat' dir='ltr'>in</span> <span class='ocrx_word' id='word_1_241' title='bbox 1067 2914 1236 2996; x_wconf 78' lang='lat' dir='ltr'>praesenti</span> <span class='ocrx_word' id='word_1_242' title='bbox 1257 2931 1326 2977; x_wconf 82' lang='lat' dir='ltr'>sae·</span> <span class='ocrx_word' id='word_1_243' title='bbox 1365 2953 1367 2958; x_wconf 93' lang='lat'>-</span> 
     </span>
     <span class='ocr_line' id='line_1_28' title="bbox 189 3002 675 3094; baseline 0.014 -24"><span class='ocrx_word' id='word_1_244' title='bbox 189 3002 279 3085; x_wconf 89' lang='lat' dir='ltr'>culo,</span> <span class='ocrx_word' id='word_1_245' title='bbox 298 3025 407 3094; x_wconf 91' lang='lat' dir='ltr'>neque</span> <span class='ocrx_word' id='word_1_246' title='bbox 427 3009 463 3073; x_wconf 93' lang='lat' dir='ltr'>in</span> <span class='ocrx_word' id='word_1_247' title='bbox 484 3007 602 3076; x_wconf 89' lang='lat' dir='ltr'><strong>loturo.</strong></span> <span class='ocrx_word' id='word_1_248' title='bbox 654 3029 675 3068; x_wconf 75' lang='lat' dir='ltr'>e</span> 
     </span>
    </p>
   </div>
   <div class='ocr_carea' id='block_1_5' title="bbox 144 3138 1345 4442">
    <p class='ocr_par' dir='ltr' id='par_1_5' title="bbox 144 3138 1345 4442">
     <span class='ocr_line' id='line_1_29' title="bbox 270 3138 1327 3232; baseline 0.006 -26"><span class='ocrx_word' id='word_1_249' title='bbox 270 3138 413 3208; x_wconf 82' lang='lat' dir='ltr'>MARC.</span> <span class='ocrx_word' id='word_1_250' title='bbox 438 3141 492 3208; x_wconf 92' lang='lat' dir='ltr'>lll.</span> <span class='ocrx_word' id='word_1_251' title='bbox 533 3141 585 3211; x_wconf 80' lang='lat'>23.</span> <span class='ocrx_word' id='word_1_252' title='bbox 606 3141 648 3209; x_wconf 90' lang='lat' dir='ltr'>Et</span> <span class='ocrx_word' id='word_1_253' title='bbox 668 3140 710 3207; x_wconf 88' lang='lat' dir='ltr'>ad</span> <span class='ocrx_word' id='word_1_254' title='bbox 731 3163 768 3208; x_wconf 90' lang='lat' dir='ltr'>se</span> <span class='ocrx_word' id='word_1_255' title='bbox 789 3143 913 3209; x_wconf 84' lang='lat' dir='ltr'>vocatis</span> <span class='ocrx_word' id='word_1_256' title='bbox 941 3146 1001 3224; x_wconf 86' lang='lat' dir='ltr'>eia,</span> <span class='ocrx_word' id='word_1_257' title='bbox 1032 3147 1066 3212; x_wconf 92' lang='lat' dir='ltr'>in</span> <span class='ocrx_word' id='word_1_258' title='bbox 1087 3143 1257 3232; x_wconf 82' lang='lat' dir='ltr'>parabolis</span> <span class='ocrx_word' id='word_1_259' title='bbox 1279 3145 1327 3214; x_wconf 89' lang='lat' dir='ltr'>di·</span> 
     </span>
     <span class='ocr_line' id='line_1_30' title="bbox 188 3237 1325 3328; baseline 0.005 -22"><span class='ocrx_word' id='word_1_260' title='bbox 188 3237 299 3322; x_wconf 75' lang='lat' dir='ltr'>oebat,</span> <span class='ocrx_word' id='word_1_261' title='bbox 324 3239 502 3326; x_wconf 88' lang='lat' dir='ltr'><strong>Quomodo</strong></span> <span class='ocrx_word' id='word_1_262' title='bbox 524 3253 632 3328; x_wconf 82' lang='lat' dir='ltr'>potest</span> <span class='ocrx_word' id='word_1_263' title='bbox 652 3241 787 3310; x_wconf 79' lang='lat' dir='ltr'>Satanas</span> <span class='ocrx_word' id='word_1_264' title='bbox 807 3243 958 3310; x_wconf 86' lang='lat' dir='ltr'>Satanam</span> <span class='ocrx_word' id='word_1_265' title='bbox 980 3247 1120 3313; x_wconf 81' lang='lat' dir='ltr'>eiicere?</span> <span class='ocrx_word' id='word_1_266' title='bbox 1161 3247 1213 3314; x_wconf 80' lang='grc'><strong>24.</strong></span> <span class='ocrx_word' id='word_1_267' title='bbox 1234 3247 1325 3314; x_wconf 82' lang='lat' dir='ltr'>Etsi</span> 
     </span>
     <span class='ocr_line' id='line_1_31' title="bbox 187 3339 1324 3444; baseline 0.006 -39"><span class='ocrx_word' id='word_1_268' title='bbox 187 3361 322 3426; x_wconf 78' lang='lat' dir='ltr'>regnum</span> <span class='ocrx_word' id='word_1_269' title='bbox 343 3339 497 3408; x_wconf 86' lang='lat' dir='ltr'>adversus</span> <span class='ocrx_word' id='word_1_270' title='bbox 517 3365 554 3444; x_wconf 72' lang='lat' dir='ltr'>sq</span> <span class='ocrx_word' id='word_1_271' title='bbox 575 3343 712 3411; x_wconf 86' lang='lat' dir='ltr'>divisum</span> <span class='ocrx_word' id='word_1_272' title='bbox 734 3345 844 3423; x_wconf 87' lang='lat' dir='ltr'>luerit,</span> <span class='ocrx_word' id='word_1_273' title='bbox 865 3365 931 3410; x_wconf 94' lang='lat' dir='ltr'>non</span> <span class='ocrx_word' id='word_1_274' title='bbox 953 3358 1062 3432; x_wconf 83' lang='lat' dir='ltr'>potest</span> <span class='ocrx_word' id='word_1_275' title='bbox 1081 3359 1167 3412; x_wconf 86' lang='lat' dir='ltr'>stare</span> <span class='ocrx_word' id='word_1_276' title='bbox 1188 3369 1324 3433; x_wconf 82' lang='lat' dir='ltr'>regnum</span> 
     </span>
     <span class='ocr_line' id='line_1_32' title="bbox 186 3437 1323 3534; baseline 0.007 -28"><span class='ocrx_word' id='word_1_277' title='bbox 186 3437 279 3508; x_wconf 86' lang='lat' dir='ltr'>illud.</span> <span class='ocrx_word' id='word_1_278' title='bbox 320 3441 372 3508; x_wconf 83' lang='grc'><strong>25.</strong></span> <span class='ocrx_word' id='word_1_279' title='bbox 401 3441 497 3510; x_wconf 84' lang='lat' dir='ltr'>Etsi</span> <span class='ocrx_word' id='word_1_280' title='bbox 526 3445 641 3513; x_wconf 89' lang='lat' dir='ltr'>domus</span> <span class='ocrx_word' id='word_1_281' title='bbox 669 3437 781 3512; x_wconf 81' lang='lat' dir='ltr'>contr&#39;a</span> <span class='ocrx_word' id='word_1_282' title='bbox 808 3467 844 3512; x_wconf 87' lang='lat' dir='ltr'>ae</span> <span class='ocrx_word' id='word_1_283' title='bbox 865 3448 965 3534; x_wconf 86' lang='lat' dir='ltr'>ipsam</span> <span class='ocrx_word' id='word_1_284' title='bbox 989 3446 1092 3512; x_wconf 84' lang='lat' dir='ltr'>divisa</span> <span class='ocrx_word' id='word_1_285' title='bbox 1112 3447 1224 3526; x_wconf 91' lang='lat' dir='ltr'>luerit,</span> <span class='ocrx_word' id='word_1_286' title='bbox 1255 3469 1323 3514; x_wconf 94' lang='lat' dir='ltr'>non</span> 
     </span>
     <span class='ocr_line' id='line_1_33' title="bbox 186 3541 1335 3628; baseline 0.004 -19"><span class='ocrx_word' id='word_1_287' title='bbox 186 3551 295 3628; x_wconf 85' lang='lat' dir='ltr'>potest</span> <span class='ocrx_word' id='word_1_288' title='bbox 314 3552 399 3610; x_wconf 89' lang='lat' dir='ltr'>stare</span> <span class='ocrx_word' id='word_1_289' title='bbox 421 3541 537 3614; x_wconf 86' lang='lat' dir='ltr'><strong>domus</strong></span> <span class='ocrx_word' id='word_1_290' title='bbox 557 3544 623 3612; x_wconf 85' lang='lat' dir='ltr'>ille.</span> <span class='ocrx_word' id='word_1_291' title='bbox 663 3545 714 3612; x_wconf 83' lang='grc'><strong>26.</strong></span> <span class='ocrx_word' id='word_1_292' title='bbox 740 3546 782 3613; x_wconf 86' lang='lat' dir='ltr'>Et</span> <span class='ocrx_word' id='word_1_293' title='bbox 809 3550 837 3612; x_wconf 88' lang='lat' dir='ltr'>si</span> <span class='ocrx_word' id='word_1_294' title='bbox 857 3543 993 3613; x_wconf 87' lang='lat' dir='ltr'>Satanas</span> <span class='ocrx_word' id='word_1_295' title='bbox 1018 3548 1189 3614; x_wconf 84' lang='lat' dir='ltr'><strong>insurrexit</strong></span> <span class='ocrx_word' id='word_1_296' title='bbox 1208 3549 1335 3616; x_wconf 86' lang='lat' dir='ltr'>eontra&#39;</span> 
     </span>
     <span class='ocr_line' id='line_1_34' title="bbox 185 3643 1324 3734; baseline 0.007 -26"><span class='ocrx_word' id='word_1_297' title='bbox 185 3645 347 3730; x_wconf 82' lang='lat' dir='ltr'>seipsum</span> <span class='ocrx_word' id='word_1_298' title='bbox 369 3665 409 3710; x_wconf 89' lang='lat' dir='ltr'>ao</span> <span class='ocrx_word' id='word_1_299' title='bbox 429 3643 552 3712; x_wconf 84' lang='lat' dir='ltr'>divisus</span> <span class='ocrx_word' id='word_1_300' title='bbox 574 3657 635 3725; x_wconf 84' lang='lat' dir='ltr'>est,</span> <span class='ocrx_word' id='word_1_301' title='bbox 661 3667 729 3713; x_wconf 91' lang='lat' dir='ltr'>non</span> <span class='ocrx_word' id='word_1_302' title='bbox 752 3659 859 3734; x_wconf 88' lang='lat' dir='ltr'>potest</span> <span class='ocrx_word' id='word_1_303' title='bbox 879 3659 982 3726; x_wconf 84' lang='lat' dir='ltr'>stare,</span> <span class='ocrx_word' id='word_1_304' title='bbox 1007 3647 1067 3714; x_wconf 87' lang='lat' dir='ltr'>sed</span> <span class='ocrx_word' id='word_1_305' title='bbox 1093 3648 1194 3714; x_wconf 88' lang='lat' dir='ltr'>finem</span> <span class='ocrx_word' id='word_1_306' title='bbox 1215 3647 1324 3716; x_wconf 89' lang='lat' dir='ltr'>habet.</span> 
     </span>
     <span class='ocr_line' id='line_1_35' title="bbox 183 3741 1324 3838; baseline 0.005 -29"><span class='ocrx_word' id='word_1_307' title='bbox 183 3741 236 3810; x_wconf 85' lang='grc'><strong>27.</strong></span> <span class='ocrx_word' id='word_1_308' title='bbox 256 3743 334 3811; x_wconf 87' lang='lat' dir='ltr'>Non</span> <span class='ocrx_word' id='word_1_309' title='bbox 354 3753 463 3833; x_wconf 85' lang='lat' dir='ltr'>polest</span> <span class='ocrx_word' id='word_1_310' title='bbox 483 3749 649 3834; x_wconf 83' lang='lat' dir='ltr'>quiequam</span> <span class='ocrx_word' id='word_1_311' title='bbox 668 3767 745 3812; x_wconf 85' lang='lat' dir='ltr'>vasa</span> <span class='ocrx_word' id='word_1_312' title='bbox 766 3748 867 3827; x_wconf 77' lang='lat' dir='ltr'>fortis,</span> <span class='ocrx_word' id='word_1_313' title='bbox 887 3752 1051 3836; x_wconf 82' lang='lat' dir='ltr'>ingressus</span> <span class='ocrx_word' id='word_1_314' title='bbox 1073 3748 1204 3815; x_wconf 88' lang='lat' dir='ltr'>domum</span> <span class='ocrx_word' id='word_1_315' title='bbox 1221 3748 1324 3838; x_wconf 76' lang='lat' dir='ltr'>illius,</span> 
     </span>
     <span class='ocr_line' id='line_1_36' title="bbox 185 3837 1323 3934; baseline 0.005 -24"><span class='ocrx_word' id='word_1_316' title='bbox 185 3839 342 3930; x_wconf 87' lang='lat' dir='ltr'>diripere,</span> <span class='ocrx_word' id='word_1_317' title='bbox 373 3848 436 3911; x_wconf 85' lang='lat' dir='ltr'>nisi</span> <span class='ocrx_word' id='word_1_318' title='bbox 463 3849 552 3933; x_wconf 86' lang='lat' dir='ltr'>prius</span> <span class='ocrx_word' id='word_1_319' title='bbox 573 3849 689 3914; x_wconf 89' lang='lat' dir='ltr'>lortem</span> <span class='ocrx_word' id='word_1_320' title='bbox 712 3837 903 3934; x_wconf 74' lang='lat' dir='ltr'>alligaverit,</span> <span class='ocrx_word' id='word_1_321' title='bbox 934 3861 966 3914; x_wconf 93' lang='lat' dir='ltr'>et</span> <span class='ocrx_word' id='word_1_322' title='bbox 986 3859 1065 3914; x_wconf 89' lang='lat' dir='ltr'><strong>tuno</strong></span> <span class='ocrx_word' id='word_1_323' title='bbox 1092 3847 1223 3915; x_wconf 90' lang='lat' dir='ltr'>domum</span> <span class='ocrx_word' id='word_1_324' title='bbox 1253 3853 1323 3918; x_wconf 86' lang='lat' dir='ltr'>eius</span> 
     </span>
     <span class='ocr_line' id='line_1_37' title="bbox 184 3939 1324 4030; baseline 0.009 -22"><span class='ocrx_word' id='word_1_325' title='bbox 184 3939 326 4030; x_wconf 84' lang='lat' dir='ltr'>diripiet.</span> <span class='ocrx_word' id='word_1_326' title='bbox 368 3945 418 4010; x_wconf 72' lang='grc'><strong>20</strong></span> <span class='ocrx_word' id='word_1_327' title='bbox 431 3945 544 4013; x_wconf 72' lang='lat' dir='ltr'>Amen</span> <span class='ocrx_word' id='word_1_328' title='bbox 565 3947 641 4014; x_wconf 90' lang='lat' dir='ltr'>dieo</span> <span class='ocrx_word' id='word_1_329' title='bbox 663 3946 773 4028; x_wconf 86' lang='lat' dir='ltr'>vohis,</span> <span class='ocrx_word' id='word_1_330' title='bbox 799 3948 920 4016; x_wconf 89' lang='lat' dir='ltr'>Omnia</span> <span class='ocrx_word' id='word_1_331' title='bbox 941 3953 1144 4016; x_wconf 86' lang='lat' dir='ltr'>remittentur</span> <span class='ocrx_word' id='word_1_332' title='bbox 1163 3948 1244 4017; x_wconf 76' lang='lat' dir='ltr'>liliis</span> <span class='ocrx_word' id='word_1_333' title='bbox 1266 3951 1324 4018; x_wconf 83' lang='lat' dir='ltr'>ho·</span> 
     </span>
     <span class='ocr_line' id='line_1_38' title="bbox 181 4045 1322 4138; baseline 0.01 -31"><span class='ocrx_word' id='word_1_334' title='bbox 181 4045 303 4112; x_wconf 91' lang='lat' dir='ltr'>minum</span> <span class='ocrx_word' id='word_1_335' title='bbox 324 4055 460 4134; x_wconf 86' lang='lat' dir='ltr'>peccata</span> <span class='ocrx_word' id='word_1_336' title='bbox 481 4058 513 4113; x_wconf 91' lang='lat' dir='ltr'>et</span> <span class='ocrx_word' id='word_1_337' title='bbox 532 4046 768 4136; x_wconf 86' lang='lat' dir='ltr'>blasphemiae,</span> <span class='ocrx_word' id='word_1_338' title='bbox 801 4049 1049 4138; x_wconf 87' lang='lat' dir='ltr'><strong>quibuscunque</strong></span> <span class='ocrx_word' id='word_1_339' title='bbox 1075 4048 1322 4136; x_wconf 78' lang='lat' dir='ltr'>blasphemare</span> 
     </span>
     <span class='ocr_line' id='line_1_39' title="bbox 144 4141 1321 4238; baseline 0.012 -32"><span class='ocrx_word' id='word_1_340' title='bbox 144 4168 153 4193; x_wconf 62' lang='lat' dir='ltr'>i</span> <span class='ocrx_word' id='word_1_341' title='bbox 180 4141 262 4209; x_wconf 76' lang='lat' dir='ltr'>riute</span> <span class='ocrx_word' id='word_1_342' title='bbox 303 4146 353 4210; x_wconf 88' lang='grc'><strong>29.</strong></span> <span class='ocrx_word' id='word_1_343' title='bbox 374 4148 418 4213; x_wconf 80' lang='lat' dir='ltr'>Ar</span> <span class='ocrx_word' id='word_1_344' title='bbox 439 4149 495 4235; x_wconf 90' lang='lat' dir='ltr'>qui</span> <span class='ocrx_word' id='word_1_345' title='bbox 516 4152 697 4216; x_wconf 86' lang='lat' dir='ltr'>convicium</span> <span class='ocrx_word' id='word_1_346' title='bbox 721 4148 836 4216; x_wconf 84' lang='lat' dir='ltr'>dixerit</span> <span class='ocrx_word' id='word_1_347' title='bbox 856 4154 889 4218; x_wconf 92' lang='lat' dir='ltr'>in</span> <span class='ocrx_word' id='word_1_348' title='bbox 901 4151 1054 4238; x_wconf 86' lang='lat' dir='ltr'>Spiritum</span> <span class='ocrx_word' id='word_1_349' title='bbox 1076 4161 1233 4232; x_wconf 84' lang='lat' dir='ltr'>sanetum,</span> <span class='ocrx_word' id='word_1_350' title='bbox 1252 4175 1321 4220; x_wconf 89' lang='lat' dir='ltr'>non</span> 
     </span>
     <span class='ocr_line' id='line_1_40' title="bbox 179 4238 1320 4330; baseline 0.016 -27"><span class='ocrx_word' id='word_1_351' title='bbox 179 4238 280 4309; x_wconf 87' lang='lat' dir='ltr'>habet</span> <span class='ocrx_word' id='word_1_352' title='bbox 304 4248 525 4315; x_wconf 85' lang='lat' dir='ltr'>remissionem</span> <span class='ocrx_word' id='word_1_353' title='bbox 553 4251 587 4315; x_wconf 92' lang='lat' dir='ltr'>in</span> <span class='ocrx_word' id='word_1_354' title='bbox 614 4261 796 4330; x_wconf 84' lang='lat' dir='ltr'>aeternum,</span> <span class='ocrx_word' id='word_1_355' title='bbox 829 4252 889 4319; x_wconf 88' lang='lat' dir='ltr'>sed</span> <span class='ocrx_word' id='word_1_356' title='bbox 918 4250 1081 4320; x_wconf 85' lang='lat' dir='ltr'>obnoxius</span> <span class='ocrx_word' id='word_1_357' title='bbox 1107 4263 1156 4320; x_wconf 87' lang='lat' dir='ltr'>est</span> <span class='ocrx_word' id='word_1_358' title='bbox 1182 4263 1320 4322; x_wconf 86' lang='lat' dir='ltr'>aeterno</span> 
     </span>
     <span class='ocr_line' id='line_1_41' title="bbox 177 4335 1345 4442; baseline 0.014 -36"><span class='ocrx_word' id='word_1_359' title='bbox 177 4339 309 4410; x_wconf 85' lang='lat' dir='ltr'>iudicio.</span> <span class='ocrx_word' id='word_1_360' title='bbox 350 4345 401 4411; x_wconf 82' lang='lat' dir='ltr'>au</span> <span class='ocrx_word' id='word_1_361' title='bbox 422 4347 586 4419; x_wconf 80' lang='lat' dir='ltr'>Dicebant</span> <span class='ocrx_word' id='word_1_362' title='bbox 606 4352 709 4431; x_wconf 88' lang='lat' dir='ltr'>enim,</span> <span class='ocrx_word' id='word_1_363' title='bbox 729 4351 882 4442; x_wconf 88' lang='lat' dir='ltr'>Spiritum</span> <span class='ocrx_word' id='word_1_364' title='bbox 905 4353 1103 4422; x_wconf 87' lang='lat' dir='ltr'><strong>immundum</strong></span> <span class='ocrx_word' id='word_1_365' title='bbox 1123 4351 1234 4422; x_wconf 79' lang='lat' dir='ltr'>habet</span> <span class='ocrx_word' id='word_1_366' title='bbox 1326 4335 1345 4382; x_wconf 83' lang='lat'><em>&#39;</em></span> 
     </span>
    </p>
   </div>
   <div class='ocr_carea' id='block_1_6' title="bbox 0 0 1412 4846">
    <p class='ocr_par' dir='ltr' id='par_1_6' title="bbox 0 0 1412 4846">
     <span class='ocr_line' id='line_1_42' title="bbox 0 0 1412 4846; baseline 0 3"><span class='ocrx_word' id='word_1_367' title='bbox 0 0 1412 4846; x_wconf 95' lang='lat' dir='ltr'> </span> 
     </span>
    </p>
   </div>
  </div>
 </body>
</html>
