2814 4846
168 193 362 274 (tut-tot.
392 191 617 279 Pharisaeorqm
633 195 788 260 calumme.
827 198 940 266 Christi
955 205 1139 289 responsio.)
1175 215 1235 282 Μ

91 344 205 436 probro
226 345 350 408 aficere
367 345 515 427 spirtum,
524 347 593 425 Dei,
606 349 664 488 ἤιά
684 349 827 420 destinata
847 354 959 420 malitia
978 357 1042 428 eius
1060 361 1185 444 gratiam
1197 375 1229 428 et

89 433 233 514 vututqm·
249 435 443 514 oppugnant,
482 445 577 516 neque
603 449 613 485 ι
657 429 764 504 modo,
801 430 855 492 sed
877 433 936 494 tale
959 435 1144 519 sacrilegium
1164 435 1230 504 nou'

89 511 253 574 committa,
277 521 335 560 ursa
355 499 425 562 dum
445 500 625 564 habitantem
643 503 676 562 in
695 505 783 566 nobis
803 507 948 588 Spiritum
973 511 1100 574 scientes
1119 515 1227 576 emtis-

89 595 179 666 gnere
200 596 354 636 conamur.
392 577 491 657 Atque
510 577 583 638 baec
600 580 677 641 ratio
699 593 758 658 est,
793 604 845 646 cur
865 585 993 666 Spiritus
1011 586 1126 669 probro
1146 589 1228 654 affici

87 663 186 732 potrus
206 653 324 714 dicatur
350 674 436 732 quam
461 653 508 716 vel
527 654 618 719 lilius
637 657 685 718 sel
703 658 795 720 Pater
814 660 889 742 ipse:
919 664 988 744 quia
1006 664 1146 736 videlicet
1162 662 1224 730 Dei

87 729 198 810 gratiae
225 739 257 790 et
281 728 384 790 virmti
412 730 593 792 detrahendo
620 731 762 813 Spiritum
791 750 872 799 recta
899 738 1081 822 impetimus,
1120 763 1137 802 a
1183 766 1225 808 uo

86 805 239 940 prodeunt
257 806 340 866 etin
360 806 528 898 quo·u·obis
548 823 701 900 apparent.
739 811 899 877 Maledicet
922 816 1065 900 quispiam
1083 765 1225 882 inereduss

96 881 228 944 uslleo?
248 904 358 962 nempe
377 903 436 944 acsi
454 905 486 974 sq
502 897 650 975 parietem
670 909 776 951 coecus
795 889 984 978 impingeret.
1021 894 1059 956 In
1077 895 1224 978 Spiritum
1325 939 1328 948 ·

85 979 154 1048 sero
175 980 242 1020 non
260 957 427 1036 maledicit,
455 981 510 1020 nur
536 961 587 1041 qui
604 961 641 1024 ab
663 985 700 1026 eo
719 965 900 1034 illuminatus
919 970 957 1032 im
980 971 1026 1032 iae
1045 971 1223 1036 rebellionis

82 1034 138 1095 nbi
157 1035 296 1097 conscius
317 1047 373 1097 est:
412 1057 510 1116 neque
537 1037 614 1103 enim
634 1043 783 1122 superflua
807 1055 852 1108 est
869 1046 925 1108 ista
964 1037 1111 1124 ulinctio,
1140 1049 1223 1130 quod

83 1111 145 1172 aliis
176 1111 315 1250 cardinibus
348 1111 535 1249 lglaspbemiis
546 1115 643 1250 spersia
672 1115 816 1211 dabitur,
841 1134 1052 1212 ppaeterquam,
1071 1123 1139 1188 hnic
1158 1127 1222 1204 uni,

82 1209 341 1345 tttttttt‘,
360 1201 661 1358 utilitati?
677 1193 844 1338 cesidii:
861 1199 1222 1360 iinfflcoiifiiii

80 1341 170 1431 mmm
187 1342 273 1404 Deus
294 1363 444 1432 nunqnam
470 1344 617 1423 propitius
640 1291 707 1407 flire
731 1345 847 1409 dicitur.
888 1347 951 1414 Cur
969 1351 1042 1428 boc,
1073 1353 1130 1414 uisi
1150 1355 1220 1436 quia

81 1417 112 1478 tu
131 1419 251 1480 demum
271 1418 303 1480 in
313 1418 458 1499 Spiritum
479 1416 642 1509 blasphemi
661 1434 740 1499 sunt,
760 1423 811 1506 qui
830 1437 934 1486 contra
954 1428 1113 1508 proprium
1128 1426 1220 1492 animi

79 1493 125 1556 sui
143 1515 263 1558 sensum
284 1495 345 1556 eius
365 1494 451 1557 donis
471 1506 503 1555 ct
518 1495 619 1558 virtuti
631 1497 819 1563 obtrectant?
839 1503 954 1564 Eodem
966 1525 1086 1588 quoque
1105 1500 1221 1585 spectat

78 1573 169 1648 ratio,
208 1592 264 1634 uae
284 1571 362 1654 apud
381 1571 514 1632 Marcum
537 1572 676 1650 babetur,
695 1574 859 1642 Pharisaeis
877 1577 919 1650 ita
939 1579 1052 1646 duriter
1076 1581 1219 1650 minatum

79 1667 141 1710 esse
167 1647 193 1710 C
232 1647 336 1724 istum,
367 1647 450 1729 quia,
461 1647 608 1724 dixerant,
639 1650 744 1733 spiritu
771 1651 922 1717 immundo
973 1647 1121 1731 raeditunr¹
1144 1659 1227 1746 e'ss'e,x

78 1727 148 1858 quia
167 1725 226 1788 hoc
247 1725 338 1786 modo
362 1723 459 1787 lucem
485 1725 516 1785 iu
534 1726 672 1790 tenebras
692 1729 830 1792 consulto
855 1743 886 1792 et
903 1676 1033 1816 maligne
1052 1733 1218 1801 uertebant.

109 1825 147 1864 oe
164 1823 240 1864 vero
260 1813 307 1864 est
324 1801 477 1885 gigantum
496 1821 597 1880 more,
616 1815 650 1864 ut
667 1803 844 1886 loquuntur,
875 1807 988 1870 bellum
1006 1810 1075 1871 Deo
1094 1810 1216 1875 inferre.

79 1877 136 1939 llic
154 1892 256 1940 tamen
275 1878 406 1940 nascitur
425 1878 574 1957 quaestio,
597 1881 646 1942 An
667 1902 799 1964 eousque
819 1885 962 1948 menuae
975 1887 1140 1976 prosiliant
1158 1889 1216 1950 ho-

77 1957 187 2032 mines,
217 1967 251 2016 ut
270 1967 374 2016 contra
392 1953 491 2016 Deum
511 1975 599 2025 ruere
617 1956 743 2020 seientes
763 1971 795 2020 et
817 1959 952 2024 volentes
976 1984 1038 2025 non
1065 1961 1215 2028 dubitent:

76 2034 135 2094 boc
154 2032 236 2094 euim
256 2031 371 2093 videtur
391 2051 453 2094 esse
478 2029 652 2094 incredibile
678 2047 858 2116 portentum.
896 2039 1095 2120 ltespondep,
1109 2043 1214 2103 auda.

74 2109 150 2170 ciam
170 2106 248 2170 banc
267 2107 389 2188 prodire
409 2106 528 2187 quidem
547 2129 582 2168 ex
601 2109 773 2190 phrenetica
793 2111 1016 2196 coecitate,‚in
1037 2135 1094 2200 qua
1109 2106 1215 2180 'tamen

74 2185 186 2246 malitia
211 2196 245 2246 et
267 2183 428 2244 virulentus
453 2184 538 2244 furor
562 2199 725 2266 exsuperat.
768 2189 832 2250 Nec
852 2209 922 2250 vero
943 2189 996 2251 abs
1015 2213 1048 2253 re
1068 2204 1113 2253 est
1131 2191 1230 2274 qnod„

73 2263 182 2324 Paulus
202 2261 276 2322 dicit
293 2260 334 2338 (I.
354 2261 431 2321 Tim.
451 2269 485 2336 t,
503 2262 584 2340 lb),
614 2283 705 2341 quum
723 2262 915 2348 blasphemus
930 2277 1023 2342 esset,
1045 2269 1162 2330 veniam
1180 2290 1214 2332 se

72 2339 162 2400 fuisse
182 2347 415 2416 consequutnm,
439 2337 508 2417 quia
527 2337 668 2420 ignorans
687 2338 719 2397 in
738 2359 789 2400 sua
808 2339 1015 2401 incredulitate
1034 2343 1064 2403 id
1084 2344 1212 2406 fecerat:

72 2439 156 2476 sumn
180 2415 262 2477 enim
282 2425 435 2494 peccatum
461 2414 515 2473 bae
534 2433 609 2474 voce
629 2433 646 2472 a
665 2414 831 2476 voluntaris
855 2413 1040 2479 contumacia
1060 2418 1212 2482 discernit

72 2492 167 2554 Simul
194 2503 304 2554 autem·
319 2490 377 2552 boc
401 2490 470 2552 loco
495 2489 643 2564 refellitur
668 2510 778 2566 eorum,
797 2510 911 2568 error„
938 2493 990 2572 qui
1012 2495 1211 2568 voluntarium

71 2569 198 2650 quodue
225 2579 397 2647 peccatum,
429 2577 460 2628 et
486 2563 566 2648 quod
589 2587 662 2658 repn
687 2579 786 2640 nante,
801 2569 983 2637 couscientia
997 2570 1201 2643 ,committitur

71 2644 276 2708 irremissibile
296 2664 357 2705 esse
377 2643 502 2726 lingunt.
540 2643 632 2721 Atqui
678 2641 759 2705 aulus
780 2643 886 2705 diserte
907 2656 1060 2725 peccatum
1079 2645 1156 2708 illud
1173 2616 1212 2709 a‘d

70 2724 204 2805 priorem
224 2721 314 2860 Leqis
333 2719 463 2782 tabulam
482 2719 650 2803 restringit,
680 2719 857 2782 nec-''mians
876 2719 954 2782 clare
972 2722 1122 2783 Dominus
1139 2743 1210 2804 spe-

69 2801 146 2860 eiem
165 2820 257 2860 unna
298 2799 412 2878 assignat
429 2796 630 2877 blasphemiae
649 2797 781 2872 numus,
800 2810 831 2860 et
842 2797 928 2858 simul
935 2799 1078 2875 ostendit,
1097 2799 1214 2864 directe

92 2897 206 2959 ugnare
231 2897 299 2938 cum
323 2874 383 2936 Dei
406 2873 511 2958 gloria.
560 2874 605 2936 Ex
630 2871 673 2934 bis
698 2885 795 2937 autem
820 2874 957 2940 omuibus
983 2875 1125 2960 colligere
1150 2875 1229 2940 iam·

69 2899 155 3030 licet,
185 2951 218 3013 in
238 2950 381 3044 Spiritum
407 2962 539 3010 sanctum
565 2970 690 3031 peceare
711 2963 740 3012 et
760 2949 821 3012 blas
845 2953 947 3012 bemus
968 2972 1047 3027 esse,
1077 2953 1129 3032 qui
1146 2952 1208 3014 Dei
1246 2983 1251 2992 ι

68 3031 195 3092 virtutes
214 3027 273 3090 aibr
291 3027 506 3120 perspiritum
525 3027 697 3107 patefactas,
717 3028 747 3088 in
766 2973 1039 3107 quidus'eelebrari
1057 3029 1119 3091 eius
1139 3029 1207 3113 glo.-

68 3108 143 3167 riam
164 3105 302 3181 decebat,
322 3105 352 3164 in
372 3125 434 3165 etus
454 3103 581 3166 dedecus
601 3103 746 3166 malitiose
766 3117 954 3182 couvertnnt,
973 3118 1006 3172 et
1019 3127 1084 3170 eum
1098 3105 1209 3172 Satana

68 3185 144 3244 duce
163 3203 221 3245 suo
241 3180 368 3274 professi
386 3191 456 3241 suut
473 3179 658 3262 gloriaeDei
673 3181 781 3242 hostes.
821 3181 924 3256 Quare
943 3182 1052 3245 mirum
1068 3203 1131 3244 nou
1151 3195 1211 3264 est,
1271 3171 1273 3187 ³

66 3261 90 3321 si
108 3260 162 3320 tali
182 3259 342 3342 saerrlegio
361 3278 443 3340 spem
463 3257 566 3317 veniae
586 3257 738 3348 praecidat
757 3255 905 3328 Christus:
933 3259 1104 3339 deploratos
1125 3257 1207 3320 e'uim

66 3359 131 3398 esse
152 3348 286 3417 oportet,
306 3334 356 3416 qni
375 3333 491 3395 unicam
510 3333 610 3396 salutas
629 3334 804 3396 medicinam
823 3332 854 3394 in
870 3333 957 3396 letale
970 3356 1118 3396 uenenum
1130 3357 1204 3400 cou-

66 3423 196 3474 vertnnt.
234 3411 346 3474 Durius
366 3411 424 3471 boe
445 3409 618 3500 quibusdam
628 3407 754 3486 videtur,
773 3410 903 3491 ideoque
923 3411 960 3472 ad
979 3411 1094 3493 puerile
1114 3413 1203 3476 cavil-

65 3490 130 3550 tum
150 3487 342 3572 confugiunt,
367 3485 567 3549 irremissibile
586 3485 702 3564 vocari,
728 3488 868 3568 quoniam
893 3487 955 3551 eins
975 3489 1062 3550 venia
1080 3511 1146 3550 rara
1165 3489 1205 3550 sit

66 3578 96 3627 et
116 3566 157 3626 ad
173 3565 391 3646 impetrandum
409 3563 547 3624 difficilis.
587 3563 680 3645 Atqui
700 3564 860 3645 expressius
883 3551 1023 3646 loquelus
1049 3576 1093 3628 est
1113 3563 1203 3627 (ibri-

63 3657 136 3716 stus,
156 3664 245 3724 quam
266 3653 300 3700 ut
317 3643 391 3702 adeo
412 3639 538 3700 futiliter
557 3637 635 3702 eludi
655 3653 766 3719 queant
785 3640 846 3703 eius
865 3642 964 3704 verba.
1002 3642 1096 3702 Nimis
1113 3641 1203 3700 etiam

63 3720 154 3781 stulte
173 3718 410 3791 ratiocinantur„
431 3715 580 3778 crudelem
600 3716 665 3778 fure
685 3718 811 3793 Deum„
828 3717 853 3778 si
878 3731 1031 3800 peccatum
1049 3735 1201 3794 nunquam

65 3796 207 3870 remittat,
226 3793 308 3858 cuius
327 3793 466 3856 atrocitas
486 3815 588 3856 omnes
608 3793 641 3854 in
658 3805 810 3875 stuporem
829 3816 934 3876 rapere
955 3793 1056 3855 debet:
1077 3812 1133 3852 nec
1152 3785 1210 3852 sa-*

62 3873 100 3933 tis
119 3893 151 3934 re
175 3884 281 3948 nunt,
307 3893 393 3953 qnam
413 3872 539 3932 immane
558 3871 596 3931 sit
613 3871 717 3946 scelus,
736 3892 799 3932 non
819 3873 909 3934 modo
929 3892 1047 3933 sacrum
1061 3867 1122 3928 Dei
1141 3887 1199 3927 no·

62 3969 132 4010 men
153 3894 222 4010 data
242 3967 333 4029 opera
353 3947 525 4030 profanare,
542 3948 594 4008 sed
613 3949 644 4008 iu
664 3947 771 4010 facicm
791 3949 852 4010 eius
873 3953 1046 4028 conspuere,
1066 3942 1134 4004 dnm
1146 3964 1200 4024 pa-

61 4026 120 4086 lam
139 4025 265 4088 relucet
303 4025 443 4088 Eiusdem
461 4024 595 4086 inscitiae
614 4036 658 4086 est
675 4026 756 4107 quod
768 4025 931 4106 excipiunt,
945 4021 1102 4084 absurdum
1121 4021 1199 4098 fore,

60 4104 85 4164 si
107 4123 145 4165 ne
166 4101 354 4193 poenitentia
379 4103 498 4184 quidem
523 4100 639 4163 veniam
659 4103 697 4162 im
720 4112 807 4166 etset.
845 4101 968 4167 Certum
987 4099 1066 4160 enim
1086 4111 1131 4160 cst
1149 4119 1197 4160 re-

60 4179 253 4262 probationis
271 4179 386 4262 siguum
407 4178 438 4239 in
457 4179 600 4260 Spiritum
619 4123 810 4260 blaspllemia.
849 4177 939 4239 Unde
958 4175 1105 4257 sequitur,
1129 4173 1196 4256 qui-

60 4277 182 4336 cunque
202 4257 233 4316 iu
254 4277 318 4318 eam
338 4255 468 4348 prolapsi
488 4255 616 4331 fuerint,
653 4257 684 4316 in
704 4254 865 4347 reprobum
884 4275 1000 4316 sensum
1020 4253 1104 4316 datos
1123 4273 1198 4314 esse.

60 4333 162 4398 Sicuti
186 4333 267 4398 enim
289 4332 354 4398 beu
378 4353 465 4418 posse
491 4353 649 4418 negamus,
677 4344 725 4410 nt,
754 4351 806 4420 qur
824 4352 894 4400 vere
914 4327 1029 4420 Spiritu
1045 4329 1197 4418 regenitus
