2768 4834
172 217 231 280 170
521 297 525 310 Ι
623 207 776 268 secum
798 207 884 280 vr„
981 275 985 296 ι

174 374 304 423 catorum
325 353 496 436 remissione
516 358 607 422 ordiri
627 377 746 420 necesse
767 370 829 433 est,
854 358 921 439 quia
941 359 1010 420 hinc
1031 357 1125 439 prima
1146 377 1213 438 spes
1235 377 1321 421 exo-

173 437 257 498 randi
276 435 334 498 Dei
353 435 492 517 affulget,
517 435 585 496 dum
606 435 692 494 nobis
713 435 856 514 propitius
878 445 934 506 est,
961 434 1010 514 qui
1031 456 1093 495 uon
1114 423 1323 495 aliter'nobis

172 515 306 595 placatur
326 533 411 592 quam
432 521 550 593 peccata
593 511 660 602 ratjs
681 511 872 592 ignoscendo.
919 509 1077 572 Caeterum
1098 510 1208 572 duabus
1228 510 1321 602 peti-

172 591 303 651 tionibus
324 588 492 668 complcxus
512 531 710 662 eradamus,
732 609 806 666 quae
827 588 862 647 ad
883 599 1034 648 aeternam
1050 587 1173 650 salntem
1193 608 1321 648 animae

173 680 204 728 et
226 664 405 746 spiritualem
430 665 517 724 vitam
542 661 730 746 spectabant,
764 662 849 724 sicuti
875 662 948 724 b'aec
972 665 1031 726 duo
1057 676 1126 724 sunt
1150 663 1321 744 praecipua

173 745 269 824 capita
290 741 378 801 divini
400 739 544 812 foederis,
575 739 680 819 quibus
701 751 761 799 tota
782 741 857 802 saltas
878 751 978 800 nostra
999 753 1126 801 constat:
1149 741 1229 821 quod
1252 760 1319 800 no-

173 819 218 880 bis
244 817 400 908 gratuitam
426 815 700 882 reconciliationem
720 816 814 878 offert
833 829 952 895 peccata
975 839 1037 877 non
1057 817 1248 898 imputando,
1284 827 1322 876 et

174 897 195 960 S
219 896 316 955 iratum
340 892 503 972 promittit,
533 893 584 972 qui
602 893 739 952 iustitiam
758 892 846 974 Legis
866 892 1004 952 cordibus
1024 893 1133 954 nostris
1153 893 1319 972 insculpat.

156 977 165 992 '
206 983 340 1049 triamque
361 976 432 1050 ergo
454 980 555 1050 petere
575 968 721 1046 iubemur,
741 979 771 1028 et
791 969 890 1047 priore
911 969 978 1030 loco
1000 969 1121 1049 ponitur
1136 981 1238 1030 votum
1254 990 1318 1048 pro

173 1047 335 1110 obtinenda
362 1057 549 1124 peccatorum
572 1037 753 1104 remissione.
796 1045 921 1105 Peccata
947 1045 1024 1126 apud
1049 1045 1227 1106 biattbaeum
1256 1066 1320 1106 vo-

175 1135 279 1184 cantur
297 1119 407 1197 debita,
433 1121 571 1200 quoniam
591 1133 673 1180 reatu
691 1141 748 1179 nos
768 1121 959 1201 obstringunt
977 1122 1013 1182 ad
1034 1122 1091 1182 Dei
1110 1121 1256 1196 tribunal,
1284 1133 1321 1182 et

89 1241 93 1262 1
174 1197 324 1268 debitores
344 1197 540 1260 constituunt:
572 1196 631 1258 into
653 1196 756 1280 ³‚D80
777 1218 897 1276 prorsus
916 1197 1061 1274 alienant,
1092 1197 1319 1278 utnulla-spes

174 1276 212 1336 sit
230 1273 411 1334 obtinendae
431 1271 510 1352 pacis
529 1279 561 1332 'et
579 1273 690 1354 gratiae
706 1269 766 1332 'nisi
787 1294 840 1354 per
859 1273 985 1334 veniam.
1014 1275 1058 1334 Ita
1079 1274 1117 1334 im
1139 1273 1217 1334 letnr
1230 1273 1319 1353 quod

175 1354 263 1412 docet
287 1350 394 1410 Paulus
418 1349 564 1425 (Rom3
607 1349 695 1428 'ld->s
727 1348 806 1408 Reos
833 1369 895 1410 esse
917 1370 1034 1426 omues,
1065 1360 1095 1411 et
1114 1297 1232 1412 destitui
1252 1348 1320 1410 Dei

197 1428 285 1502 foria,
318 1438 350 1486 ut
375 1445 463 1484 omne
489 1447 523 1486 os
549 1392 734 1499 obstruatur,
766 1437 796 1486 et
820 1425 964 1486 obnoxiam
990 1427 1048 1486 fiat.
1065 1427 1159 1486 omnis
1184 1427 1318 1489 mundus

143 1531 149 1551 =
175 1445 253 1566 lieo.
283 1501 358 1564 Naro
380 1499 484 1590 etsi'in
503 1502 609 1562 sanctis
630 1514 766 1584 exparte
787 1501 913 1584 affulget
930 1503 990 1562 Dei
1011 1503 1130 1578 iustitia,
1151 1524 1238 1638 guam
1260 1503 1318 1563 din

175 1594 273 1642 tamen
302 1599 389 1640 carue
416 1577 587 1638 cueurndari
611 1589 695 1656 suut,
724 1579 852 1658 peccatis
873 1578 989 1638 oberati
1009 1579 1115 1643 iacent.
1172 1592 1202 1638 ta
1220 1600 1317 1638 nemo

175 1654 341 1746 reperietur
364 1672 456 1742 ,usque
482 1654 557 1712 adeo
577 1675 682 1732 purus,
715 1653 845 1732 quinon
867 1653 999 1737 indigeat
1017 1654 1218 1723 misericordia
1237 1652 1317 1714 Dei:

175 1755 256 1794 curus
275 1730 300 1792 si
319 1729 478 1818 participes
498 1749 559 1790 esse
580 1752 618 1788 cu
638 1730 728 1802 imus,
747 1729 893 1790 miseriam
913 1745 1042 1794 nostram
1062 1733 1171 1792 sentire
1191 1751 1318 1792 necesse

176 1821 229 1868 est.
275 1808 337 1882 Qm
361 1826 431 1868 vero
455 1817 566 1864 tantam
585 1751 642 1864 sitii
661 1805 876 1891 perfectionem
895 1807 926 1866 in
947 1808 1005 1868 hoc
1024 1809 1133 1870 mundo
1154 1808 1318 1882 somniant,

176 1896 210 1943 ut
229 1882 265 1943 ab
288 1876 369 1941 omni
388 1881 459 1938 vitio
482 1891 512 1939 et
531 1880 616 1960 culpa
635 1881 694 1941 sint
713 1881 871 1958 immunes,
891 1905 954 1942 non
973 1896 1032 1951 tam
1053 1885 1180 1965 peccatis
1198 1883 1317 1944 valedi-

166 1970 262 2046 ycunt,
291 1953 459 2094 ‘limidi
485 1951 620 2036 Cbristd,
649 1979 669 2032 ¹a
695 1951 775 2019 euius
801 1958 934 2020 Ecclesia
958 1981 1019 2020 sese
1043 1962 1191 2022 abdicant.
1237 1961 1318 2020 Nam

177 2056 267 2116 quum
319 2033 408 2112 'scipu
423 2054 455 2092 os
486 2053 587 2095 omnes
612 2055 679 2094 suos
705 2037 742 2103 ad
768 2048 959 2116 peccatorum
984 2037 1186 2098 remissionem
1211 2036 1319 2097 iubeat

177 2109 310 2192 quotidie
335 2109 514 2191 confugere,
543 2107 579 2168 ab
605 2131 852 2179 eorum,numero
872 2133 902 2172 se
923 2112 1082 2205 expungit,
1113 2113 1177 2193 quis
1199 2111 1243 2172 uis
1263 2135 1317 2172 sn-

198 2207 352 2248 ervacuum
364 2186 430 2245 boc
449 2185 693 2248 remediumesse
712 2199 804 2266 putat
836 2185 898 2248 Iam
917 2188 1061 2264 remissio,
1081 2211 1167 2270 quam
1179 2135 1236 2250 laic
1255 2210 1317 2248 no-

174 2210 222 2326 lis
241 2262 306 2324 fieri
326 2275 471 2342 optamus,
490 2258 736 2328 satisfactionibus
754 2277 912 2346 repugnat,
932 2265 1036 2345 quibus
1053 2288 1084 2326 se
1097 2265 1318 2327 mundruredi-

176 2362 257 2402 mere
278 2351 402 2406 conatur
449 2339 495 2401 Ne
519 2339 652 2400 necuim
673 2341 822 2402 remittere
843 2339 948 2402 dicitur
969 2336 1107 2418 creditor,
1128 2341 1178 2422 qui
1191 2355 1318 2422 accepta

176 2417 326 2480 solutione
346 2382 420 2494 nibil
439 2360 562 2493 amplius
583 2415 681 2496 exigit,
701 2417 753 2476 sed
774 2417 823 2497 qui
842 2417 921 2478 ultro
943 2432 973 2478 et
993 2419 1154 2479 liberaliter
1172 2419 1237 2478 iure
1258 2440 1315 2478 suo

178 2495 285 2556 cedens
311 2491 437 2554 absolvit
461 2489 656 2570 debitorem„
681 2491 786 2572 Neque
811 2493 858 2552 bic
885 2494 982 2554 locum
1010 2496 1099 2556 babet
1117 2495 1244 2578 vulgaris
1264 2494 1317 2555 illa

178 2571 282 2650 culpae
304 2581 335 2630 et
353 2587 468 2648 poenae
490 2567 657 2630 distinctio:
683 2591 780 2648 neque
801 2570 879 2630 enim
900 2571 1019 2632 dubium
1041 2584 1100 2646 est,
1121 2573 1191 2650 quin
1213 2571 1318 2632 debita

177 2667 294 2729 poenae
319 2657 432 2704 reatum
457 2643 634 2740 significent.
680 2646 738 2706 liic
762 2646 787 2706 si
806 2645 892 2706 nobis
913 2648 1003 2728 gratis
1023 2648 1199 2722 remittitur,
1231 2670 1317 2724 com<

177 2723 368 2804 pensationes‘
384 2742 486 2780 omues
507 2741 681 2782 evanescere
702 2734 831 2801 oportet.
859 2723 924 2782 Nec
945 2723 1016 2784 alius
1038 2738 1191 2784 estseusus
1203 2723 1317 2798 Lucae,

200 2799 307 2860 uamvis
322 2813 444 2874 pacem
464 2797 613 2872 nominet,
649 2797 715 2878 quia
727 2819 840 2860 ,eurum
859 2799 974 2860 veniam
995 2821 1056 2863 non
1076 2801 1160 2860 aliter
1179 2799 1320 2882 indulget

176 2823 271 2950 bens,
289 2895 376 2953 quam
395 2883 508 2931 reatum
528 2870 669 2932 tollendo.
708 2873 790 2935 sinu
851 2880 1097 2938 mammertinus.
1135 2877 1218 2938 Haec
1239 2898 1317 2938 con-

178 2953 252 3016 ditio
278 2951 347 3010 ideo
373 2947 508 3028 apposita
534 2960 593 3026 est,
623 2970 660 3008 ne
682 2949 746 3029 quis
766 2972 782 3009 a
820 2949 919 3012 Deum
940 2955 1084 3033 petendae
1104 2953 1208 3013 veniae
1227 2975 1317 3017 causa

178 3025 321 3092 accedere
347 3029 466 3097 audeat,
494 3023 550 3084 nisi
577 3025 658 3085 omni
684 3027 754 3086 odio
796 3049 863 3088 urus
884 3050 917 3089 ac
937 3051 1052 3092 vacum.
1089 3031 1195 3108 Neque
1213 3025 1325 3090 tamen'

178 3103 280 3177 venia,
301 3121 387 3180 quam
408 3099 494 3160 nobis
515 3099 576 3160 dari
596 3102 736 3181 petimus,
761 3049 797 3164 ab
819 3125 853 3164 en
873 3126 960 3185 quam
981 3117 1158 3186 praestamus
1177 3103 1241 3166 aliis
1262 3107 1316 3166 de-

146 3212 148 3220 v
201 3179 304 3240 eudet:
330 3165 382 3236 sed
404 3176 459 3235 boc
478 3177 570 3237 modo
590 3177 626 3238 ad
645 3178 834 3242 remittendas
855 3203 957 3244 omnes
977 3181 1106 3244 offensas
1127 3182 1239 3242 hortari
1260 3203 1316 3244 nos

179 3201 313 3318 buris-tus
338 3253 448 3330 voluit,
476 3265 507 3314 et
529 3253 617 3314 simul
641 3253 978 3319 absolutionis.nostrae
1004 3259 1136 3319 fiduciam
1158 3258 1240 3338 quasi
1258 3259 1316 3336 irn-

180 3351 282 3416 presso
311 3329 409 3414 sigillo,
433 3329 536 3391 melius
561 3344 654 3390 ratam
679 3332 784 3394 facere.
829 3335 892 3395 Nec
913 3333 1026 3410 obstat,
1075 3336 1136 3396 uod
1156 3335 1234 3413 apud
1254 3335 1317 3394 Lu-

180 3431 244 3472 cam
269 3407 393 3468 babetur
412 3407 553 3487 particula
574 3422 622 3476 καὶ
638 3419 706 3491 γάρ,
740 3430 814 3490 quae
833 3413 1007 3472 tantundem
1027 3357 1104 3472 valet
1122 3419 1159 3471 ad
1175 3410 1318 3490 siparidem

180 3488 228 3549 vel
252 3489 371 3546 atenim:
410 3483 477 3562 quia
498 3483 623 3555 ,Christi
639 3485 793 3560 consilium
818 3508 881 3546 nou
902 3487 958 3548 fuit
978 3509 1091 3548 causam
1112 3500 1233 3564 notare,
1264 3489 1315 3548 sed

180 3573 292 3626 tantum
312 3580 446 3636 monere,
466 3561 582 3642 qualem
601 3583 672 3646 erga
691 3563 794 3624 fratres
814 3563 942 3624 animum
954 3559 1062 3624 afferre
1076 3565 1316 3654 oporteatgdum

78 3699 82 3702 .
181 3640 313 3722 cupimus
336 3637 405 3698 Deo
427 3639 622 3699 reconciliari.
664 3643 705 3700 Et
729 3653 809 3700 certe
822 3640 853 3711 ¹si
872 3641 904 3700 in
925 3641 1063 3700 cordibus
1083 3652 1195 3730 nostras.
1210 3653 1321 3732 regnat

132 3775 133 3780 ,
180 3719 240 3780 Dei
265 3715 410 3797 Spiritus,
441 3736 552 3776 cessare
578 3729 700 3796 oportet
725 3735 843 3776 omnem
863 3717 1099 3778 malevolentiam
1119 3728 1149 3776 et
1168 3719 1317 3778 vindictae

180 3797 328 3869 affectunt.
374 3791 473 3866 Quum
499 3805 597 3854 autem
622 3793 749 3872 Spiritus
775 3793 861 3854 nobis
881 3793 920 3854 sit
939 3793 1109 3872 adoptionis
1129 3804 1250 3854 nostrae
1270 3806 1316 3853 te-

180 3873 242 3948 stis,
261 3871 390 3932 videmus
409 3868 581 3948 simpliciter
601 3870 646 3928 hic
668 3868 835 3948 oppositam
855 3892 917 3930 esse
937 3882 1049 3944 notam,
1070 3887 1143 3949 qarae
1154 3869 1214 3930 Dei
1224 3871 1248 3930 F
1251 3868 1317 3930 ilios

180 3950 217 4014 ab
238 3945 381 4010 datraneis
401 3945 567 4004 discermt
593 3933 747 4006 Delicatus
765 3945 812 4006 bic
831 3957 975 4007 vocantur
994 3967 1056 4006 non
1078 3945 1240 4026 pecuniae,
1269 3945 1317 4008 vel

182 4025 272 4088 officii
291 4021 423 4096 alicuius,
440 4023 492 4082 sed
512 4023 562 4100 qui
582 4023 622 4083 ob
641 4023 735 4082 illatas
754 4016 874 4084 iniurias
894 4021 981 4082 nobis
1001 4034 1070 4082 sunt
1089 4020 1221 4083 obnoxii.

257 4111 304 4167 13
334 4097 429 4159 Erae
447 4097 639 4160 nostradamus
656 4098 893 4160 remeatum
932 4095 1015 4162 Haec
1034 4097 1139 4178 petitio
1160 4117 1317 4180 perperam

180 4179 212 4238 in
232 4177 302 4238 duas
322 4199 338 4238 a
359 4174 529 4253 quibusdam
549 4189 628 4236 secta
649 4175 714 4250 fuit,
734 4196 823 4255 quum
843 4198 877 4235 er
896 4196 928 4236 re
949 4173 1011 4254 ipsa
1031 4185 1158 4249 constet,
1178 4195 1268 4236 unam
1289 4188 1319 4234 et

182 4255 306 4316 eandem
329 4272 409 4326 esse,
439 4263 469 4313 et
492 4251 648 4314 verborum
673 4253 819 4312 connexio
844 4251 921 4313 idem
941 4253 1131 4312 demonstret
1169 4251 1318 4314 Adversa-

182 4331 242 4396 tiva
266 4329 345 4392 enim
369 4329 525 4406 particula,
555 4349 629 4410 quae
655 4328 751 4390 media
776 4329 916 4409 ponitur,
948 4327 1006 4390 duo
1031 4327 1162 4390 membra
1187 4327 1267 4392 inter
1286 4349 1318 4391 se
