2768 4834
108 179 146 296 nn
244 306 251 327 .
404 225 413 261 ⁷
548 223 701 288 secuto
724 225 779 302 vr,

108 401 178 465 ,uana
198 378 330 444 fideliter
345 388 494 459 praestent
514 379 593 458 quod
619 376 705 438 titulo
725 389 810 438 tenus
830 363 988 456 usurpant,
1007 395 1099 437 nunc
1125 375 1235 438 dicere

108 461 208 520 mitto.
247 457 345 533 Quam
378 476 449 517 vero
483 457 518 515 de
548 453 677 526 consiliis
707 465 929 533 praeposterum
960 453 998 513 sit
1021 453 1234 545 insulsumque

109 545 299 608 ommentum,
320 533 415 614 primo
435 531 504 591 inde
523 541 617 610 patet,
638 531 704 609 quia
724 551 795 590 non.
809 531 871 590 sine
894 527 1004 589 Christi
1023 529 1129 594 iniuria
1150 531 1233 590 drei-

108 637 155 686 ur,
183 611 302 672 suasisse
333 610 342 667 i
365 630 426 668 sum
456 607 620 686 discipulis,
649 628 710 666 non
756 627 789 666 ro
815 605 941 686 imperio
967 607 1117 666 mandasse
1142 609 1234 686 quod

109 703 205 751 ectum
226 698 297 748 erat.
336 629 453 745 lheinrle
474 684 538 764 plus
559 704 645 762 qnam
664 629 803 744 insolitum
825 696 883 753 est,
916 682 1008 742 libera
1030 682 1126 755 faeere
1147 683 1232 743 cari-

108 768 159 826 atis
179 765 286 837 officia,
327 782 381 822 uae
403 781 436 820 ex
451 761 532 842 Lege
553 761 692 840 pendent
732 760 839 819 Tertio
859 759 972 818 dicendi
991 759 1123 834 verbum,
1143 762 1234 838 quod

108 843 265 903 lenuntiare
284 785 332 900 vil
352 837 525 922 praecipere
545 836 602 896 hoc
622 835 690 896 loco
710 837 871 918 significat,
896 857 1052 917 perperam
1072 857 1127 916 pro
1150 857 1231 896 con-

108 920 188 978 ulere
209 917 373 998 exponitur.
411 914 568 974 Postremo
589 913 696 972 diserte
715 913 831 986 sanciri,
851 913 931 992 quod
951 913 1115 974 necessario
1136 935 1231 993 prae-

108 997 227 1056 tandum
248 1005 307 1068 est,
327 990 409 1051 nullo
429 992 609 1071 negotiosus
630 987 740 1050 Christi
758 989 855 1051 verhis
875 987 1033 1070 probatur,
1055 991 1123 1050 durn
1143 991 1232 1052 addit

111 1073 236 1134 ontinuo
278 1081 337 1130 ost:

169 1155 216 1214 45.
288 1149 379 1206 tsitis
436 1147 454 1202 'i
470 1145 564 1218 puts&
582 1146 676 1203 wstri.
717 1144 818 1218 Quum
832 1141 945 1210 ,diserte
958 1144 1141 1223 pronuntiet,
1160 1165 1231 1204 nou

108 1227 178 1286 liter
197 1243 366 1303 quenquam
398 1241 433 1281 or
467 1219 528 1280 Dei
535 1217 657 1299 filiump
670 1220 727 1281 nisi
747 1220 797 1299 qui
817 1241 918 1280 osores
937 1241 1005 1280 suos
1025 1219 1138 1312 diliget,
1160 1222 1231 1300 quis
1275 1217 1276 1228 ¹

108 1325 150 1364 am
171 1302 270 1362 dicere
288 1301 404 1372 audeat,
423 1297 502 1356 nulla
521 1297 606 1356 huius
626 1297 777 1358 doctrinae
796 1297 956 1358 servandae
975 1309 1148 1359 necessitate
1168 1317 1230 1358 nos

108 1377 260 1458 shstriugi?
298 1375 426 1436 Perinde
447 1373 525 1434 euim
545 1386 590 1433 est
608 1373 666 1433 acsi
687 1375 818 1449 dixisset,
845 1372 985 1452 Quisquis
1009 1375 1123 1434 censeri
1141 1374 1229 1436 volet

108 1455 292 1528 lhristianus,
319 1452 455 1512 inimicos
484 1449 596 1542 diligat.
643 1449 797 1510 Ilorrihile
821 1470 891 1510 sane
917 1461 1102 1529 portentum,
1141 1453 1228 1531 quod

108 1531 218 1591 nundus
238 1543 297 1590 tam
317 1527 413 1590 densis
432 1525 563 1587 tenebris
588 1545 643 1606 per
666 1527 724 1587 tria
748 1526 794 1589 vel
815 1537 940 1606 quatuor
958 1526 1073 1587 saccula
1098 1527 1228 1590 obrutus

108 1608 199 1682 uerit,
227 1618 342 1667 utnon
361 1604 476 1664 videret
495 1604 602 1662 diserte
621 1599 733 1675 iuberi,
763 1605 844 1682 quod
864 1602 993 1683 quisquis
1019 1604 1160 1686 negligit,
1190 1625 1230 1665 ex
1275 1623 1276 1634 ¹

108 1703 220 1746 numero
240 1681 368 1742 filiorum
386 1679 446 1738 Dei
466 1678 649 1770 expungitur.
689 1679 785 1739 Porro
806 1681 969 1738 notandum
989 1691 1047 1754 est,
1067 1701 1129 1740 nou
1150 1702 1227 1760 pro-

108 1761 168 1822 soni
188 1761 224 1820 ad
243 1749 438 1818 imitationem
448 1756 506 1816 Der
523 1755 696 1835 exemplum,
717 1755 797 1835 quasi
816 1776 872 1816 nos
892 1756 995 1816 deceat
1015 1757 1153 1837 quicquid
1172 1758 1228 1818 ille

108 1836 179 1900 acit:
210 1835 314 1916 plectit
333 1833 411 1894 enim
430 1831 481 1892 ille
499 1833 647 1912 ingratos,
672 1843 702 1892 ct
720 1832 878 1898 sceleratos
899 1853 915 1892 e
935 1833 1045 1892 mundo
1064 1855 1152 1915 saepe
1173 1855 1227 1894 ex-

109 1912 249 1986 erminat,
268 1930 324 1990 qua
344 1909 374 1968 in
394 1918 478 1989 parte
497 1929 559 1968 non
578 1907 723 1988 proponit
740 1930 772 1970 se
791 1908 878 1969 nobis
897 1909 1084 1985 imitandum,
1104 1911 1172 1990 quia
1192 1911 1228 1971 in

108 2010 150 2051 tos
169 1987 306 2048 iudicium
325 1985 427 2046 mundi
446 2005 507 2045 non
528 1985 685 2065 competit,
717 1987 796 2120 quod
823 1985 884 2048 eius
903 1986 1057 2065 proprium
1083 1997 1141 2063 est,
1170 1989 1228 2049 sed

108 2087 150 2126 ros
174 2076 314 2144 paternae
338 2082 407 2122 suae
432 2060 573 2122 bonitatis
599 2072 629 2122 et
649 2060 725 2121 bene
747 2063 862 2122 centiae
887 2062 1049 2122 imitatores
1069 2083 1130 2124 esse
1150 2065 1226 2124 vult.

108 2143 195 2222 qunc
208 2141 346 2200 viderunt
364 2159 427 2198 non
447 2139 538 2198 niodo
558 2135 676 2274 prosapi
692 2138 872 2218 philosophi,
891 2139 943 2200 sed
963 2139 1079 2217 quidam
1101 2141 1227 2231 nequis.

109 2219 159 2278 imi
184 2217 300 2298 pietatis
327 2225 564 2295 contemptores,
594 2214 699 2293 quius
723 2236 855 2294 expressa
879 2214 936 2274 iuit
959 2215 1031 2275 haec
1058 2217 1225 2278 consessio:

108 2293 175 2355 sulla
205 2314 238 2355 re
268 2293 361 2375 magis
391 2311 445 2351 nos
476 2311 537 2352 esse
568 2291 636 2350 Deo
665 2291 772 2352 similes
805 2312 891 2370 quam
922 2289 1146 2353 benefaciendo.
1185 2295 1225 2354 In

109 2391 220 2445 nnuma,
248 2370 323 2431 hane
344 2380 462 2428 nostrae
483 2367 649 2448 adoptionis
669 2380 770 2428 notam
791 2367 855 2429 lore
877 2367 1008 2428 Christus
1028 2380 1167 2444 testatur,
1199 2371 1225 2430 si

108 2447 177 2508 ualis
202 2447 289 2508 etiam
316 2457 346 2506 et
370 2443 499 2526 indignis
523 2467 619 2504 sumus
646 2444 780 2504 benefici.
821 2445 926 2533 Neque
946 2456 1044 2504 tamen
1064 2445 1228 2528 intelligas,

108 2525 159 2585 ieri
179 2546 233 2584 nos
253 2521 448 2583 beneficentia
469 2521 637 2582 nostraDei
656 2520 743 2596 filios,
762 2521 813 2582 sed
834 2541 900 2599 qma
920 2521 996 2581 idern
1009 2521 1135 2600 Spiritus
1155 2527 1225 2602 (qui

108 2601 239 2682 patuitae
259 2611 376 2660 nostrae
402 2597 569 2678 adoptionis
593 2597 674 2656 testis
695 2610 768 2670 est„
783 2598 867 2658 arrha
888 2608 918 2658 et
941 2593 1083 2678 sigillum)
1116 2621 1226 2679 pravos

108 2677 189 2737 :arnis
209 2677 347 2749 aflectus,
388 2674 418 2732 ui
438 2675 551 2734 caritati
571 2687 753 2754 repugnant,
774 2671 907 2755 corrigit,
926 2671 962 2734 ab
984 2674 1092 2734 ellectu
1113 2677 1226 2756 probat

108 2755 244 2827 hristus,
274 2772 335 2812 non
356 2695 429 2809 alios
449 2771 511 2810 esse
530 2749 590 2809 Dei
609 2749 700 2824 lilios,
731 2751 785 2811 nisi
807 2751 856 2830 qui
879 2749 973 2830 ipsum
998 2753 1226 2814 mansuetudine

108 2843 125 2888 et
144 2829 300 2890 clementia
318 2827 460 2886 referunt.
499 2827 559 2886 Pro
585 2846 621 2886 eo
641 2826 735 2886 Lucas
761 2827 864 2902 habet,
892 2829 972 2887 erinis
984 2829 1050 2906 filii
1067 2829 1226 2890 Alnissimi.

108 2909 165 2966 lon
185 2905 266 2984 quod
285 2903 362 2962 hunc
382 2902 527 2961 honorem
551 2901 609 2961 sibi
633 2901 785 2983 quisquam
804 2903 951 2995 acquirat,
980 2904 1026 2965 vel
1047 2907 1128 2982 quod
1148 2905 1228 2966 inci-

108 2983 157 3040 ·iat
177 2999 238 3040 esse
257 2979 316 3039 Dei
336 2977 426 3050 iilius,
446 2997 479 3038 ex
500 3000 558 3068 quo
579 2978 713 3040 inimicos
733 2981 875 3054 dilexerit,
895 2982 946 3040 sed
966 2981 1033 3060 quia
1053 2982 1159 3042 usitata
1179 2997 1227 3045 est

108 3058 266 3136 {cripturae
292 3053 434 3133 loquendi
458 3067 550 3130 ratio,
581 3055 705 3138 gratuita
730 3057 788 3116 Dei
818 3057 960 3117 beneficia
984 3058 1126 3128 mercedis
1154 3059 1227 3120 loco

107 3152 277 3213 iteponere,
298 3132 364 3192 dum
385 3151 439 3189 nos
458 3131 588 3191 animare
607 3131 669 3192 vult
688 3134 815 3194 adrecte
827 3134 982 3225 agendum.
1022 3135 1104 3194 llaec
1124 3149 1227 3196 autem

108 3210 171 3268 atio
192 3220 245 3282 est,
264 3207 332 3288 quia
350 3206 480 3286 respicit,
500 3208 530 3267 in
551 3230 638 3288 quem
658 3210 745 3269 finem
761 3209 972 3271 vocatrsimus:
993 3231 1059 3270 nem
1084 3232 1099 3270 e
1120 3223 1155 3271 nt
1174 3235 1227 3274 re-

108 3299 195 3345 sanata
215 3285 246 3344 in
265 3283 351 3344 nohis
370 3283 429 3342 Dei
448 3284 575 3365 imagine
595 3286 643 3366 pie
667 3297 825 3366 sancteque
850 3287 986 3347 vivamus.
1023 3233 1122 3347 Solem
1139 3311 1229 3350 murm

108 3366 169 3422 ariri
179 3363 272 3443 fouit.
310 3360 380 3420 Duo
407 3375 618 3422 commemorat
642 3363 808 3422 testimonia
832 3364 946 3423 divinae
970 3363 1002 3422 in
1026 3385 1081 3424 nos
1108 3365 1227 3426 bench-

108 3439 226 3514 rentiae,
256 3459 330 3518 quae
349 3458 411 3498 non
431 3449 543 3497 tantum
564 3439 685 3498 maxime
705 3439 791 3499 nohis
811 3453 883 3500 nota
902 3452 984 3515 sunt,
1012 3441 1063 3500 sed
1083 3443 1229 3505 omnihus

107 3515 272 3588 normania,
295 3535 383 3593 quum
403 3515 495 3606 magis
516 3515 577 3595 ipsa
595 3515 719 3576 societas
739 3516 775 3575 ad
795 3515 871 3577 idem
891 3516 969 3576 ultro
991 3517 1125 3595 citroque
1147 3519 1229 3580 inter

108 3614 150 3652 tos
176 3591 379 3672 praestandum
406 3591 523 3664 invitet,
562 3612 727 3672 quanquam
754 3613 809 3672 per
833 3591 1039 3675 synecdochen
1067 3593 1228 3657 innumera

108 3689 215 3748 [noque
235 3668 290 3727 alia
310 3667 524 3746 complectitur.
574 3681 578 3690 '
970 3717 976 3722 .

170 3751 217 3810 46.
238 3745 349 3804 'Nonne
366 3760 393 3804 et
406 3741 557 3818 patdlicrmi
571 3759 620 3804 etc:
645 3745 759 3804 Eodem
772 3766 858 3806 sensu
869 3746 1146 3822 Lucaspeccntores,
1166 3749 1230 3810 hoc

108 3833 155 3896 est,
173 3843 212 3882 ne
235 3843 301 3880 uam
321 3833 351 3880 et
369 3819 526 3882 sceleratos
545 3820 677 3882 homines
698 3822 797 3911 ponit:
821 3843 883 3882 non
924 3825 985 3884 uod
1003 3845 1108 3884 munus
1127 3825 1229 3904 ipsum

108 3920 150 3958 ›er
168 3919 200 3957 se
214 3842 374 3956 humaretur
403 3902 503 3974 (erant
522 3897 600 3958 enim
626 3895 776 3978 publicani
797 3845 1228 3982 vectigaliumredemptores:

108 3973 248 4056 rectigalia
268 3985 365 4033 antem
384 3972 468 4034 sicuti
487 3973 634 4110 principes
654 3973 716 4052 iure
730 3975 872 4049 indicunt,
891 3977 931 4035 ita
951 3977 1067 4055 erigere
1080 3998 1096 4036 a
1110 3981 1235 4058 populo

108 4051 195 4126 icet),
225 4050 276 4110 sed
297 4049 364 4128 quia
389 4051 446 4109 h'oc
465 4069 557 4129 genus
599 4051 728 4110 ominum
748 4071 864 4112 ararum
891 4073 953 4113 esse
974 4055 1051 4112 solet
1071 4075 1105 4113 ac
1126 4076 1230 4136 rapax,

108 4147 155 4183 sno
177 4125 318 4202 perfidum
339 4139 369 4184 ct
388 4127 520 4186 crudele:
546 4127 651 4188 deinde
672 4129 809 4207 quoniam
829 4130 907 4208 apud
926 4129 1051 4190 Iudaeos
1072 4131 1229 4192 hahehan·

110 4223 144 4259 ur
164 4201 287 4261 iniustae
306 4191 468 4281 tyrannidis
478 4203 611 4262 ministri.
640 4205 724 4286 Ergo
744 4204 768 4264 si
789 4205 852 4284 quis
871 4205 1043 4285 publicanos
1065 4227 1100 4264 ex
1111 4205 1229 4268 Christi

108 4276 190 4336 erbis
210 4275 332 4359 colligat
350 4277 480 4338 omnium
502 4279 651 4339 hominum
672 4301 733 4340 esse
754 4279 942 4355 deterrimos,
957 4282 1042 4342 male
1063 4303 1228 4364 argumen-

110 4350 221 4451 abitur,
259 4355 325 4432 quia
345 4352 476 4434 loquitur
495 4377 550 4436 pro
569 4369 692 4438 recepto
711 4356 791 4436 vulgi
810 4378 908 4421 more:
939 4359 995 4420 acsi
1016 4359 1144 4435 diceret,
1174 4362 1228 4441 qui

549 4569 559 4600 0
