2766 4834
411 165 418 196 1

362 251 505 332 (hh-hd
530 251 610 314 lesus
628 255 753 342 puertia
772 256 911 338 templo.)
1161 266 1201 330 85

44 405 170 491 lymam
202 409 244 472 in
269 404 329 472 die
351 405 438 474 lesto
460 409 611 476 Paschae.
651 410 702 476 42.
730 408 893 499 lit-quum
914 393 1018 480 lactus
1039 423 1124 480 osset
1144 437 1200 482 an·

45 529 166 573 norum
199 507 404 588 duodecim,
432 509 681 576 ascendentibus
708 509 773 577 illis
799 512 1061 598 Hierosolymam
1087 535 1201 582 secun·

45 607 117 674 dum
141 609 434 674 consuetudinem
463 611 528 676 diei
554 612 636 689 testi,
677 613 729 679 43.
757 609 1058 702 Consummatisqne
1086 613 1199 680 diebus

48 733 144 795 quum
177 712 335 774 redirent
354 711 429 790 illi,
460 715 611 778 remansit
637 713 725 778 lesus
759 736 841 798 puer
867 713 1209 813 Hierosolymamet:

49 835 111 876 non
135 823 380 897 cognoverunt
406 823 557 897 pauentes
580 814 662 893 eius,
695 814 747 879 44.
778 815 853 880 Rati
875 827 979 880 autem
1009 817 1099 884 illum
1126 840 1197 882 esse

51 916 81 976 in
106 917 293 990 comitatu,
319 914 483 992 venerunt
508 917 569 977 iter
596 913 675 991 diei,
708 924 740 978 et
764 915 974 1001 requirebant
1005 937 1077 984 eum
1113 923 1198 984 inter

51 1027 211 1098 comatos
237 1025 271 1078 et
295 1017 382 1078 inter
402 1025 507 1078 notos.
550 1015 605 1080 45.
624 1015 667 1080 Et
689 1022 785 1103 quum
807 1037 874 1083 non
896 1020 1094 1084 invenissent
1115 1041 1197 1098 eum,

53 1117 176 1178 reversi
201 1126 283 1180 sunt
305 1113 569 1200 Hierosolymam
592 1127 785 1201 quaerentes
807 1139 888 1182 eum.
929 1101 989 1184 461
1008 1119 1048 1199 Et
1070 1121 1197 1200 accidit,

53 1228 120 1299 pust
144 1201 299 1280 triduum
321 1217 517 1279 invenerunt
537 1214 628 1298 illum
649 1217 825 1302 intemplo
846 1219 1012 1284 sedentem
1032 1223 1065 1310 in
1086 1221 1195 1288 medio

54 1316 245 1391 doctorum,
268 1313 457 1380 audientem
478 1313 553 1380 illos
578 1328 610 1382 et
632 1319 898 1402 interrogantem:
938 1320 990 1386 47.
1017 1320 1197 1410 Stupebant
1216 1293 1221 1320 ι

54 1427 159 1482 autem
183 1439 320 1496 omnes,
346 1419 405 1502 qui
427 1438 499 1482 eum
526 1414 716 1497 audiebant,
740 1418 1072 1505 superintelligentia
1093 1433 1196 1488 etre-

54 1523 180 1602 sponsis
205 1521 290 1583 eins.
858 1517 893 1562 *l
1179 1525 1182 1536 '

124 1709 175 1767 40.
219 1699 371 1759 Puer-ulus
395 1713 488 1759 autem
512 1697 662 1766 massadae.
699 1701 863 1766 Matthaeus
883 1704 920 1765 ah
939 1681 1062 1766 infantia
1083 1677 1194 1779 Christi

56 1779 201 1838 cusduno
217 1777 269 1836 ·ad
294 1775 562 1836 manifestationem
588 1778 698 1838 transit
748 1778 841 1840 Lucas
868 1782 915 1842 hic
944 1803 1031 1842 unam
1056 1782 1195 1842 duntaxat

55 1867 221 1914 nemontu
242 1853 274 1912 d'
319 1875 367 1913 am
386 1853 493 1927 refert,
519 1855 599 1932 quod
618 1855 728 1915 scilicet
749 1854 881 1919 Christus
901 1859 931 1917 in
951 1859 1047 1919 media
1067 1859 1194 1938 pueritia
1283 1874 1286 1883 ·

55 1931 205 2010 specimen
227 1931 266 1990 de
289 1928 347 1990 erit
368 1929 484 1990 suturae
504 1951 572 1990 suae
595 1930 764 2006 functionis,
782 1934 830 1994 rel
849 1934 950 1996 saltem
970 1935 1110 2000 tirocinio
1130 1955 1191 1994 uno

53 2007 235 2080 escenderit,
265 2006 360 2087 qualis
382 2007 495 2066 futurus
517 2018 600 2066 esset.
645 2007 776 2068 Primum
795 2022 890 2075 autem
910 2015 1030 2072 crevisse
1051 2011 1137 2086 disis,
1162 2021 1194 2070 et

51 2083 220 2144 νοόοιπωω
239 2086 366 2159 spirtu.-
387 2081 491 2217 qqibus
504 2083 600 2144 verbis
620 2085 774 2166 significat,
794 2109 851 2148 una
873 2100 937 2148 tum
958 2100 1054 2150 aetate
1067 2087 1193 2146 crevisse

49 2161 135 2220 etiam
146 2161 245 2220 animi
258 2161 354 2220 dotes.
427 2158 483 2218 nde
495 2159 563 2219 colli
587 2160 669 2238 imus,
709 2161 840 2224 rolectus
859 2165 931 2224 istos
949 2167 996 2226 vel
1010 2167 1193 2226 incrementa

49 2237 81 2296 ad
102 2237 269 2296 humanam
296 2237 362 2313 eius
386 2247 519 2295 naturam
539 2181 653 2296 relerri.
688 2183 772 2299 llam
793 2239 936 2300 divinitati
956 2242 1028 2300 nihil
1049 2241 1192 2300 accedere

47 2315 154 2392 potuit.
199 2313 368 2387 Quaeritur
387 2321 495 2385 umen,
515 2333 552 2372 an
572 2335 633 2380 non
653 2315 760 2389 statim,
780 2335 885 2410 cruquo
906 2327 1067 2397 conceptus
1088 2316 1143 2375 luit
1159 2316 1191 2374 in

48 2402 131 2450 utero
158 2390 285 2465 matris,
310 2387 481 2449 excelluerit
504 2390 585 2448 omni
605 2390 753 2450 donorum
778 2392 970 2470 spintualinm
997 2392 1190 2472 plenitudine.

48 2467 178 2557 Videtur
202 2467 284 2557 enim
315 2464 490 2554 absurdum,
518 2477 553 2524 ut
577 2465 732 2598 quicquam
757 2468 795 2526 ad
822 2469 1037 2558 perlpctionem
1063 2467 1193 2556 deluerit

48 2541 121 2602 Frho
147 2543 224 2603 Der.
273 2543 444 2620 Responsio
474 2553 571 2602 tamen
603 2541 695 2600 sacris
727 2555 784 2602 est:
815 2565 838 2601 si
871 2543 943 2600 nihil
976 2545 1100 2624 derogat
1129 2562 1191 2604 erus

48 2619 181 2698 gloriae,
202 2619 288 2698 quod
308 2638 429 2699 prorsus
442 2618 610 2686 „exinanitus
631 2617 699 2690 luit,
725 2639 821 2696 neque
842 2618 899 2676 hoc
921 2617 956 2677 ab
979 2638 1015 2676 eo
1037 2630 1099 2676 esse
1120 2615 1191 2676 alie·
1219 2647 1224 2657 .

48 2717 127 2770 num,
150 2695 238 2776 quod
256 2695 336 2755 sieut
355 2693 523 2754 adolescere
544 2713 682 2773 corpore,
701 2694 740 2752 ita
762 2705 792 2752 et
810 2694 968 2754 secundum
990 2693 1113 2756 animam
1131 2713 1190 2750 no-

49 2785 103 2830 stra
133 2795 226 2832 causa
258 2771 407 2852 proficere
437 2771 574 2832 voluerit.
622 2771 664 2829 Et
688 2781 768 2830 certe
798 2793 886 2850 quum
918 2772 1007 2831 docet
1028 2768 1192 2849 Apostolus
1246 2837 1249 2844 Ι

49 2847 159 2922 (llehr.
179 2857 219 2923 4,
240 2852 322 2983 15.p‚
348 2867 404 2927 per
423 2848 521 2906 ouinia
542 2847 630 2906 luisse
656 2847 743 2906 nobis
763 2848 888 2906 similem
911 2859 1033 2938 excepto
1054 2857 1191 2928 peccato,

70 2925 155 2986 rocrd
176 2923 272 2986 dubio
317 2944 485 3002 ocquoque
505 2924 741 3003 comprehendit,
761 2927 841 3004 quod
862 2924 1038 2985 eius'amma
1057 2921 1189 2984 suh'ecta

51 2945 140 3061 luerit
159 3001 362 3083 ignorantiae.
408 2998 475 3059 lloc
500 3001 595 3060 solum
615 2999 770 3060 discrimen
791 3013 850 3076 est¹
875 3001 953 3060 inter
972 3021 1027 3062 nos
1047 3012 1077 3059 et
1096 2999 1188 3074 ilum,

52 3079 130 3154 quod
156 3078 364 3150 infirmitates,
395 3095 468 3156 quae
494 3097 548 3136 nos
574 3077 748 3151 necessitate
774 3077 996 3159 constringunt,
1025 3087 1132 3157 sponte
1158 3088 1190 3136 et

53 3155 173 3244 propris
203 3153 361 3214 voluntate
389 3152 524 3231 suscepit.
574 3154 658 3234 Ergo
689 3173 744 3240 pro
769 3155 872 3214 aetatis
896 3155 1011 3213 ratione
1043 3165 1073 3212 et
1097 3153 1188 3212 modo
1257 3173 1273 3214 ,’

55 3229 187 3290 Christus
206 3231 370 3290 secundum
391 3229 544 3288 humanam
556 3240 688 3288 naturam
701 3231 835 3310 gratuitis
847 3229 973 3310 Spiritus
988 3231 1073 3290 donis
1088 3227 1188 3288 auctus

56 3318 110 3380 est,
135 3317 168 3365 ut
188 3328 224 3366 ex
243 3328 296 3366 sua
317 3305 500 3385 plenitudine
527 3307 563 3364 ad
584 3325 640 3378 nos
658 3305 894 3380 transfunderet,
919 3307 985 3386 quia
1031 3305 1133 3366 retiam
1154 3325 1188 3364 ex

59 3382 115 3440 eius
138 3383 235 3464 gratia
255 3382 414 3446 haurimus.
460 3381 588 3456 Quidam
614 3381 699 3440 nimis
719 3383 883 3442 meticulosi
909 3383 989 3460 quod
1009 3327 1060 3441 lie
1081 3381 1189 3442 dieitur

57 3459 239 3540 restringunt
258 3459 296 3518 ad
316 3469 464 3520 externam
478 3459 615 3536 speciem,
636 3469 724 3536 atque
744 3469 905 3539 exponunt,
926 3456 1074 3518 Christum
1093 3459 1188 3520 visunt

61 3555 117 3594 esse
135 3537 303 3614 prolicere,
330 3533 441 3596 etiamsi
461 3555 493 3593 re
512 3535 574 3614 ipsa
595 3532 668 3592 nihil
688 3533 733 3592 illi
753 3555 847 3596 novae
866 3533 1081 3617 intelligentiae
1102 3555 1187 3594 acce-

61 3609 146 3670 deret.
195 3611 259 3672 Sed
285 3610 372 3670 aliter
396 3623 503 3670 sonant
527 3609 633 3684 verba,
665 3622 696 3669 et
720 3611 823 3670 clarius
849 3611 944 3670 adhuc
969 3611 1114 3670 refellitur
1138 3610 1186 3669 hic

61 3705 153 3762 emor,
173 3709 266 3768 quum
286 3686 375 3768 paulo
395 3699 464 3766 post
482 3688 564 3748 addit
581 3687 691 3760 Lucas,
711 3709 788 3762 puer·
805 3701 896 3747 aetam
914 3701 940 3745 et
957 3691 1099 3762 sapientia
1113 3707 1186 3760 pro-

54 3761 166 3840 fimeta
189 3763 276 3839 opud
299 3761 398 3822 Deum
421 3777 447 3822 et
469 3761 604 3823 hosteim
651 3765 756 3842 Neque
781 3764 859 3826 enim
884 3763 1038 3845 imaginari
1062 3763 1103 3822 fas
1132 3771 1187 3836 est,
1262 3805 1272 3830 .

62 3839 169 3902 latuisse
188 3841 287 3900 intelli
312 3839 420 3898 entiam
440 3839 471 3900 in
484 3839 615 3914 Christo,
634 3859 709 3919 quae
730 3841 807 3920 apud
828 3862 893 3902 eum
915 3840 1049 3931 apparuit
1067 3850 1186 3918 tempo-

62 3916 96 3976 ris
112 3939 255 3980 successu.
326 3936 360 3978 ec
379 3937 452 3975 vero
466 3915 591 3978 dubium
613 3928 670 3990 est,
709 3916 757 3976 uin
777 3919 836 3976 Dei
856 3916 1010 3978 consilium
1029 3915 1119 3974 fuerit
1139 3913 1185 3972 di-

64 4007 129 4054 serte
139 3994 317 4076 exprimere,
337 4013 424 4070 quam
443 4012 513 4052 vere
534 4004 565 4052 et
582 3992 676 4052 solide
688 3936 834 4068 lustaus,
855 4015 942 4074 quum
959 3991 1053 4051 induit
1066 4009 1186 4050 carnem

64 4085 197 4146 nostram,
229 4091 335 4131 omnes
355 4067 501 4129 fraternae
521 4091 587 4130 cum
607 4067 775 4129 hominibus
794 4067 1010 4129 coniunctionis
1031 4079 1127 4148 partes
1146 4066 1185 4126 sit

65 4149 207 4229 amplexus.
252 4149 361 4226 Neque
385 4145 442 4204 hoc
462 4145 552 4206 modo
573 4145 720 4226 duplicem
745 4146 839 4225 ipsum
866 4145 1016 4225 fingimus:
1041 4164 1109 4202 narn
1130 4142 1188 4202 etsi

66 4245 109 4284 una
132 4225 188 4288 luit
207 4225 272 4286 Dei
300 4233 332 4281 et
350 4219 479 4311 hominis·
489 4243 632 4300 persona,
657 4242 720 4281 non
743 4223 876 4300 seqnitur
898 4234 1013 4294 tamen,
1039 4219 1184 4278 humanae

64 4315 167 4366 naturae
188 4303 283 4364 luisse
310 4298 409 4358 datum
429 4297 569 4378 quicquid
588 4298 740 4376 proprium
760 4297 917 4360 divinitatis
938 4307 1015 4370 erat,
1038 4295 1091 4355 scd
1111 4315 1184 4374 qua·
1269 4369 1272 4376 Ι

61 4389 129 4447 team
147 4380 391 4456 salutisnostrae
410 4373 544 4438 interluit
559 4373 685 4438 divinam
698 4395 780 4438 suam
798 4373 962 4458 potentiam
982 4371 1064 4455 quasi
1082 4369 1184 4433 accul-

887 4530 896 4564 Ι

1339 215 1348 264 Ι
