2756 4838
161 174 222 242 eso
433 163 550 230 SECT.
568 163 653 236 XVI,
689 178 769 226 rrsn
788 178 824 227 sn
845 161 1047 224 mnusauhm.

164 322 257 396 licarl,
274 339 438 403 synonyma
455 331 533 382 sunt.
571 319 724 380 Interdum
743 338 815 380 vero
835 315 933 394 Deus,
963 337 1037 397 quos
1057 335 1119 376 nou
1140 317 1251 398 prohat
1270 341 1317 382 nec
1356 359 1357 372 κ

109 453 112 460 .
165 397 312 474 iustificat,
331 417 427 459 amare
448 397 568 458 dicitur:
588 417 656 458 uam
676 394 745 476 quia
764 394 806 454 illi
827 405 910 476 grata
930 405 975 455 est
990 393 1108 454 humani
1122 395 1242 536 placeris
1255 419 1319 458 con·

165 475 292 536 servatio
312 477 403 555 (quae
416 473 535 549 iustitia,
545 474 707 554 acquitate,
716 469 934 547 moderatione,
943 471 1112 550 prudentia,
1169 493 1197 546 e,
1215 483 1320 554 tempe-

164 551 261 614 rantia
280 553 411 630 constat)
430 550 565 641 politicas
583 551 705 612 virtutes
724 569 821 610 amare
842 547 960 623 dicitnr,
979 569 1041 608 non
1062 549 1143 629 quod
1163 549 1263 610 salutis
1280 552 1318 610 rel

202 629 279 688 etiae
304 627 474 689 meritoriae
499 627 573 702 sint,
602 629 654 688 scd
680 626 747 706 quia
768 625 804 685 ad
829 624 950 685 linems
974 636 1074 684 cctaut
1097 624 1141 684 illi
1162 624 1319 705 probatum.

165 649 235 765 ἧς
253 725 339 765 sensu
358 705 518 765 secuudum
538 705 667 767 diversos
686 713 836 783 respectus
844 700 937 761 Aristi
959 721 1004 761 em
1016 713 1047 761 et
1061 701 1232 762 Fabricium
1251 725 1320 764 ama-

165 782 219 856 vit,
239 791 270 841 et
283 781 354 842 odio
365 781 478 856 habunt,
497 801 564 842 nam
578 778 721 860 quatenus
734 801 786 842 cos
797 779 907 838 iustitia
921 789 1040 838 citerna
1053 792 1222 854 ornaverat,
1240 781 1318 860 idque

164 857 197 918 in
217 856 329 919 honum
349 879 516 933 commune,
535 879 608 938 opos
629 857 660 916 in
680 856 737 917 illis
749 877 832 921 suum
849 855 970 916 amavit:
993 855 1061 934 quia
1073 857 1319 937 tamenimpnrum

165 953 219 994 cor
239 945 316 1008 erat,
341 934 415 994 nihil
434 936 471 995 ad
492 934 720 1015 comparandam
739 932 879 994 iustitiam
897 932 954 992 illis
974 931 1089 1012 profuit
1109 945 1228 994 esterna
1247 934 1320 992 iusti-

163 1009 224 1070 tiae
243 1011 365 1090 species.
424 1011 538 1072 Scimus
559 1011 654 1086 cuim,
692 1009 834 1076 sclalide
854 1009 974 1090 purgari
995 1009 1102 1082 corda,
1137 1021 1168 1068 et
1186 1010 1320 1090 Spiritum

116 1137 124 1150 .
163 1082 348 1162 reatitudinis
367 1087 436 1148 solis
448 1087 560 1150 Christi
579 1087 717 1148 memhris
738 1086 809 1148 dari.
835 1085 882 1145 Ita
892 1084 1018 1146 solvitur
1029 1087 1174 1164 quaestio,
1193 1088 1242 1176 qui
1262 1088 1321 1147 fieri
1356 1135 1357 1142 ,

165 1164 312 1243 potuerit,
350 1174 386 1224 ut
402 1161 536 1225 Christus
561 1161 897 1244 hominem'superbum
923 1173 955 1222 et
974 1162 1157 1242 hypocritam
1178 1161 1319 1245 diligeret,

165 1259 255 1319 quum
276 1240 320 1300 his
340 1240 455 1302 duohus
474 1241 552 1306 vitiis
571 1239 645 1300 nihil
657 1240 787 1302 odiosius
802 1241 841 1302 sit
851 1238 934 1300 Deo:
955 1235 1052 1317 ndque
1072 1239 1152 1299 enim
1170 1239 1319 1300 ahsurdum

165 1327 220 1390 est,
240 1314 353 1380 honum
364 1337 475 1392 semen,
495 1318 576 1398 quod
590 1317 787 1378 indiditDeus
807 1315 980 1395 quibusdam
1000 1316 1124 1390 naturis,
1141 1315 1178 1374 ah
1198 1315 1258 1405 ipso
1277 1316 1320 1376 di-

164 1389 235 1474 ligi,
254 1405 289 1454 nt
305 1405 405 1454 umen
425 1406 455 1455 ct
496 1415 615 1458 erconas
635 1405 702 1456 eto
726 1414 775 1454 era
795 1403 921 1472 propter
940 1390 1139 1472 corruptelam
1159 1392 1278 1453 reiiciat.
1356 1403 1357 1422 ¹

241 1467 345 1530 Matth.
364 1477 412 1536 22.
485 1471 536 1532 tat
553 1474 650 1532 tristis.
716 1470 789 1530 ritus
809 1470 929 1530 tandem
950 1469 1099 1542 ostendit,
1119 1489 1207 1550 quam
1227 1470 1323 1549 procul

165 1543 203 1604 ab
225 1566 259 1607 ea
279 1547 465 1628 persech'oue
486 1547 602 1612 abesset
620 1547 750 1620 iuvenis,
779 1545 815 1606 ad
837 1566 924 1681 poam
944 1565 1010 1635 euru
1031 1542 1168 1636 Christus
1189 1547 1322 1607 vocabat:

68 1641 72 1660 ·
187 1621 217 1682 ui
236 1623 269 1684 fit
288 1623 377 1696 enim,
397 1636 430 1685 ut
449 1645 480 1685 se
500 1623 641 1686 aGhriati
660 1622 760 1686 schola
780 1621 834 1682 suh
858 1633 935 1696 ucat,
955 1622 1009 1680 nisi
1030 1643 1096 1702 qura
1115 1623 1272 1683 molestum
1284 1635 1323 1684 est

165 1643 274 1761 divitiis
293 1699 435 1782 spoliari?
454 1701 547 1780 Atqui
559 1697 615 1760 nisi
627 1701 664 1761 ad
677 1721 733 1779 pau
757 1697 848 1759 eriem
869 1697 1019 1772 ferendam
1030 1697 1124 1789 parati
1137 1699 1240 1774 simus,
1259 1721 1323 1760 con·
1356 1777 1357 1780 Ἴ

165 1777 377 1857 cupiscentiam
397 1776 429 1836 in
448 1776 536 1836 nohis
554 1795 682 1868 regnare
702 1721 797 1857 palam
817 1787 870 1836 est
909 1775 1060 1854 Atquc'rd
1081 1787 1125 1836 est
1145 1777 1231 1854 quod
1250 1778 1322 1856 prin-

164 1851 245 1933 cipio
265 1853 333 1927 dixi,
353 1853 435 1931 quod
446 1852 580 1914 Christus
590 1852 673 1913 iussit
682 1851 812 1914 vendere
825 1851 935 1925 omnia,
955 1871 1016 1912 non
1039 1851 1126 1915 luisse
1146 1853 1322 1914 additamen-

135 1997 137 2006 s
163 1939 226 1988 tum
246 1929 283 1990 ad
302 1928 425 2009 Legem,
443 1929 495 1990 sed
537 1927 724 1990 robatioucm
744 1927 862 1990 latentis
882 1926 955 1988 vitii.
984 1927 1059 1988 Nam
1079 1941 1114 1988 ut
1133 1929 1191 1990 hoc
1214 1931 1260 1991 vel
1279 1930 1323 1990 illo

164 2004 237 2066 vitio
279 2005 381 2083 uisque
400 2005 494 2088 magis
513 1950 640 2080 lishorat,
658 2003 771 2068 itacius
787 2003 1021 2085 reprehensione
1040 2005 1071 2064 in
1092 2007 1189 2066 lucem
1212 2007 1325 2068 masinae

116 2123 118 2130 ,
164 2025 358 2174 protrahitur.
382 2081 480 2144 Porro
491 2083 549 2143 hoc
571 2081 735 2162 exemplum
755 2082 906 2157 admonet,
925 2092 959 2140 ut
978 2093 1149 2142 constanter
1214 2097 1325 2144 rstcmm

165 2179 197 2219 an
218 2157 330 2220 Christi
349 2158 461 2232 schola,
481 2159 562 2222 carni
580 2159 809 2220 renuntiandum
830 2178 902 2220 esse.
940 2157 1119 2220 Discessita
1141 2157 1167 2219 C
1191 2161 1268 2222 risto
1286 2161 1325 2221 hic

164 2235 289 2312 iuvenis,
328 2234 359 2294 ui
379 2247 410 2296 et
429 2234 560 2298 discendi
579 2235 705 2301 studium
726 2247 757 2300 et
776 2234 949 2296 modestiam
969 2234 1118 2308 attulerat,
1137 2235 1210 2314 quia
1233 2239 1325 2300 durum

164 2309 223 2372 fuit
241 2255 378 2372 familiari
397 2312 469 2374 vitio
488 2313 663 2374 valedicere.
703 2311 838 2392 Idempct
858 2311 945 2372 nohis
957 2311 1123 2402 continget,
1142 2313 1201 2372 nisi
1226 2315 1325 2398 gratiae

165 2386 277 2449 Christi
296 2388 423 2454 dulcedo
443 2389 530 2450 nohis
549 2389 688 2469 insipidas
707 2389 813 2452 reddat
832 2409 935 2448 omues
957 2387 1052 2448 carnis
1069 2388 1240 2452 illecebras.
1259 2393 1326 2452 Fue·
1356 2399 1357 2408 ’

111 2493 122 2510 1
153 2465 242 2528 'sitne
262 2465 433 2546 temporalis
453 2468 526 2528 hacc
545 2465 684 2541 tentatio,
703 2479 737 2526 ut
747 2477 851 2546 postea
862 2463 1021 2544 resipuerit
1040 2465 1167 2540 iuvenis,
1187 2471 1326 2529 nescitur:

164 2541 332 2682 propabili}
349 2554 448 2604 umen
469 2543 722 2619 coniecturalem,
749 2543 870 2604 avaritia
889 2562 941 2602 sua
960 2540 1050 2603 luisse
1071 2540 1270 2621 abstractum,
1295 2565 1328 2606 ne

103 2683 109 2698 .
164 2640 216 2702 qut
255 2632 424 2701 proceret

86 2873 113 3002 t
248 2882 352 2982 (aso)
393 2887 564 2952 marcu.
590 2887 672 2950 xix.
719 2883 770 2952 aa.
804 2888 894 2951 iesus
922 2895 1027 2952 autem
1056 2883 1136 2950 anu
1164 2884 1328 2976 discipulis

165 2991 243 3069 suis,
264 2992 367 3058 Amen
390 2988 465 3054 dico
487 2987 598 3066 vobis,
621 2988 712 3056 dives
734 2987 871 3056 difficile
893 2987 1027 3056 intrabit
1048 2978 1083 3054 in
1104 3011 1247 3074 regnum
1269 3017 1332 3062 coc-

165 3091 280 3158 lorum.
321 3093 373 3160 24
394 3095 511 3158 lterum
535 3091 609 3158 dico
631 3092 739 3174 vohis,
766 3094 909 3160 Facilius
931 3107 994 3169 cst,
1022 3091 1180 3158 camelum
1207 3119 1271 3183 per
1290 3099 1329 3165 lo
1356 3099 1357 3118 ¹

165 3215 278 3260 romeu
310 3217 384 3261 acus
410 3198 561 3274 transire,
604 3219 700 3285 quam
727 3197 858 3264 divitem
887 3203 920 3264 iu
948 3215 1080 3284 regnum
1102 3197 1168 3262 Dei
1198 3203 1329 3289 ingredi.

145 3301 217 3386 (25.
243 3299 371 3366 Auditis
397 3308 501 3364 autem
524 3297 573 3364 his
596 3297 746 3387 discipuli
768 3302 837 3366 eius
861 3311 1058 3387 expaverunt
1079 3301 1198 3382 valde,
1229 3307 1329 3374 dicon-

165 3413 233 3480 tcs,
266 3400 350 3488 Quis
376 3423 453 3488 crgo
483 3413 590 3490 potest
617 3402 724 3468 salvus
752 3403 845 3468 lieri?
884 3405 937 3469 26.
962 3404 1099 3470 lutuitus
1127 3417 1241 3475 cutem
1265 3413 1330 3478 illos

165 3505 255 3572 lesus
289 3505 367 3578 dixit
395 3506 472 3586 illis,
514 3505 611 3594 Apud
641 3505 786 3570 homines
815 3504 878 3570 hoc
910 3508 1110 3594 impossihile
1140 3523 1207 3580 est:
1254 3515 1327 3604 apud

126 3671 128 3678 ,
164 3609 272 3676 Deum
295 3621 400 3676 autem
423 3613 532 3676 omnia
553 3607 723 3695 possibilia
745 3620 827 3676 suut.

165 3875 173 3884 Η
247 3794 388 3864 Mane.
410 3797 448 3859 X.
489 3795 541 3858 23.
572 3795 613 3859 Et
633 3815 730 3880 quum
752 3797 1030 3881 circumspexisset
1049 3795 1155 3873 Iesus,
1185 3795 1271 3862 dicit
1292 3795 1332 3860 di-

164 3885 301 3984 scipulis
320 3903 402 3978 suis,
445 3895 552 3987 Quam
575 3895 768 3974 dillicultcr,
803 3901 859 3984 qui
881 3887 1038 3985 pecunias*
1058 3897 1196 3990 habeut,
1233 3905 1272 3965 in
1292 3921 1333 3965 rc-

166 4019 264 4083 guum
285 4000 351 4066 Dei
373 3999 553 4068 intrahunt!
591 4001 649 4066 24.
680 4001 841 4087 Discipuli
872 4023 954 4070 vero
978 3994 1217 4088 obstupuciunt
1242 4025 1335 4090 super

165 4098 274 4165 verbis
295 4100 392 4169 illius.
442 4105 485 4168 At
513 4105 601 4169 lesus
628 4125 754 4168 rursum
784 4105 992 4191 respondens
1020 4106 1098 4173 dicit
1126 4105 1206 4184 illis,
1256 4109 1337 4186 Filii,

167 4221 261 4286 quam
284 4202 420 4272 difficile
444 4218 492 4272 cst
511 4229 583 4284 eos,
625 4209 680 4292 qui
701 4205 853 4278 fiduciam
876 4207 1004 4275 habeut
1025 4211 1058 4276 iu
1080 4213 1248 4298 pecuniis,
1293 4235 1335 4277 rc-

168 4321 264 4386 gnum
286 4305 351 4372 Del
373 4309 514 4393 ingredi!
579 4310 629 4378 25.
660 4308 801 4376 Facilius
823 4322 885 4389 cst,
927 4312 1083 4380 carnelum
1104 4303 1337 4398 perforamen
