2768 4834
459 261 592 322 01111111
614 277 649 324 11
669 277 795 352 nourr.
1134 271 1192 334 153

62 413 236 504 lum-quarn
256 424 289 472 nt
308 413 462 473 bominum
483 412 605 475 arbitrio
625 417 673 476 vel
693 417 792 506 potius
811 413 934 478 libidine
954 418 1091 478 solvatur.
1129 419 1191 482 Ta-

61 501 135 546 metsi
157 510 240 548 enim
260 501 366 550 mutuo
388 511 532 551 consensu
551 513 613 552 sese
632 505 819 576 coniungunt
837 494 882 553 vir
901 507 931 554 et
943 513 1026 566 uxor,
1045 494 1127 554 Deus
1145 507 1192 555 ta-

59 567 226 636 uenando
247 566 445 626 indissolubili
466 587 517 628 eos
537 570 625 628 astrin
661 583 688 643 t,
713 589 752 630 ne
773 582 876 650 postea
895 569 1022 630 liberum
1041 570 1078 630 sit
1098 569 1192 632 disce.

58 643 127 728 depe.
168 642 304 702 Additur
329 656 428 702 tamen
455 644 603 723 exceptio,
629 591 698 706 Nisi
728 646 768 706 ob
800 645 1038 706 fornicationem.
1082 646 1191 706 Merito

57 737 127 776 emm
147 717 296 778 obiicitur
315 720 436 792 mulier,
482 741 534 779 uae
556 721 667 800 perfide
688 723 858 804 coniugium
877 721 1013 797 violavit,
1042 722 1111 802 quia
1130 721 1192 784 eius
1281 739 1284 748 ’

56 794 293 934 tulpaaeabrppto
314 795 433 856 vinculo
453 795 473 854 lt
497 809 573 856 ertas
592 799 656 858 viro
677 811 760 878 parta
781 811 833 859 est.

247 875 308 930 neit
325 894 390 932 eum
407 870 559 932 moechari.
599 872 678 949 Quia
704 876 761 938 boe
785 875 902 935 ferebat
927 875 1044 936 libellus
1063 876 1192 957 repudii,

55 957 82 1004 11
98 947 215 1010 mulier
235 969 250 1008 a
272 949 375 1028 priore
394 947 498 1010 marito
518 949 614 1010 soluta
635 952 773 1012 transiret
792 952 828 1012 ad
848 973 939 1012 novas
965 953 1098 1034 nuptias,
1128 973 1191 1012 me-

54 1023 105 1083 rito
118 1023 285 1084 damnatur
298 1025 380 1104 quasi
413 1027 565 1101 roductor,
585 1027 636 1104 qui
654 1049 774 1090 uxorem
792 1028 849 1091 sibi
869 1029 1005 1091 divinitus
1025 1029 1192 1092 adiunctam

55 1099 110 1158 aliis
129 1113 260 1186 praeter
279 1101 325 1162 ius
346 1114 377 1162 et
392 1047 437 1164 las
457 1102 617 1181 prostituit.

495 1189 503 1232 t

88 1366 176 1444 (du)
221 1363 395 1432 ΜΑΤΤΗ.
417 1365 458 1428 V.
500 1363 551 1430 33.
587 1365 726 1431 Rursum
762 1364 908 1445 audistis,
950 1365 1040 1454 quod
1073 1366 1193 1435 dietum

55 1463 148 1532 luerit
173 1468 335 1554 antiquis,
356 1463 433 1530 Non
454 1461 632 1552 peierabis:
659 1465 718 1536 sed
741 1463 907 1554 persolves
927 1465 1088 1548 Domino,
1108 1491 1193 1556 quae
1220 1513 1227 1528 ·

56 1567 225 1633 iuraveris.
268 1566 321 1632 34
352 1565 395 1629 At
421 1585 482 1651 ego
512 1564 670 1632 denuntio
696 1565 806 1643 vobis,
837 1587 881 1634 ne
905 1571 1019 1636 iuretis
1046 1573 1195 1636 omnino:

56 1687 159 1754 neque
186 1691 249 1756 per
280 1664 425 1744 coelum,
458 1667 533 1753 quia
560 1665 696 1732 thronus
723 1677 772 1732 est
792 1666 870 1733 Dei:
909 1669 960 1734 35.
990 1668 1107 1756 Neque
1134 1691 1195 1758 per
1266 1671 1271 1692 ‘
1375 1677 1376 1758 j

57 1779 188 1847 terram,
223 1770 300 1856 quia
321 1763 511 1832 subsellium
533 1777 581 1832 est
601 1766 719 1852 pedum
739 1765 842 1834 illius:
867 1789 975 1857 neque
997 1790 1057 1856 per
1077 1771 1196 1837 Hiero-

56 1869 232 1956 solymam,
265 1871 345 1956 quia
367 1868 478 1932 civitas
499 1877 547 1932 est
568 1870 673 1952 magni
693 1869 806 1954 Regis:
845 1870 897 1936 36.
924 1871 1042 1959 Neque
1064 1891 1124 1956 per
1143 1893 1196 1936 ea·

58 1981 111 2054 pot
137 1982 235 2036 tuum
262 1965 400 2035 iurabis:
441 1969 516 2054 quia
541 1986 609 2032 non
635 1979 730 2054 potes
756 1992 855 2036 unum
882 1969 983 2058 pilum
1010 1969 1119 2037 album
1140 1969 1196 2038 vel

58 2073 181 2156 nigrum
210 2070 331 2136 facere.
376 2069 426 2134 37.
458 2066 525 2133 Sed
552 2069 613 2134 orit
638 2091 745 2136 sermo
773 2083 895 2150 vester,
932 2084 994 2154 est,
1024 2081 1087 2139 est:
1117 2093 1195 2154 non,

59 2191 135 2238 nou:
160 2193 264 2258 porro
287 2167 378 2258 quod
400 2179 448 2236 est
469 2180 556 2237 extra
577 2168 672 2250 haec,
694 2192 732 2236 er
752 2168 838 2237 malo
861 2181 918 2238 est.

132 2329 243 2388 blattb.
255 2333 303 2394 33.
329 2325 400 2388 Non
413 2323 567 2404 pelei-odis.
593 2321 650 2387 Hic
668 2345 788 2406 quoque
805 2347 868 2387 non
879 2326 968 2409 Legis
978 2329 1124 2390 correctio
1141 2341 1195 2406 est,

61 2405 108 2464 sed
128 2405 233 2485 potius
254 2425 394 2486 germana
414 2402 629 2483 interpretatio.
654 2403 736 2462 Deus
749 2402 827 2464 enim
846 2424 909 2464 non
920 2404 1010 2463 modo
1023 2405 1152 2484 periuria
1163 2407 1195 2466 in

62 2481 139 2564 Lege
160 2481 323 2552 damnavit,
342 2483 393 2541 sed
412 2480 527 2540 iurandi
547 2478 710 2553 levitatem,
730 2499 806 2568 quae
827 2477 954 2538 nominis
975 2479 1036 2539 eius
1055 2501 1200 2542 reverens

63 2557 115 2618 tiae
137 2557 277 2642 derogat
317 2559 419 2638 Neque
440 2557 518 2617 enim
539 2556 561 2616 is
581 2555 661 2614 solus
681 2555 788 2634 accipit
808 2553 986 2614 nomouDei
1006 2554 1123 2630 frustra,
1143 2557 1195 2636 qui
1259 2575 1262 2583 ·

64 2635 185 2712 peierat,
207 2635 261 2694 sed
282 2633 332 2712 qui
352 2634 381 2692 in
402 2633 489 2693 rebus
509 2631 622 2692 frivolis
642 2631 689 2692 vel
708 2631 740 2690 in
760 2629 909 2690 communi
927 2649 1064 2690 sennone
1083 2642 1195 2694 teutere

64 2723 91 2770 et
112 2710 314 2790 contemptim
339 2730 448 2770 nomen
468 2710 527 2770 Dei
559 2706 670 2788 arripit.
710 2706 807 2768 Porro
833 2725 921 2785 quum
948 2705 1009 2767 Lex
1035 2707 1198 2787 quamlibet

62 2788 188 2846 nominis
208 2787 269 2847 Dei
289 2785 526 2866 profanationem
547 2788 680 2860 damnet,
707 2783 810 2844 Iudaei
829 2781 861 2842 in
880 2782 950 2844 solis
976 2783 1111 2864 periuriis
1131 2784 1195 2845 cul,

63 2883 126 2942 pam
146 2885 212 2924 esse
233 2863 396 2946 fingebant.
435 2862 572 2924 Crassum
589 2864 667 2922 hunc
688 2878 820 2921 errorem
840 2859 974 2921 christus
993 2859 1197 2996 reprehendit,

65 2941 141 3018 qnod
161 2940 220 3006 sibi
232 2939 284 2999 das
304 2960 366 2999 esse
385 2940 559 3018 putentDei
579 2940 699 2999 nomine
718 2939 839 3017 impune
858 2936 950 3012 abuti,
969 2957 1018 2998 mo
1042 2936 1195 2998 oiurando

64 3037 122 3076 non
143 3017 260 3078 fallant.
299 3016 409 3076 Sancte
434 3017 551 3094 quidem
577 3015 770 3108 praecipitur,
808 3025 841 3074 ut
863 3012 1196 3078 1101111111111101111-Ι

64 3107 175 3166 menta:
205 3113 275 3152 nam
301 3092 352 3173 qui
377 3103 445 3172 post
469 3113 578 3154 nomen
603 3093 661 3152 Dei
680 3091 887 3172 interpositum
910 3090 1060 3182 prpximos
1080 3091 1197 3157 fraudat

65 3181 93 3229 et
110 3169 241 3250 decipit,
272 3179 335 3229 bon
356 3168 524 3229 bominibus
543 3181 673 3243 tantum,
702 3170 754 3228 sed
773 3169 841 3229 Deo
862 3168 932 3226 facit
951 3167 1095 3234 iniuriam.
1134 3169 1196 3230 Sed
1248 3197 1251 3207 ·
1282 3235 1290 3240 ,

64 3247 200 3310 vitiosum
221 3258 283 3318 est,
303 3245 339 3304 ad
359 3265 446 3305 unam
467 3259 579 3325 partem
600 3247 778 3327 restringere
798 3245 878 3324 quod
898 3243 983 3334 latius
995 3255 1092 3335 patet.
1130 3246 1196 3305 Ali-

66 3325 113 3406 qui
132 3325 212 3385 istud
230 3321 393 3398 persolom
410 3322 447 3381 ad
466 3336 535 3384 uota
554 3323 698 3396 referunt,
718 3341 807 3399 quum
826 3319 894 3382 Deo
915 3319 1024 3399 ahquid
1043 3321 1197 3404 religionis

66 3421 148 3462 erma
173 3401 350 3481 promissum
376 3410 428 3460 est
479 3397 539 3460 Sed
559 3399 695 3477 loquutio
716 3399 787 3460 baec
807 3395 898 3477 pactis
918 3397 1054 3462 omnibus
1074 3409 1105 3458 et
1124 3419 1196 3478 pro-

65 3479 156 3540 missis
182 3478 298 3558 optime
325 3475 463 3614 1111311,
492 3497 570 3611 qqae
593 3473 1096 3615 qflbibitprtgeisqonrpgpespppuppffi
1114 3487 1198 3614 supp}

65 3557 465 3710 tltmltfmtttgllss¹¹⁵
491 3575 522 3612 ¹¹¹
536 3574 569 3613 ‘¹'
650 3575 707 3634 ⁵¹²
824 3571 842 3630 r
908 3622 913 3633 ·
1101 3593 1111 3628 ’

138 3717 187 3776 31.
228 3707 278 3766 Ne
294 3708 394 3768 iuvetis
412 3709 537 3768 mino.
575 3704 685 3766 Multos
705 3704 823 3787 decepit
841 3702 984 3784 particula
1003 3707 1134 3780 omsdoo,
1164 3705 1198 3769 ut

68 3798 203 3864 putarent
221 3778 404 3876 generaliter
422 3782 546 3873 quodvis
565 3781 762 3844 iusiurandum
775 3805 791 3842 a
804 3781 925 3842 Christo
939 3779 1078 3842 damnari.
1096 3781 1197 3856 Atque
1308 3820 1317 3838 1

68 3863 200 3922 adhunc
221 3859 410 3920 immodicum
430 3879 560 3952 rigorem
581 3861 720 3938 quosdam
739 3879 800 3920 nou
821 3855 913 3920 malos
933 3857 1066 3917 homines
1081 3855 1198 3934 impulit

70 3939 135 3998 olim
160 3937 288 3999 effrenis
312 3935 427 3998 iurandi
452 3935 585 4010 licentia,
624 3957 710 4016 quam
733 3935 874 3996 videbant
900 3933 932 3992 in
955 3930 1066 3998 mundo
1088 3931 1197 4022 passim

69 4016 199 4098 grassari.
258 4017 301 4076 Et
323 4013 534 4092 Anabaptistae
564 4014 621 4076 boc
645 4023 797 4096 praetextu
821 4010 906 4076 valde
928 4009 1097 4072 tumultuati
1119 4020 1201 4092 sunt,

70 4095 146 4171 quasi
165 4090 281 4152 nullam
306 4091 345 4152 ob
372 4112 487 4154 causam
506 4092 602 4151 iurare
627 4093 778 4176 permittat
798 4088 948 4163 Christus,
986 4087 1055 4146 dum
1074 4086 1198 4152 omnino

70 4167 160 4230 iurare
180 4179 273 4230 vetat.
312 4169 403 4247 Atqui
431 4191 493 4229 non
521 4167 639 4229 aliunde
663 4168 790 4250 petenda
815 4177 859 4226 est
884 4161 1027 4245 expositio
1052 4183 1138 4242 quam
1165 4184 1200 4230 ex

69 4245 227 4310 uerborum
247 4257 395 4306 contextu.
435 4243 589 4306 Continuo
609 4257 678 4324 post
696 4244 843 4324 sequitur,
874 4245 979 4320 Neque
998 4261 1053 4320 per
1072 4240 1200 4315 coelum,

70 4343 162 4402 oeque
183 4343 241 4402 per
261 4333 377 4382 terram.
419 4322 578 4396 Quisnon
597 4322 677 4382 videt
696 4321 808 4402 species
832 4318 899 4379 istas
920 4317 1068 4400 exegetice
1087 4317 1208 4382 additos*

71 4397 171 4478 luisse,
201 4417 282 4481 quae
300 4399 378 4489 prius
397 4400 562 4468 membrum
582 4397 717 4468 distincta
736 4395 957 4464 enumeratione
978 4396 1082 4464 clarius
1102 4392 1201 4484 expria
