2768 4834
455 267 589 344 Ounno
610 297 647 346 nr
666 241 793 346 nourr.
1132 288 1193 358 145

43 435 239 510 successerit,
263 446 354 515 atque
375 435 435 495 hoc
454 435 530 497 idem
549 435 606 496 sibi
625 436 729 514 volunt
747 436 841 498 verba
858 433 986 513 Christi,
1012 456 1099 516 quum
1120 441 1192 502 dicit

43 511 123 598 sead
152 512 356 592 implendam
381 513 493 602 Legem
517 515 637 576 venisse.
687 501 871 575 llereenim
894 514 1029 594 implevit
1046 527 1190 576 mortuam

42 585 150 647 lateram
177 589 305 668 Spiritu
325 597 381 650 sho
401 588 562 664 vivificans,
587 589 693 652 deinde
713 611 745 650 re
766 590 828 670 ipsa
848 589 1004 666 exhibens,
1036 593 1116 674 quod
1135 593 1190 654 sub

43 663 134 742 iguris
160 667 317 725 duntaxat
337 678 487 727 ostensum
508 667 611 726 lacerat.
650 669 732 748 Ergo
755 668 834 746 quod
855 669 891 727 ad
912 667 1091 740 doctrinam,
1111 668 1191 730 nulla

43 741 121 799 nobis
143 743 184 800 in
210 741 327 800 Christi
347 743 476 800 adventu
496 743 633 822 lingenda
654 755 698 801 est
717 743 805 826 Legis
825 743 897 803 abro
920 744 994 802 atio:
1014 766 1080 804 narn
1102 766 1192 824 quum

42 831 162 878 aeterna
190 818 233 878 sit
255 819 304 897 pie
324 830 483 896 sancteque
502 819 619 880 vivendi
640 820 756 912 regula,
788 764 997 880 immu'tdbilcm
1018 841 1078 880 csse
1099 843 1191 900 opor-

44 903 93 967 tet,
122 895 218 954 sieut
237 917 297 953 una
318 907 363 954 est
383 915 418 954 ac
439 907 575 955 constans
593 895 653 956 Dei
677 897 800 971 iustitia,
832 918 917 977 quam
944 897 1003 957 illic
1023 899 1192 977 complexus

43 983 88 1030 est
129 973 305 1046 Quantum
325 973 363 1032 ad
384 971 565 1031 ceremonias
585 983 712 1050 spectat,
742 973 812 1034 licet
837 973 974 1053 quiddam
995 975 1191 1036 adventicium

43 1050 160 1108 censeri
185 1048 315 1128 possint,
335 1047 401 1108 solo
422 1060 519 1107 tamen
540 1071 592 1108 usu
605 1047 905 1130 lueruntabrogatae:
924 1049 1099 1141 significatio
1117 1073 1191 1114 vero

44 1125 132 1204 magis
163 1125 371 1203 comprobata
397 1123 462 1184 luit.
503 1124 604 1199 Quare
632 1145 670 1184 ne
699 1126 873 1186 ceremoniis
906 1128 1022 1205 quadem
1049 1126 1190 1188 adventus

45 1198 159 1260 Christi
186 1201 258 1280 quic
281 1222 348 1260 narn
368 1201 505 1276 detraxit,
536 1201 606 1279 quin
626 1202 724 1290 potius
748 1200 875 1260 exhibita
893 1201 1059 1262 umbrarum
1085 1205 1192 1264 veritas

46 1277 225 1338 firmitatem
247 1221 304 1337 illis
324 1276 474 1351 conciliat,
493 1278 562 1337 dum
582 1277 708 1337 solidum
728 1276 868 1336 ellectum
880 1291 1034 1338 cernentes
1054 1282 1192 1360 agnosci·
1227 1305 1233 1328 s

45 1375 116 1426 mus,
139 1375 212 1413 non
225 1374 315 1414 vanas
335 1372 434 1432 neque
452 1352 571 1413 inutiles
591 1353 687 1413 luisse.
726 1354 800 1413 Ideo
813 1352 962 1428 discamus,
981 1375 1094 1414 sacrum
1114 1357 1193 1418 hunc

46 1431 137 1513 Legis
161 1442 196 1489 et
217 1429 377 1512 Evangelii
396 1451 500 1490 nerum
521 1429 721 1490 inviolabilem
745 1449 877 1501 servare,
908 1451 994 1508 quem
1019 1428 1103 1490 multi
1124 1452 1193 1509 per-

66 1529 151 1567 eram
189 1505 366 1566 dissolvunt.
414 1507 518 1585 Neque
551 1506 629 1566 enim
660 1503 717 1566 hoc
747 1506 784 1566 ad
814 1504 1016 1566 stabiliendam
1040 1507 1193 1588 Evangelii
1232 1543 1236 1556 .

86 1605 135 1644 em
169 1603 275 1662 parum
299 1582 394 1656 valet,
425 1585 492 1642 dum
523 1582 668 1655 audimus,
699 1581 772 1643 nibil
801 1581 879 1642 aliud
904 1603 965 1642 esse
994 1603 1080 1662 quam
1104 1583 1192 1664 Legis

50 1659 327 1796 cognplcmenturn,
356 1672 390 1718 ut
409 1672 507 1720 mutua
527 1659 687 1721 concordia
705 1659 805 1719 Deum
831 1679 1015 1720 communem
1043 1671 1193 1720 auctorem

51 1747 201 1798 reerant.

127 1819 180 1878 18.
222 1811 327 1872 Donec
345 1825 510 1887 premerent
534 1827 584 1873 ete.
635 1811 728 1874 Lucas
760 1811 848 1892 paulo
880 1812 980 1889 aliter,
1010 1811 1062 1874 sed
1087 1815 1193 1876 codem

53 1911 155 1964 sensu,
171 1889 307 1970 facilius
325 1903 378 1962 est,
399 1890 507 1950 coelum
525 1905 551 1949 et
570 1905 677 1949 terram
690 1894 862 1964 praeterire,
880 1908 967 1970 quum
984 1889 1087 1952 eodm
1104 1915 1195 1954 unum

54 1967 127 2044 legia
146 1971 271 2042 apicem.
308 1965 431 2025 Docere
451 1967 528 2026 enim
549 1978 615 2027 utro
639 1986 675 2024 uc
697 1965 764 2026 loco
787 1965 919 2028 Christus
938 1965 1045 2042 voluit,
1074 1969 1106 2028 in
1131 1981 1194 2030 tota

54 2043 161 2106 mundi
179 2039 318 2102 machina
338 2041 411 2101 nihil
432 2063 493 2102 esse
513 2055 571 2104 tam
591 2055 633 2103 sta
657 2041 711 2114 ile,
738 2065 823 2121 quam
845 2041 926 2104 firma
946 2057 990 2103 est
1008 2044 1050 2104 Le
1074 2044 1096 2104 is
1117 2046 1194 2104 veri-

56 2133 114 2194 tas,
145 2120 319 2198 etquidem
339 2116 422 2177 omni
442 2131 587 2200 exparte.
626 2118 766 2200 Argutius
791 2118 895 2178 ludunt
920 2121 1036 2199 quidam
1120 2141 1194 2182 voce

56 2195 165 2257 donee:
192 2196 277 2276 quasi
298 2194 377 2256 coeli
398 2206 427 2254 et
446 2208 542 2256 terrae
563 2196 713 2269 transitus,
734 2195 784 2274 qui
803 2194 916 2254 iuturus
937 2208 981 2254 est
1000 2199 1128 2256 eatremo'
1150 2195 1196 2254 iu-

58 2274 130 2334 dicii
149 2273 210 2349 die,
229 2271 319 2332 linem
340 2271 478 2334 allaturus
497 2272 535 2332 sit
548 2272 622 2354 Legi
643 2283 673 2330 et
691 2271 857 2349 Prophetis.
897 2273 937 2331 Et
957 2285 1036 2330 certe
1053 2273 1195 2350 quemad—

59 2351 179 2410 modum
211 2361 283 2409 tunc
313 2347 431 2430 linguae
461 2347 616 2408 cessabunt
644 2358 674 2406 et
697 2346 878 2424 Prophetiae
909 2346 1124 2422 abolebuntur,
1155 2348 1197 2408 ita

61 2428 200 2506 scriptam
230 2426 345 2506 Legem
376 2447 440 2484 cum
467 2423 650 2505 expositione
677 2423 832 2482 desituram
862 2422 999 2482 arbitror.
1041 2423 1102 2482 Sed
1129 2424 1197 2556 guia

61 2503 223 2583 simplicius
254 2501 411 2636 lugentum
447 2521 509 2563 esse
541 2500 690 2561 Christum
725 2497 871 2572 existimo,
908 2497 1016 2556 talibus
1050 2498 1134 2556 illece
1157 2499 1197 2558 ris

64 2600 183 2659 pascere
204 2577 279 2638 nolo
313 2589 445 2640 ectorum
465 2598 558 2637 aures.
597 2577 679 2654 Ergo
699 2573 758 2633 boe
777 2585 879 2634 tenere
898 2572 1032 2646 sufficiat,
1053 2574 1197 2632 ruiturum

64 2657 161 2735 potius
191 2651 405 2715 esse=coelum
432 2664 586 2732 totamque
615 2649 717 2709 mundi
742 2649 903 2709 machinam
929 2647 1106 2706 miscendam
1126 2669 1199 2722 esse,

65 2755 151 2810 quam
177 2729 297 2794 vacillet
321 2730 409 2810 Legis
434 2729 584 2791 stabilitas.
632 2726 693 2786 Sed
718 2720 788 2804 qnid
813 2737 872 2800 est,
902 2724 1000 2788 omnia
1019 2721 1107 2804 Legis
1135 2724 1200 2785 fier'i

65 2830 156 2888 usque
187 2808 223 2868 ad
250 2805 403 2866 minimum
428 2805 560 2886 apicem?
591 2803 721 2864 videmus
746 2801 841 2878 enim,
871 2813 1011 2893 quantum
1031 2820 1046 2860 a
1068 2801 1200 2879 perlecta

67 2885 154 2966 Legis
179 2883 391 2944 observatione
416 2883 525 2943 distent
549 2880 699 2955 homines,
728 2879 815 2939 etiam
840 2900 891 2958 qur
916 2875 1028 2957 Spiritu
1047 2876 1107 2938 Dei
1130 2890 1200 2938 sunt

67 2983 98 3020 re
122 2961 203 3021 eniti.
242 2957 440 3040 Respondeo,
468 2957 546 3019 istud
561 2959 636 3048 ficri
659 2976 721 3016 non
741 2951 846 3016 relerri
872 2955 909 3015 ad
928 2949 1078 3012 hominum
1099 2955 1199 3028 vitam,

68 2983 120 3098 sed
138 3039 174 3098 ad
193 3035 317 3097 solidam
338 3033 489 3094 doctrinae
508 3045 671 3106 veritatem,
691 3031 748 3092 acsi
769 3032 893 3094 diceret:
913 3029 987 3090 nibil
1007 3052 1069 3090 esse
1090 3031 1197 3090 lluxum

69 3114 100 3172 iu
119 3113 217 3196 Lege,
246 3112 320 3172 nihil
340 3123 452 3172 temere
471 3111 616 3192 positum,
635 3109 704 3169 ideo
725 3107 789 3168 heri
807 3129 871 3170 non
892 3127 978 3188 posse
1000 3119 1032 3167 ut
1051 3107 1120 3169 iude
1140 3125 1200 3168 una

71 3189 153 3250 litera
174 3198 338 3250 evanescat

145 3274 193 3332 19.
234 3261 372 3348 Quisquis
395 3266 484 3338 iginus·
506 3261 628 3324 soluerit.
668 3261 724 3320 llic
755 3259 928 3320 nominatim
952 3257 1084 3338 loquitur
1109 3259 1199 3319 Clari-

73 3355 130 3404 stus
150 3345 187 3403 de
207 3339 374 3424 praeceptis
393 3342 469 3400 vitae
487 3339 535 3400 vel
557 3337 775 3411 decemverbis,
795 3339 831 3398 ad
843 3357 968 3471 gaurum
988 3337 1199 3415 praescriptum
1288 3347 1291 3354 ’

76 3440 173 3480 omnes
183 3419 243 3480 Dei
262 3419 340 3478 lilios
360 3417 447 3476 vitam
466 3437 546 3475 suam
566 3413 695 3474 formare
715 3415 809 3474 decet.
865 3424 951 3492 taque
972 3412 1060 3473 falsos
1080 3425 1110 3472 ct
1129 3433 1200 3492 per-

76 3515 171 3558 seram
189 3517 253 3558 esse
273 3495 411 3554 doctores
431 3491 618 3572 pronuntiat,
642 3490 693 3569 qui
713 3489 869 3570 discipulos
889 3509 949 3550 non
971 3489 1125 3548 continent
1144 3491 1199 3549 sub

78 3571 160 3664 Legis
178 3571 335 3650 obsequio,
355 3589 389 3628 ac
408 3565 544 3649 indignos
565 3587 638 3656 esse2
657 3565 707 3645 qui
725 3565 822 3625 locum
842 3567 872 3624 in
884 3564 1015 3624 Ecclesia
1035 3565 1202 3638 obtineant,

78 3668 239 3729 quacunque
265 3645 387 3706 minima
413 3647 443 3705 in
463 3655 546 3724 parte
564 3642 653 3733 Legis
678 3642 881 3702 auctoritatem
902 3653 1055 3702 enervant:
1088 3639 1201 3719 probos

78 3736 170 3785 autem
188 3739 219 3786 et
238 3723 387 3807 genuinos
408 3742 470 3783 csse
482 3720 540 3779 Dei
559 3730 718 3792 ministros,
739 3719 789 3797 qui
808 3719 881 3800 legis
901 3717 1115 3779 observantiam
1135 3735 1200 3774 cum
1278 3741 1298 3758 υ

78 3800 151 3864 vitae
170 3801 317 3882 exemplo,
336 3811 398 3858 tum
417 3797 514 3858 verbis
534 3796 748 3856 commendant.
773 3795 870 3856 Porro
889 3799 1008 3854 udaium
1019 3791 1106 3871 Legis
1116 3811 1202 3850 man-

79 3877 142 3938 data
160 3891 247 3940 vocat
266 3898 301 3937 ex
321 3895 408 3936 sensu
426 3872 594 3934 hominum:
625 3891 692 3930 nam
718 3872 771 3930 etsi
791 3893 852 3930 non
873 3871 951 3931 idem
971 3868 1105 3928 omnibus
1125 3867 1203 3928 inest
1257 3886 1265 3894 ·

77 3957 197 4032 pondus,
216 3957 282 4028 sed,
303 3953 371 4011 dum
391 3951 469 4010 inter
488 3971 519 4012 se
533 3947 737 4021 conferuntur,
756 3947 810 4006 alia
824 3946 885 4006 aliis
897 3947 1010 4006 minora
1030 3953 1109 4015 sunt,
1129 3942 1203 4002 nihil

75 4041 170 4093 tamen
193 4032 342 4092 minutum
367 4047 486 4088 censere
511 4027 553 4085 l'as
578 4035 636 4098 est,
668 4024 704 4082 de
730 4044 789 4104 quo
809 4023 979 4114 praecipere
1004 4020 1203 4099 dignatusest

77 4108 209 4170 coelestis
235 4104 413 4186 Legislator.
453 4101 605 4176 Quantum
636 4099 712 4158 enim
743 4101 926 4180 sacrilegium
959 4107 1020 4168 est,
1049 4095 1211 4173 quicquam*

78 4185 271 4265 contemptim
292 4181 425 4263 accipere
446 4179 526 4269 quod
546 4197 580 4236 cr
599 4195 681 4235 sacro
703 4177 764 4235 cius
784 4195 837 4236 ore
857 4169 1019 4256 prodierit?
1058 4193 1124 4230 nam
1146 4172 1204 4232 hoe

78 4262 165 4322 modo
186 4263 217 4320 in
239 4257 375 4320 ordinem
396 4269 512 4338 cogitur
533 4254 593 4314 eius
613 4252 758 4312 maiestasa
795 4272 885 4331 quare
910 4247 961 4308 ubi
986 4247 1096 4306 minuta
1117 4269 1202 4326 praev

79 4349 163 4416 cepta
180 4348 271 4398 vocat
291 4333 437 4408 Christus,
456 4329 568 4412 species
587 4339 632 4388 est
649 4326 855 4388 concessionis.
895 4325 996 4400 Quum
1016 4324 1101 4398 dicit,
1119 4327 1205 4382 mirri·

79 4433 141 4474 ecus
157 4412 323 4486 omnum,
363 4409 465 4470 allusio
487 4419 531 4468 est
550 4405 586 4466 ad
606 4404 637 4466 id
657 4405 736 4484 quod
756 4404 843 4484 paulo
869 4417 936 4464 aute
957 4400 1065 4462 dictcun
1086 4411 1148 4460 crat
1167 4397 1204 4473 de

105 4509 586 4560 cuvsnwu.uttun.ttv.t'ot.1.
957 4483 996 4540 1⁰
