2756 4838
238 257 430 338 aaronem
468 253 554 316 nera
572 253 798 316 rursusne
815 249 1018 334 repressus)
1138 253 1203 322 aas

49 409 142 468 vitium
172 407 244 468 illud
265 405 400 469 (liniatus
422 391 490 473 'nst
520 403 653 490 attingit:
677 407 758 488 ¹qnia·
790 399 910 483 rectam'
927 405 1100 466 *doctrinam
1130 425 1198 467 eum

50 507 129 566 prava
153 497 182 544 et
207 485 346 544 dissoluta
361 485 429 544 sita
454 485 581 546 conlcrt.
632 485 728 544 Porro
760 482 872 564 Legem
904 481 967 542 Dei
993 503 1066 542 orsus
1094 483 1197 542 vocari

46 583 126 634 graue
143 575 170 618 et
187 561 459 643 diffcile‘portoos,
479 561 584 620 mirum
604 580 665 622 non
685 573 745 634 est,
765 580 799 620 ac
818 559 990 639 pracsertim
1006 567 1129 618 ¹nostrae
1149 560 1203 616 in·-

48 639 179 698 inuitatis
199 649 345 717 respectu.
384 637 445 697 Sed
466 639 596 715 quamtis
615 635 688 697 nihil
708 638 861 718 exigerent
879 636 1014 716 scribae,
1034 635 1092 704 nisi
1115 635 1198 714 qood

48 715 133 774 aDeo
145 715 311 774 mandatum
325 727 398 787 erat
419 713 552 773 Christus
572 724 669 774 umen
689 714 844 774 bicnimis
862 707 990 794 rigidam
1005 724 1035 771 et
1053 725 1197 772 austeram

47 793 163 851 docendi
181 791 327 850 rationem
348 789 539 882 perstringit„
549 809 623 869 quae
642 787 714 850 trita*
731 802 775 850 est
793 791 927 870 superbis
946 789 1007 848 istis
1025 789 1197 870 hypocritis,

45 880 74 926 ut
89 868 197 928 scilicet
216 867 374 946 imperiose
388 866 431 926 ab
452 867 514 926 abis
534 868 669 950 flagitent
686 867 826 946 quicquid
843 866 969 926 debetur
979 865 1058 940 Dm,
1078 865 1199 944 sintque

46 945 229 1004 inexorabiles
249 945 279 1003 in
301 943 439 1024 urgendis
460 943 582 1018 officiis,
607 944 663 1004 sibi
690 952 787 1003 autem
811 943 919 1002 blande
943 943 1095 1002 remittant
1120 963 1200 1022 quae

44 1033 95 1079 tam
113 1039 215 1080 severe
234 1021 394 1102 iniungant
414 1019 492 1094 aliis,
512 1029 542 1079 et
552 1039 655 1080 secure
668 1021 781 1100 quidvis
796 1019 979 1104 indsdgean't.
1020 1020 1092 1094 Quo
1107 1039 1200 1098 sensu,

44 1097 94 1156 illis
113 1097 271 1232 approbrat
289 1097 438 1170 Ezechiel,
459 1098 547 1175 quod·
560 1119 626 1157 cum
646 1097 815 1160 austeritate
834 1108 865 1156 et
884 1097 1019 1176 potentia
1038 1097 1198 1158 dominen-

43 1186 91 1232 tur.

44 1247 147 1310 sincere
164 1262 199 1309 et
217 1249 314 1311 solide
330 1249 461 1309 formare
481 1245 618 1320 strideant
643 1249 816 1329 discipulos,
841 1250 909 1327 quia
926 1260 1027 1308 tamen
1048 1270 1077 1308 ιιι
1098 1269 1128 1308 se
1148 1269 1199 1328 ip«

43 1347 83 1385 sos
101 1328 192 1418 magis
212 1345 298 1406 quam
319 1326 350 1384 in
370 1325 443 1386 alios
462 1339 531 1386 sunt
548 1321 659 1402 severi,
684 1343 746 1385 non
766 1337 825 1384 tarn
845 1326 970 1405 praecisi
989 1337 1057 1405 sunt
1077 1336 1197 1386 exacto·
1225 1383 1228 1396 ,

42 1423 98 1462 res:
117 1402 236 1475 deinde,
256 1403 324 1481 quia
343 1423 412 1462 suae
432 1402 608 1463 infirmitatis
624 1402 738 1463 conscii
756 1413 837 1474 sunt,
856 1401 1020 1460 clementer
1038 1401 1199 1481 ignoscunt

42 1478 162 1540 infirmis.
201 1479 243 1538 nt
269 1478 469 1559 stupidis·Dei
494 1479 750 1559 contemptoribus
774 1475 848 1538 nibil
868 1478 904 1536 ad
924 1476 1084 1537 iubendum
1105 1478 1196 1537 auda-

42 1555 95 1615 cius
112 1556 272 1636 vel‘magis
293 1555 411 1615 crudele
431 1556 502 1638 fingi
523 1568 631 1637 potest,
651 1554 795 1635 quiaillis
814 1573 902 1614 curae
921 1573 984 1614 nou
1005 1565 1050 1613 est
1066 1554 1197 1615 difficul-

42 1644 93 1704 tas,
117 1653 173 1769 appa
198 1653 239 1692 se
258 1633 397 1692 eximunt.
428 1631 540 1708 'Quare
565 1651 654 1692 nemo
675 1631 740 1691 aliis
757 1632 910 1692 moderate
929 1631 1114 1710 praecipiet,
1138 1631 1196 1690 nisi

42 1709 129 1786 quisi
154 1710 161 1725 '
205 1707 309 1768 rimum
330 1710 386 1770 erit
405 1710 552 1790 magister.
705 1749 707 1758 ‚
880 1733 883 1740 ·

49 1821 53 1831 ·
108 1793 155 1851 5«
261 1791 288 1844 'n
310 1807 377 1846 uero
402 1809 493 1862 om
508 1787 643 1866 feceno.
686 1781 790 1865 Nuper
815 1784 953 1858 dinerat,¹
971 1783 1199 1866 s'cribaslonge

39 1861 118 1921 aliter
136 1863 237 1927 rivere
279 1883 344 1922 uam
365 1863 507 1923 doceant:
531 1883 613 1922 nunc
632 1881 704 1921 vero
725 1861 821 1936 addit,
839 1861 864 1920 si
906 1861 954 1920 uid
975 1859 1048 1921 boni
1068 1861 1200 1922 babeant

40 1937 65 1996 io
85 1941 222 2018 speciem,
242 1883 277 2000 iai
292 1941 391 2022 fictum
402 1961 467 2000 esse
481 1949 512 2001 et
527 1939 727 2022 nugatorium,
748 1935 815 2017 quia
828 1883 902 1997 nihii
912 1932 991 2000 aliid
1005 1939 1044 1997 sit
1055 1937 1111 1996 illis
1121 1957 1196 2018 pro·-

38 2016 172 2096 positunr,
193 2035 279 2096 quam
299 2015 417 2096 plaeere
437 2014 605 2076 bominibus
625 2013 890 2078 asseveratione.
919 2015 1019 2094 Atque
1038 2014 1087 2074 bic
1106 2015 1197 2075 tacite

38 2111 103 2150 nero
124 2093 242 2172 pietatis
263 2105 293 2152 et
311 2105 428 2152 sanetae
449 2093 527 2153 vitae
546 2093 643 2154 studio
664 2093 826 2171 opponitur
846 2110 949 2150 eorum
971 2090 1205 2174 operumlarva„

38 2189 106 2246 quae
124 2185 198 2228 non
223 2167 278 2227 nisi
303 2169 340 2228 ad
367 2167 596 2229 ostentationem
620 2167 728 2228 valent.
772 2168 846 2225 Nam
872 2166 991 2246 integer
1013 2167 1072 2224 Del
1097 2167 1201 2243 cultor

37 2263 181 2323 nunquam
193 2243 327 2323 ampullis
340 2244 402 2303 istis
414 2245 471 2304 erit
481 2244 607 2317 deditus,
627 2245 732 2334 quibus
743 2243 837 2300 inflati
848 2255 916 2300 suet
926 2239 1108 2320 hypocritae·
1148 2243 1195 2303 lta
1228 2287 1231 2295 ,

36 2339 96 2378 non
113 2319 474 2397 tantumreprebeuditur
492 2317 615 2378 ambitio
635 2339 665 2378 m
684 2317 788 2378 scribis
804 2317 1021 2400 etl’harisaeisr
1041 2318 1092 2381 sed
1104 2335 1198 2396 quum¹
1262 2321 1272 2336 ⁸

35 2395 179 2455 Dominus
205 2395 235 2454 io
262 2405 324 2452 tota
345 2415 447 2454 eorum
465 2395 525 2454 vita
543 2395 806 2474 transgressionem
826 2393 941 2455 divinae
960 2392 1049 2474 Legis
1070 2405 1100 2452 et
1120 2399 1194 2453 cod-

34 2481 177 2552 temptum
196 2471 371 2544 damnasset,
389 2492 428 2530 ne
448 2470 545 2550 clypei
564 2471 638 2530 loco
655 2469 821 2528 obiicerent
839 2469 970 2528 sucosam
990 2472 1197 2530 suam-sanem

33 2549 171 2618 moniam,
192 2567 247 2624 per
258 2546 483 2626 occupationem
494 2548 666 2627 respondet,
685 2545 804 2605 frivolas
824 2565 887 2607 esse
906 2565 999 2626 ungas
1019 2558 1049 2622 et
1069 2561 1124 2625 pro
1145 2549 1195 2605 nia

32 2623 91 2688 bilo
114 2623 264 2684 habendas
284 2622 315 2682 in
336 2623 440 2702 quibus
460 2644 491 2682 se
511 2623 629 2696 iactant,
644 2623 716 2702 ¹quia
737 2621 797 2682 illic
809 2643 889 2681 mera
900 2633 1007 2702 regnat
1022 2623 1193 2688 ostentatio.

33 2699 138 2760 Postea
158 2699 288 2779 speciem
307 2720 395 2758 unam
415 2699 545 2780 profert,
562 2721 605 2768 'ex
652 2719 685 2758 ua
711 2698 777 2758 talis
802 2698 925 2758 ambitio
943 2699 1120 2758 saciliserat
1139 2718 1196 2758 co-·

75 2777 130 2852 itu,
158 2777 238 2856 qnod
258 2774 371 2836 scilicet
389 2777 419 2835 in
438 2777 563 2836 vestium
583 2721 704 2856 fimbriis
723 2795 753 2835 se
769 2775 886 2911 probos
905 2775 994 2858 Legis
1013 2774 1139 2836 cultores
1160 2775 1193 2836 in

33 2797 184 2914 liminum
196 2851 289 2912 oculis
301 2864 460 2914 ostentent
500 2853 651 2928 Quorsum
671 2852 751 2912 enim
791 2853 901 2911 mbriae
921 2852 1052 2925 latiores,
1071 2861 1101 2910 et
1115 2852 1192 2932 pby·

27 2926 149 3011 ¹laeter-ia
170 2930 319 2992 communi
338 2930 420 3013 vulgi
439 2951 521 2990 more
540 2931 633 3012 magis
651 2930 815 3010 splendida,
834 2927 891 2987 nisi
911 2929 947 2988 ad
963 2929 1084 3004 inanem
1102 2940 1195 3064 potu}

36 3009 117 3084 pam?
138 3008 267 3066 Iusserat
285 3006 446 3082 Dominus,
466 3019 499 3066 ut
517 3005 618 3066 ludaei
638 3006 768 3088 insignes
789 3027 823 3066 es
842 3005 924 3085 Lege
943 3020 994 3065 sua
1015 3017 1045 3066 et
1064 3005 1099 3064 dc
1113 3017 1191 3069 cetat

36 3085 168 3162 quasdam
194 3082 354 3142 sententias
381 3103 445 3142 cum
471 3083 645 3158 in‘lronte,
673 3095 735 3141 tum
763 3084 792 3142 in
817 3103 871 3142 suo
896 3083 1003 3142 vestitu
1027 3095 1190 3164 gestarent:
1225 3135 1230 3158 ,

34 3179 137 3252 nempe
159 3159 227 3240 quia
247 3159 332 3220 lacile
353 3161 433 3219 carni
454 3157 573 3240 obrepit
591 3161 679 3241 Legis
700 3160 830 3234 oblivio,
848 3159 971 3220 subinde
991 3161 1028 3220 ad
1048 3161 1109 3219 eius
1127 3164 1211 3220 me-‘

34 3255 154 3297 moriam
174 3233 468 3328 revocarispopulum
489 3257 571 3296 suurn
587 3235 733 3303 Dominus
752 3235 882 3296 volebat.
910 3235 985 3295 Nam
1006 3236 1124 3296 enideo
1144 3249 1190 3296 ta-

35 3310 72 3372 les
91 3311 252 3374 sententias
271 3334 339 3372 russi
359 3327 443 3373 erant
462 3313 577 3374 aedium
597 3331 712 3374 suarum
731 3312 866 3391 postibus
879 3313 1051 3388 inscribere,
1069 3325 1103 3372 ut
1107 3335 1189 3462 (guo-

35 3409 146 3468 cunque
157 3399 310 3450 verterent
320 3387 421 3450 oculos
443 3390 492 3480 pia
508 3387 605 3468 aliqua
616 3390 777 3450 admonitio
789 3389 885 3450 statim
896 3403 1075 3450 occurreret
1140 3380 1190 3448 uid
1239 3431 1246 3446 ,

34 3472 127 3526 autem
139 3465 278 3528 scribae?
299 3467 342 3524 Ut
361 3487 377 3532 a
397 3431 512 3544 reliquo
533 3467 647 3545 populo
668 3465 834 3540 dillerrent,
853 3479 1010 3546 praecepta
1019 3467 1077 3526 Dei
1087 3465 1191 3544 splen*
1217 3479 1222 3496 ³

36 3541 125 3602 didius
145 3544 178 3602 iar
198 3541 326 3602 vestibus
346 3541 403 3600 suis
425 3542 540 3621 depicta
559 3542 724 3624 gestabant.
756 3543 791 3600 In
811 3542 865 3602 bac
885 3553 982 3616 autem
1001 3541 1137 3602 iactantia
1157 3559 1191 3599 se

32 3619 275 3710 putida-ambitio
295 3617 450 3710 prodebat.
488 3619 551 3677 Nos
568 3637 641 3679 vero
659 3620 727 3678 binc
738 3617 857 3698 qu'oque
870 3617 1023 3691 discamus,
1043 3639 1129 3698 quarn
1141 3617 1193 3674 in-

155 1195 204 1234 arn
230 1174 279 1254 qui
304 1173 382 1233 serio
401 1173 499 1232 Deum
526 1172 648 1249 timent,
675 1193 841 1252 quanquam
868 1171 905 1232 ad
932 1173 993 1236 eius
1021 1173 1197 1263 obsequium
1297 1223 1306 1248 χ

34 3713 144 3774 geniosr
164 3697 226 3756 sint
246 3697 378 3754 bonunes
398 3695 434 3754 ad
453 3695 658 3756 inanes-lucos
677 3696 854 3770 miscendos,
872 3708 905 3753 ut
924 3715 974 3754 sua
986 3693 1120 3753 vitiasub
1134 3692 1189 3752 ali·
1257 3723 1261 3734 ι
1305 3775 1310 3784 Ι

54 3791 90 3830 uo
109 3771 251 3835 virtutum
272 3770 373 3832 colore
393 3783 423 3830 et
442 3771 649 3854 integumento
674 3772 841 3845 occultent,
865 3791 953 3850 quum
978 3770 1090 3831 scilieet
1114 3787 1190 3846 quae

33 3791 110 3908 ileos
139 3849 290 3909 mandavit
318 3847 434 3928 pietatis
466 3849 601 3916 exercitia
626 3847 663 3908 ad
684 3869 767 3909 snam
792 3848 959 3938 hypocrisin
984 3847 1191 3924 detorqueant
1271 3885 1275 3897 ,

33 3923 108 3984 Nibil
129 3925 231 3986 utilius
250 3925 307 3983 luit
326 3945 412 4004 quam
431 3943 531 3985 seusus
552 3942 655 4004 omnes
675 3939 811 3987 exercere
831 3945 862 3984 ιιι
881 3922 968 4005 Legis
988 3920 1190 3993 meditatione,

33 4019 69 4060 ne
91 4003 184 4066 ueu'd
210 4001 298 4061 etiarn
324 4001 430 4062 frustra
448 4003 616 4062 mandatum
638 4023 653 4062 a
673 4003 806 4062 Domino
824 4001 944 4076 luerat.v
964 3996 1096 4076 Tantum
1116 4013 1191 4058 vero

34 4021 135 4154 abibit,
155 4091 196 4138 ut-
206 4079 388 4158 proficerent
406 4080 437 4136 in
452 4075 566 4138 talibus
581 4079 764 4151 rudimentis,
780 4089 817 4136 ut
833 4076 993 4158 perlectam
1008 4074 1146 4135 iustitiam
1157 4075 1189 4132 in

33 4155 152 4214 vestium
174 4167 282 4220 ornatu
301 4155 434 4216 locantes
453 4154 566 4236 Legem
585 4147 617 4213 in
637 4165 699 4214 tota
719 4155 777 4214 uita
797 4173 847 4212 sna
867 4164 1049 4232 spernerent
1083 4152 1189 4230 Neque

34 4230 108 4289 enirn
129 4232 222 4312 magis
242 4231 456 4292 conmmeliose
474 4231 574 4312 potuit
591 4231 652 4291 Les
671 4229 793 4290 Domini
809 4229 936 4289 ludibrio
957 4229 1076 4302 baberi,
1101 4249 1189 4308 quam

35 4324 120 4382 quum
139 4307 251 4368 servari
270 4309 362 4387 ipsam
383 4309 532 4390 lingerent
551 4307 695 4368 tbeotrico
716 4307 827 4382 babitu,
841 4319 878 4366 *et
896 4306 1041 4367 custodias
1062 4307 1122 4366 eius
1134 4325 1190 4366 vo·-

35 4397 132 4444 carent
144 4402 294 4465 ,personas
314 4385 533 4467 adaugendam
553 4383 680 4460 fabulam
700 4382 887 4465 compositas.
917 4382 1010 4457 Quod
1023 4384 1139 4444 Marcus
1159 4391 1192 4442 et
