2764 4846
205 277 245 344 18
375 269 530 336 SECTIO
550 267 593 338 11.
632 269 774 336 loeutus
794 267 987 332 Basrtssas
1007 283 1172 333 saratas.

204 437 342 506 tempore
366 422 536 505 perveniret
559 421 596 484 ad
615 423 681 504 pios
701 441 813 484 omnes.
855 421 1120 514 (Σοιιιιιιηιιίιιίἰίι,Ι
1144 420 1261 494 fateor,
1292 421 1352 480 ista

206 501 357 564 custodiae
382 500 510 580 species,
538 499 590 560 sed
610 520 685 580 quae
705 509 767 558 tum
787 500 824 560 ad
844 500 1030 580 probandam
1050 499 1121 560 fides
1139 497 1353 588 humilitatem²

206 592 269 640 tum
288 578 443 640 arcendam
463 575 621 656 impiorum
640 576 807 658 superbiam
829 577 940 657 optima
961 576 1024 636 luit.
1054 577 1116 635 Nos
1128 595 1211 649 vero,
1232 575 1353 634 etiamsi

207 677 271 716 non
295 653 392 715 statim
417 651 493 712 ratio
510 665 675 734 appareat,
709 653 851 714 discamus
872 653 1004 725 modeste
1025 673 1080 712 nos
1099 652 1168 712 Deo
1188 649 1353 726 subiicere,

207 753 264 792 nec
288 729 455 812 magistram
480 729 590 792 habere
611 729 727 812 pigeat,
745 750 832 866 lquae
854 730 1019 804 Christum,
1050 740 1200 790 aeternam
1219 726 1281 786 Dei
1302 748 1352 786 sa-

207 807 366 889 pientiam,
394 817 480 866 utero
500 824 553 866 suo
574 807 706 890 gestavit.
775 804 828 866 ihil
849 817 929 867 certe
948 805 1040 888 magis
1061 805 1238 878 cavendum,
1259 825 1352 884 quam

202 896 242 947 Ιιιι
259 872 412 942 lastididso
433 893 606 964 contemptu
625 903 679 944 nos
721 883 846 944 rivemus
860 880 1100 963 incomparabilis
1118 881 1217 941 arcani
1228 880 1352 955 notitia,

206 959 289 1098 guod
312 959 394 1018 Deus
419 958 547 1040 parvulis
570 970 602 1020 ct
626 904 771 1020 docilibus
798 957 934 1020 consulto
954 959 1139 1020 reconditum
1160 975 1223 1018 esse
1243 956 1350 1016 voluit.

146 1069 150 1082 ·
236 1036 319 1096 adem
339 1034 411 1094 mihi
429 1035 545 1097 ridetur
565 1053 627 1096 esse
647 1057 742 1108 causa,
762 1057 815 1096 cur
824 1036 978 1118 Virginem
999 1035 1044 1096 ele
1068 1033 1124 1095 erit
1137 1033 1202 1094 viro
1215 1034 1266 1094 des
1293 1053 1351 1092 on-

207 1133 279 1177 sam.
323 1111 513 1194 Figmentum
534 1107 675 1194 Origenis
694 1111 768 1172 nihil
789 1111 879 1172 babet
897 1112 1000 1188 solidi,
1031 1055 1066 1172 id
1083 1111 1186 1170 secisse
1206 1121 1239 1168 ut
1261 1053 1350 1170 data-

207 1209 277 1248 nam
297 1187 423 1264 celaret,
444 1209 529 1270 quam
551 1188 720 1249 hominibus
740 1188 861 1250 salutem
882 1189 952 1249 dare
973 1189 1104 1270 parabat.
1143 1185 1251 1246 Velum
1273 1207 1349 1266 ergo

155 1265 159 1278 '
207 1265 342 1346 coniugii
367 1265 522 1326 obtentum
548 1263 606 1323 suit
631 1284 731 1325 coram
750 1265 852 1326 muudi
874 1263 982 1341 oculis,
1010 1276 1044 1324 ut
1063 1285 1149 1345 quam
1169 1261 1216 1321 vul
1241 1283 1259 1322 o
1282 1285 1350 1322 ere-

208 1341 321 1402 debant
339 1359 401 1402 esse
422 1341 514 1402 lilium
533 1339 653 1432 Ioseph,
673 1342 715 1422 pii
734 1341 854 1402 tandem
875 1341 933 1402 lide
951 1339 1217 1424 agnoscerentDei
1255 1339 1349 1398 ilium.

206 1417 278 1478 Non
297 1418 337 1478 ita
357 1418 476 1498 quidem
495 1416 640 1509 inglorius
660 1417 773 1498 prodiit
794 1417 943 1493 Christus,
975 1417 1046 1500 quin
1065 1415 1235 1478 Divinitatis
1256 1415 1289 1474 in
1311 1434 1349 1475 eo

207 1492 335 1586 gloriam
359 1493 397 1554 ab
422 1493 510 1554 initio
535 1493 724 1566 illustraverit
747 1493 882 1555 coelestis
902 1493 1000 1554 Pater.
1037 1492 1148 1576 Augeli
1168 1492 1246 1552 enim
1268 1513 1348 1551 nun-

207 1581 334 1646 uarum,
353 1579 453 1630 natum
474 1589 537 1630 esse
556 1569 757 1645 salvatorem,
776 1571 828 1632 sed
847 1591 904 1631 vox
924 1591 1026 1632 eorum
1048 1582 1162 1630 unnim
1182 1590 1197 1628 a
1218 1569 1348 1649 pastori-

152 1707 157 1719 ,
207 1645 262 1737 bqr
283 1645 380 1708 audita
400 1666 462 1706 non
482 1645 573 1727 longe
593 1647 729 1708 manavit.
759 1646 933 1708 ltliraculum
952 1669 1042 1708 unum
1063 1646 1181 1708 celebre
1201 1665 1265 1705 esse
1287 1665 1347 1724 po-

207 1733 281 1798 tuit,
347 1723 387 1784 od
407 1721 513 1804 passim
532 1722 690 1805 vulgarunt
708 1723 805 1806 Magi,
826 1723 876 1816 qui
895 1723 933 1785 ab
954 1723 1080 1784 Oriente
1099 1731 1257 1798 venerant,
1276 1719 1347 1782 stel-

207 1798 266 1858 lam
285 1743 345 1859 sibl
362 1799 530 1880 apparuisse
548 1799 653 1860 summi
672 1799 763 1884 Regis
783 1812 845 1860 nats
864 1811 979 1864 testem.
1016 1801 1157 1861 Videmus
1176 1810 1295 1872 tamen,
1314 1808 1348 1856 ut

206 1873 290 1936 Deus
319 1875 427 1935 Filium
455 1895 539 1936 suum
570 1875 652 1955 quasi
683 1877 715 1936 in
740 1876 858 1938 occulto
884 1877 1079 1954 continuerit,
1111 1878 1207 1938 donec
1231 1874 1350 1934 veniret

209 1962 326 2032 tempus
346 1950 452 2032 plenae
471 1949 730 2031 manifestationis:
750 1965 821 2012 tunc
841 1952 920 2013 enim
940 1953 1021 2032 quasi
1031 1954 1177 2014 theatrum
1190 1951 1234 2012 illi
1245 1951 1348 2024 erexit,

207 2025 240 2087 in
268 2047 327 2106 quo
353 2028 528 2108 conspicuus
555 2027 643 2088 soret.
685 2028 876 2110 Participium
896 2041 1143 2108 μεμνηςευμένην,
1174 2048 1233 2108 quo
1253 2027 1349 2088 utitur

207 2103 409 2185 Evangelista,
427 2104 574 2186 signifieat
592 2125 704 2184 sponso
724 2105 896 2186 promissam
916 2116 988 2164 tunc
1007 2104 1096 2164 luisse
1107 2104 1264 2186 virginem,
1284 2125 1348 2163 non

207 2191 306 2240 autem
329 2180 437 2240 marito
462 2201 582 2241 uxorem
601 2181 747 2242 traditam.
786 2181 919 2241 Solenne
940 2181 1019 2240 enim
1038 2181 1117 2262 apud
1137 2181 1263 2242 Iudaeos
1285 2191 1349 2240 erat

207 2256 395 2338 parentibus,
424 2256 497 2318 filias
521 2257 599 2338 apud
623 2277 654 2318 se
681 2257 761 2319 domi
780 2255 951 2339 aliquandiu
971 2269 1088 2330 tencre,
1120 2269 1276 2338 postquam
1299 2277 1347 2316 eas

157 2365 161 2370 ·
206 2331 277 2393 viris
297 2332 529 2412 desponderant:
549 2333 661 2413 alioqui
680 2333 735 2408 lex,
756 2353 830 2414 quae
851 2334 919 2395 des
943 2355 1033 2394 ousae
1050 2354 1138 2394 romu
1162 2334 1244 2394 tione
1256 2343 1349 2394 exstat

207 2408 374 2472 Deuteron.
401 2417 456 2486 2⁶2,
482 2415 545 2486 13„
575 2430 753 2546 supervacua
774 2408 884 2472 luisset.
922 2355 1033 2490 loseph
1054 2409 1126 2470 dicit
1141 2353 1236 2470 bocas
1257 2409 1348 2470 luisse

208 2506 373 2568 exgenere
392 2486 506 2559 David,
526 2487 593 2568 quia
626 2487 741 2548 amiliae
759 2487 890 2547 virorum
910 2486 1079 2549 nominibus
1099 2485 1213 2547 censeri
1233 2485 1346 2548 solent:

209 2581 266 2643 qua
287 2562 323 2624 de
343 2583 376 2625 re
396 2562 468 2623 alibi
486 2563 571 2643 plura
593 2563 698 2624 dicturi
717 2584 824 2624 sumus.

283 2645 331 2705 28.
370 2642 447 2714 Aac,
472 2643 602 2715 modom
624 2654 806 2722 coarmata.
847 2641 926 2715 Quia
952 2651 998 2701 stu
1020 2639 1095 2700 cnda
1115 2651 1147 2700 et
1165 2639 1228 2700 lere
1247 2639 1344 2700 incre-

209 2713 309 2776 dibilis
329 2728 393 2778 erat
412 2715 533 2797 legatio,
552 2738 569 2776 a
589 2717 846 2786 commendatione
863 2717 977 2808 gratiae
997 2661 1055 2776 bei
1075 2715 1225 2798 praefatur
1240 2717 1345 2797 Ange-

208 2790 262 2851 lus.
300 2791 342 2851 Et
366 2805 446 2852 certe
472 2814 561 2873 quum
585 2814 641 2873 pro
668 2792 751 2852 tenui
777 2792 992 2876 intelligentiae
1016 2810 1084 2853 suae
1110 2791 1231 2854 modulo
1251 2793 1345 2875 magis

208 2879 349 2950 angustae
373 2869 434 2928 sint
450 2880 576 2929 ¹nostrae
600 2880 730 2943 mentes,
763 2889 849 2948 quam
875 2882 909 2929 ut
932 2869 1103 2930 immensam
1129 2887 1253 2948 operum
1279 2869 1339 2929 Dei

207 2965 254 3004 ma
279 2943 441 3004 nitudinem
462 2943 594 3034 capiant,
619 2945 763 3025 optimum
784 2946 841 3006 hoc
861 2947 1024 3007 remedium
1044 2944 1105 3020 e'st,
1130 2965 1219 3025 quum
1239 2966 1287 3006 eas
1307 2945 1345 3004 ad

207 2965 405 3080 meditandam
430 3031 542 3100 gratiae
570 3022 631 3080 eius
660 3020 834 3084 infinitatem
860 3023 903 3084 eri
925 3023 1007 3084 imus.
1048 3022 1148 3098 Quum
1173 3041 1246 3104 ergo
1274 3021 1345 3081 fidei

208 3097 295 3156 ianua
314 3095 352 3155 sit
369 3105 470 3156 sensus
491 3097 606 3158 divinae
619 3095 770 3173 bonitatis,
788 3100 896 3178 merito
904 3043 986 3160 hunc
999 3099 1134 3160 ordinem
1148 3099 1343 3180 tenethnge-

207 3172 267 3247 lus,
299 3183 333 3230 ut
357 3171 470 3256 gratiae
494 3173 553 3233 Dei
578 3174 770 3236 meditatione
795 3189 897 3257 pectus
922 3175 1045 3258 virginis
1069 3175 1230 3235 imbuendo
1249 3175 1345 3255 ipsum

208 3248 245 3309 ad
269 3247 446 3327 capiendum
471 3249 770 3331 incomprehensibile
789 3253 958 3334 mysterium
979 3251 1090 3312 dilatet.
1127 3253 1202 3312 Nam
1223 3251 1344 3332 partici-

207 3323 289 3412 pium
306 3338 521 3413 μεχαριιωμένη,
543 3344 602 3406 quo
623 3328 714 3388 utitur
732 3329 836 3405 Lucas,
855 3329 1013 3424 gratuitum
1024 3328 1085 3390 Dei
1103 3327 1236 3389 favorem
1247 3327 1343 3405 expri-

207 3411 271 3474 mit,
290 3400 373 3460 sicuti
393 3399 499 3462 clarius
518 3415 601 3483 patet
620 3404 769 3485 exprimo
790 3407 827 3467 ad
845 3405 992 3487 Ephesios
1012 3427 1046 3467 ca
1067 3449 1075 3464 .
1094 3428 1121 3465 v.
1141 3411 1180 3478 6.,
1199 3405 1250 3464 ubi
1264 3405 1343 3463 Pau-

207 3475 261 3536 lus.
272 3476 308 3534 de
328 3487 428 3537 nostra
449 3499 515 3538 cum
534 3480 603 3541 Deo
623 3483 865 3544 reconciliatione
885 3493 1030 3555 tractans,
1081 3501 1142 3557 eus,
1163 3481 1267 3560 inquit,
1286 3501 1342 3540 uos

94 3595 104 3633 f
207 3551 239 3611 in
256 3551 333 3612 Filio
354 3573 408 3612 suo
428 3554 536 3616 dilecto
556 3565 736 3636 ἐχαρίτωσεν,
768 3559 826 3619 hoc
846 3570 907 3633 est,
935 3559 1050 3638 recepit
1067 3558 1099 3617 in
1119 3579 1200 3617 suam
1219 3557 1342 3640 gratiam

207 3640 239 3688 et
257 3627 359 3690 satore
379 3631 546 3710 complexus
562 3643 621 3708 est,
641 3634 692 3712 qui
712 3635 792 3715 prius
807 3635 919 3696 inimici
940 3655 1062 3696 eramus.
1097 3633 1205 3695 Postea
1223 3633 1342 3694 subiicit

206 3705 350 3788 Angelus,
369 3705 467 3766 Deum
484 3729 549 3768 orm
567 3713 634 3785 ispo
651 3731 721 3771 erse.
759 3713 835 3772 Nam
856 3733 930 3791 quos
951 3732 1051 3772 amore
1070 3731 1124 3772 suo
1145 3711 1277 3802 dignatus
1299 3722 1344 3770 est

206 3781 297 3842 semel
315 3782 415 3858 Deus,
441 3783 498 3844 illis
517 3806 549 3846 se
568 3786 731 3867 propitium
751 3797 782 3848 et
801 3786 965 3848 beneficum
986 3787 1120 3862 exhibet,
1151 3807 1267 3867 suusque
1287 3785 1341 3846 be-

206 3858 320 3919 neficiis
351 3869 439 3920 ornat
468 3871 499 3921 et
530 3863 727 3942 prosequitur.
784 3864 859 3924 Ideo
885 3865 1001 3924 additur
1025 3863 1143 3923 tertium
1168 3861 1343 3937 membrum,

206 3936 289 4014 quod
313 3933 459 3996 &aedicto
482 3937 520 3999 sit
545 3938 624 3999 inter
650 3938 797 4002 mulieres.
840 3940 1085 4002 Benedictionem
1105 3940 1184 4000 enim
1204 3951 1342 4020 tanquam

206 4009 348 4071 eflectum
371 4023 404 4072 et
429 4014 637 4095 probationem
663 4015 754 4076 divini
779 4017 887 4078 latoris
913 4017 1007 4097 ponit.
1054 4017 1159 4098 Neque
1186 4015 1265 4076 enim
1285 4035 1341 4096 pro

172 4127 178 4135 -
205 4087 292 4148 laude
311 4086 378 4162 hic,
396 4109 464 4150 meo
484 4090 610 4166 iudicio,
630 4092 755 4172 capitur,
775 4093 826 4154 scd
847 4094 944 4173 potius
965 4093 1136 4154 felicitatem
1156 4103 1249 4152 notat.
1291 4091 1343 4152 Sic

204 4162 314 4224 Paulus
355 4164 457 4226 ratiam
476 4167 619 4248 primum,
643 4168 750 4228 deinde
770 4189 892 4251 pacem,
918 4170 1056 4244 horest,
1083 4189 1172 4230 omne
1192 4168 1342 4229 bonorum

205 4259 300 4322 genus
342 4242 455 4303 delibus
476 4243 592 4324 precari
610 4243 703 4320 solet,
729 4243 913 4327 significans,
934 4267 988 4306 nos
1008 4259 1080 4306 tunc
1101 4246 1217 4308 demum
1237 4243 1343 4306 beatos

204 4327 236 4376 et
266 4316 369 4379 divites
399 4320 481 4396 fore,
518 4320 544 4380 si
577 4339 593 4380 a
625 4321 693 4381 Deo
722 4321 870 4383 bonorum
896 4324 1027 4384 omnium
1053 4333 1174 4382 auctore
1199 4341 1342 4382 amemur.

205 4393 324 4471 Quodsi
350 4395 462 4460 Mariae
488 4395 628 4476 felicitas,
666 4397 776 4464 iustitia
801 4399 916 4464 etrite
941 4419 976 4462 ex
1000 4398 1130 4484 gratuito
1155 4397 1214 4460 Dei
1239 4417 1342 4462 amore
