2766 4834
426 233 489 311 (1s
515 189 670 295 sinotum
689 171 837 316 losephi.)
1035 283 1061 294 .,
1152 243 1191 311 51

47 403 153 465 rasura
174 382 345 458 indicium,
365 393 460 446 utrm
477 383 626 464 ipseroce
647 405 714 448 eum
733 385 765 450 in
783 385 860 448 riam
879 384 1045 448 reduceret
1084 387 1190 452 Selen-

48 461 104 520 l-
122 480 205 520 rero
230 471 296 535 est,
325 460 420 542 magis
448 460 479 521 id
503 473 603 526 nostra
624 462 755 525 omnium
775 483 861 542 quam
881 464 997 544 privata
1022 465 1084 529 eius
1104 484 1189 530 causa

47 539 144 596 tactum
168 557 261 596 esse:
283 557 393 598 carere
413 537 494 598 enim
513 539 608 601 modis
630 538 766 600 omnibus
785 539 881 601 voluit
898 541 997 618 Deus,
1015 563 1055 602 ue
1075 562 1132 621 qna
1150 544 1190 606 si-

47 615 126 672 nistra
152 613 302 694 suspicio
328 615 361 674 in
386 614 540 677 orandum
565 615 693 678 caderet.
738 615 839 691 Quum
864 616 997 700 Angelus
1021 639 1058 700 ag
1096 617 1193 680 editur

47 691 146 770 loseph
174 691 280 750 totius
308 688 405 751 adbuc
431 691 547 772 negotii
572 693 709 766 inscium,
738 713 800 752 non
825 692 937 757 babent
959 639 1095 786 imprpbi
1111 697 1192 774 qnod

48 767 280 838 calonnuientur,
302 766 374 846 quin
386 766 424 826 ad
433 767 533 830 Deum
547 764 723 830 audiendum
735 769 796 829 inte
821 778 853 830 et
863 783 1031 832 accesserit.-
1053 774 1124 832 Non
1135 773 1192 835 luit

49 843 134 904 rioms
156 842 325 904 blanditiis
348 841 508 923 pellectus,
532 866 597 906 nou
619 845 811 907 obtestationi
834 869 866 908 us
892 868 1009 908 excussa
1028 848 1086 911 suit
1104 871 1192 928 quam

50 931 236 1000 conceperat
256 920 382 1000 opinio,
411 939 477 984 uon
501 922 635 984 humanis
661 922 824 984 rationibus
848 924 938 986 llerus
962 924 994 984 in
1014 926 1192 987 contrariam

50 1011 169 1132 pprtem:
200 997 280 1072 sed,
309 1019 399 1076 quum
419 997 452 1057 in
473 999 572 1059 animo
593 1000 654 1060 eius
674 1001 810 1060 haereret
829 1000 932 1061 salsum
951 1001 1049 1062 uxone
1068 1003 1193 1080 crimen,

74 1095 119 1133 eus
139 1096 175 1136 se
203 1075 274 1134 inte
315 1074 411 1150 osuit,
432 1095 493 1154 quo
512 1075 604 1158 mag's
624 1076 749 1138 idoneus
768 1075 856 1138 nobis
878 1089 955 1138 esset
970 1079 1053 1140 testis
1073 1101 1107 1140 ac
1125 1079 1192 1160 plns

50 1151 238 1212 actoritatis
258 1151 297 1210 ba
322 1163 403 1225 eret,
429 1163 480 1212 tau
501 1175 567 1214 uam
587 1152 624 1212 ad
644 1174 699 1214 nos
716 1173 737 1213 e
757 1151 844 1212 coelo
865 1153 1013 1214 demissus.
1050 1157 1192 1221 Videmus

51 1239 76 1286 rt
91 1227 179 1288 Dens
201 1249 264 1308 per
283 1227 435 1308 Angelum
454 1173 713 1298 volueritdocere
732 1249 848 1290 servum
873 1251 956 1290 suum
976 1231 1102 1312 Ioseph,
1130 1228 1192 1313 guo

51 1303 105 1364 aliis
124 1304 280 1373 coelestis
299 1315 380 1364 esset
397 1326 520 1385 praeco,
539 1325 602 1366 non
622 1317 719 1366 autern
739 1317 891 1385 acceptum
908 1305 959 1366 rel
978 1306 1014 1366 ab
1034 1329 1126 1369 ruore
1144 1307 1194 1371 vel

51 1401 246 1471 iquoquam
272 1381 445 1442 mortalium
469 1401 636 1444 sermonem
662 1393 817 1462 narraret.¹
857 1381 950 1456 Quod
973 1403 1035 1442 nou
1056 1385 1199 1476 pluribus¹

53 1470 138 1518 naum
161 1458 354 1538 patefactum
377 1458 434 1518 luit
452 1457 640 1540 mysterium,
670 1458 744 1519 baec
759 1457 853 1518 'luisse
872 1458 990 1518 videtur
1008 1471 1098 1520 ratio:
1124 1463 1200 1541 quia

53 1535 142 1594 ineom
168 1534 320 1596 arabilem
349 1535 431 1595 bunc
455 1535 623 1596 thesaurum
649 1534 853 1598 absconditum
878 1533 987 1609 latere,
1019 1535 1089 1596 solis
1117 1557 1191 1598 rero

54 1611 103 1671 Dei
157 1613 197 1672 iis
219 1623 328 1692 patere
350 1611 487 1672 decebat.
526 1611 644 1672 Deinde
664 1611 739 1672 nibil
759 1611 893 1684 absurdi,
912 1613 935 1671 si
955 1610 1191 1674 Dominudsuo-

55 1711 109 1748 rm
137 1689 234 1748 tidem
263 1700 295 1748 et
318 1687 540 1762 obedientiam,
571 1699 605 1748 ut
633 1689 806 1770 plerumque
837 1687 942 1748 solitus
969 1701 1028 1764 est,
1061 1689 1208 1774 probare¹

54 1765 189 1828 voluerit.
231 1763 328 1825 Certe
349 1766 407 1826 uisi
429 1766 494 1844 quis
513 1764 723 1858 maligneDeo‘
743 1764 881 1841 credere,
895 1787 986 1858 seque
1006 1765 1049 1831 illi
1070 1769 1139 1829 dare
1160 1768 1192 1828 in

55 1840 230 1922 obsequium
252 1841 417 1916 detrectet,
449 1841 641 1918 testimoniis,
674 1841 780 1921 quibus
801 1841 859 1902 hoc
877 1842 946 1902 fider
965 1856 1085 1904 nostrae
1105 1855 1195 1926 caput

56 1917 211 1996 probatum
234 1930 294 1992 est,
316 1917 436 1980 abunde
457 1929 613 1979 contentus
634 1919 699 1978 erit.
737 1919 850 1983 Eadem
871 1918 959 1979 etiam
979 1941 1063 1982 causa
1083 1922 1193 1982 sactum

57 2007 104 2068 est,
120 2008 155 2054 ut
175 1994 305 2056 Mariam
326 1995 443 2056 nubere
457 1994 605 2056 Dominus
625 1995 826 2076 permitteret,
845 2006 879 2055 nt
897 1994 950 2056 sub
972 1997 1105 2080 coniugii
1123 1997 1194 2058 velo

55 2093 140 2150 usque
161 2072 202 2132 ad
221 2083 371 2135 maturum
388 2071 579 2134 revelationis
598 2084 658 2132 tem
681 2093 714 2132 us
736 2071 873 2132 coelestis
891 2072 1014 2156 virginis
1035 2073 1196 2155 conceptio

58 2149 174 2284 latderet:
194 2149 316 2283 intprea
337 2148 426 2210 celati
447 2161 514 2210 sunt
533 2093 689 2225 incredub,
708 2159 742 2208 ut
759 2146 931 2209 merebatur
949 2169 1052 2226 eorum
1072 2151 1204 2234 ingrati-x

57 2239 82 2285 tu
103 2247 122 2286 ο
142 2237 177 2286 et
194 2247 245 2284 ma
258 2237 319 2286 rita.
502 2285 506 2292 ,

123 2309 177 2368 2⁰-
217 2301 310 2362 Haec
327 2323 363 2364 eo
382 2303 536 2377 sagittante.
563 2299 622 2368 llic
641 2298 844 2390 perspicimus,
864 2310 898 2358 ut
914 2297 1062 2363 Dominus
1080 2313 1197 2382 tempe·
1264 2328 1271 2341 κ

58 2381 124 2440 stine
147 2379 236 2439 etin
256 2381 340 2470 ipso,
375 2377 456 2458 quod
476 2378 573 2452 aiunt,
605 2375 731 2436 articulo
756 2377 815 2435 suis
839 2375 940 2436 adesse
965 2377 1069 2438 soleat.
1106 2379 1198 2440 Unde

59 2457 140 2516 etiarn
161 2453 351 2538 colligimus,
384 2456 452 2515 dum
478 2455 514 2515 ad
541 2465 655 2514 nostras
681 2471 764 2514 curas
789 2462 820 2510 et
843 2452 1002 2514 anxietates
1027 2453 1219 2531 dissimulat]
1275 2465 1281 2486 ⁸

60 2553 107 2591 ros
126 2545 232 2592 tamen
252 2533 290 2592 ab
311 2531 379 2613 ipso
400 2531 520 2612 respici:
554 2529 605 2589 sed
625 2530 666 2588 ita
686 2525 803 2586 scilicet
820 2545 851 2585 se
872 2527 1017 2602 occultat,
1044 2541 1075 2588 et
1092 2531 1203 2612 tacitus„

62 2609 196 2688 quiescit,
218 2608 333 2680 donec,
355 2607 458 2668 babito
478 2605 641 2688 patientiae
661 2613 780 2663 nostrae
802 2601 949 2679 examine,
972 2613 1110 2684 tempore
1129 2625 1145 2664 a
1165 2627 1197 2665 se

61 2687 223 2746 constituto
244 2706 300 2746 nos
321 2685 413 2744 iuvet.
453 2682 544 2744 Certe
565 2679 750 2762 quantumvis
769 2677 882 2742 lentum
907 2699 941 2742 ae
961 2699 1058 2742 serum
1077 2692 1199 2762 putetur

62 2763 117 2821 eins
137 2760 296 2836 auxilium,
330 2759 403 2820 utile
429 2772 528 2820 tamen
553 2771 598 2820 est
622 2759 663 2836 ita
690 2755 816 2818 dilserri.
855 2755 949 2830 Quod
972 2777 1028 2840 per
1050 2757 1196 2820 somnium

65 2839 199 2919 apparuit
210 2837 357 2920 Angelus,
377 2837 427 2897 bic
447 2837 522 2898 alter
541 2836 598 2896 luit
617 2856 651 2896 ex
670 2833 785 2894 duobus
806 2833 962 2896 ordinariis
981 2833 1196 2896 revelationum

61 2916 160 2990 modis,
181 2935 312 2994 quorum
332 2913 367 2972 fit
385 2914 498 2973 mentio
510 2913 709 2974 Numerorum
730 2911 827 2990 eapite
845 2917 895 2987 ta,
914 2917 952 2985 7.,
971 2908 1023 2971 ubi
1042 2911 1196 2992 sicloqui-

62 3007 107 3052 tur
124 2992 224 3052 Deus:
252 2989 433 3069 Prophetis,
457 2991 506 3068 qui
526 2989 676 3052 intervos
698 2999 799 3060 erunt,
823 2985 872 3046 vel
893 3006 947 3066 per
966 2988 1128 3064 visionem,
1148 2988 1196 3049 vel

97 3067 280 3130 rsunmium
301 3087 349 3126 me
370 3065 513 3146 aperiam:
546 3078 657 3126 at'non
678 3063 720 3124 sic
740 3085 805 3124 cum
825 3083 911 3124 servo
930 3085 999 3124 meo
1019 3065 1119 3139 Mose,
1149 3065 1197 3124 cui

64 3091 134 3206 licie
160 3144 198 3204 ad
225 3143 335 3204 faciem
354 3163 403 3202 me
424 3143 558 3202 ostendo.
600 3140 758 3206 Sciendum
783 3151 880 3200 autem
906 3152 964 3214 est,
997 3141 1058 3202 eius
1078 3142 1197 3224 generis

64 3221 170 3282 somnia
191 3219 319 3280 multum
331 3239 346 3280 a
360 3218 540 3278 naturalibus
561 3217 696 3277 differre:
718 3215 791 3294 quia
805 3215 981 3306 insculptam
1000 3218 1112 3278 habent
1131 3239 1198 3304 cer-¹

66 3299 193 3358 titudinis
214 3309 335 3372 notam,
368 3305 400 3356 et
418 3293 554 3356 divinitus
575 3293 785 3376 obsignantur,
810 3303 843 3352 ut
861 3293 982 3354 minime
1003 3295 1140 3377 ambigua
1159 3295 1197 3354 sit

68 3395 161 3434 eurum
181 3373 302 3434 veritas.
342 3371 464 3431 Somnia
486 3391 560 3450 quae
582 3368 778 3429 communiter
794 3368 963 3429 bominibus
977 3371 1127 3444 eveniunt,
1146 3371 1196 3431 vel

69 3448 351 3532 excogitationibus
372 3447 493 3523 diurnis,
513 3445 559 3506 vel
581 3467 614 3506 ex
633 3449 754 3505 naturae
773 3445 996 3522 constitutione,
1015 3447 1062 3507 vel
1074 3470 1108 3506 ex
1128 3468 1196 3507 cor-

67 3526 183 3605 poribus
203 3526 282 3589 male
304 3523 437 3597 allectis,
461 3523 508 3584 vel
528 3521 671 3582 similibus
692 3521 783 3582 causis
804 3521 876 3582 oriri
896 3522 1007 3583 solent:
1042 3524 1078 3584 ad
1099 3523 1196 3583 divina

67 3614 157 3662 antem
184 3602 303 3662 somnia
329 3601 444 3662 accedit
469 3601 588 3660 interim
610 3598 977 3679 Spiritus'testimonium‚
1009 3601 1089 3678 quod
1114 3610 1196 3658 certo

68 3679 234 3752 confirmet,
261 3677 362 3738 Deum
384 3698 445 3737 esse
466 3677 517 3756 qui
537 3675 677 3754 loquitur.
717 3674 780 3734 Fili
798 3673 907 3743 Dmtd,
925 3699 962 3736 ne
980 3689 1097 3736 Muros.
1138 3675 1196 3732 Ista

68 3755 170 3836 bogeli
183 3754 355 3815 exhortatio
369 3753 525 3834 significat,
543 3751 659 3828 anxium
678 3751 769 3811 animi
790 3751 876 3812 luisse
898 3752 1017 3832 loseph,
1037 3772 1074 3809 ne
1095 3756 1151 3830 'qua
1165 3769 1196 3807 se

68 3833 244 3925 contagione
273 3831 425 3912 pollueret
453 3827 627 3890 adulterium
654 3829 752 3887 uxoris
781 3828 948 3888 tolerando.
996 3829 1092 3901 Quam
1123 3846 1197 3908 ergo

69 3909 179 3970 sceleris
192 3919 378 3987 conceperat
399 3927 416 3966 ο
441 3905 572 3966 inionem
593 3902 681 3977 tollit,
701 3915 734 3963 ut
753 3905 910 3985 tranquilla
930 3902 1111 3964 couscientia
1131 3923 1197 3963 cum

70 4007 151 4046 more
171 3985 299 4044 babitet.
339 3929 512 4063 Epiplieton
525 3981 600 4040 Ftttt
609 3979 735 4040 Dnvr'clis
754 3983 867 4060 aptavit
884 3981 921 4040 ad
931 3991 1115 4061 praesentem
1128 4001 1198 4039 cau·
1273 3986 1277 3993 “

69 4082 136 4134 sam,
164 4073 200 4122 ut
221 4061 286 4122 eius
305 4071 436 4120 mentem
455 4059 486 4118 in
507 4057 630 4117 sublime
649 4055 916 4137 illud'mysterium
935 4054 1098 4116 attolleret:
1131 4057 1198 4148 qnia

69 4149 136 4198 esset
156 4161 192 4198 ex
214 4154 249 4199 ea
265 4135 387 4209 familia,
408 4147 438 4196 et
458 4133 576 4214 quidem
588 4146 735 4212 superstes
756 4155 820 4192 cum
837 4132 947 4212 paucis,
966 4131 1044 4193 rrnde
1056 4154 1198 4215 promissa

70 4229 124 4276 erat
142 4216 261 4276 mundo
282 4213 371 4273 salus.
409 4210 520 4290 loseph
546 4211 644 4289 itaque
671 4209 771 4270 audito
791 4209 913 4268 Doridis
937 4209 1073 4281 nomine,
1102 4231 1119 4269 a
1160 4227 1200 4267 uo

70 4313 151 4372 genus
172 4289 324 4364 ducebat,
358 4307 499 4367 revocare
528 4285 558 4344 in
586 4286 757 4346 memoriam
783 4285 886 4346 debuit
910 4282 1026 4380 insigne
1050 4285 1121 4345 illud
1139 4231 1199 4343 bet

69 4384 175 4446 pactum
183 4371 223 4432 de
231 4363 553 4446 instaurationeregni,
562 4373 596 4422 ut
607 4361 681 4440 nibil
695 4363 752 4422 iam
764 4383 873 4424 novum
884 4361 942 4420 sibi
951 4363 1200 4478 drpiagnosceret

735 4641 746 4678 t
