2766 4840
79 267 84 278 ·
149 247 208 311 270
446 241 456 266 “
606 231 713 296 SECT
744 233 876 302 xvnt·
905 265 909 273 ¹

228 391 333 454 Mattb.
353 395 400 456 15·
441 385 538 471 Quum
554 386 683 450 uiderim
698 387 945 450 abominationem.
987 391 1066 465 Quia
1086 413 1133 454 res
1153 393 1319 458 incredibi-

79 509 82 521 ·
151 474 186 534 lis
207 482 270 532 erat
304 469 404 527 utiam
417 466 554 544 diximus)
574 466 676 548 templi
698 479 728 528 et
746 465 827 526 urbis
844 467 984 528 Hierosol
999 475 1070 530 ’inae
1092 471 1253 548 excidium,
1274 487 1319 534 to-

151 551 268 628 tiusque
306 545 424 605 udaicae
445 543 566 625 politiae
587 543 734 604 interitus:
760 543 865 604 deinde
887 490 1043 606 absurdum
1069 547 1164 608 videri
1190 563 1320 642 poterat,

151 626 246 686 salvos
266 645 327 682 nou
348 622 432 680 aliter
452 621 517 681 sore
539 620 707 700 discipulos,
728 641 814 700 quain
834 622 858 681 si
879 622 914 680 ab
927 641 964 681 eo
977 623 1318 704 populoavulsiessent,

151 725 243 784 penes
263 721 351 779 quem
371 699 504 778 deposita
524 709 588 757 erat
607 698 728 776 adoptio
750 709 780 757 et
799 709 936 758 aeternae
956 699 1055 759 salutis
1077 701 1200 762 foedus:
1230 705 1317 764 Chri-

151 793 211 842 stns
235 774 369 836 Danielis
392 774 562 834 testimonio
587 786 742 854 utriunque
769 775 938 850 coufirmat,
971 775 1029 835 acsi
1055 778 1185 853 diceret,
1217 781 1263 840 Ne
1287 781 1317 840 in

150 854 264 936 templo
286 864 316 913 et
335 851 478 944 legalibus
499 851 675 912 ceremoniis
685 852 747 912 sitis
759 851 854 925 defixi,
874 863 986 912 certum
999 853 1086 912 finem
1103 854 1162 916 illis
1179 857 1318 937 imposuit

151 935 251 1005 Deus,
276 951 308 990 ac
333 931 447 1009 prideni
472 939 592 990 testatus
614 940 673 1003 est,
703 935 792 1008 qilum
812 928 928 988 veniret
945 929 1148 1010 Redemptor,
1172 946 1319 994 cessatura

152 1030 215 1070 csse
227 1005 382 1068 sacrificia:
403 1026 441 1066 ne
461 1005 544 1067 vohis
565 1004 720 1066 molestum
738 1005 778 1077 sit
796 1007 922 1066 resecari
943 1028 959 1068 a
979 1019 1071 1086 gente
1091 1020 1198 1069 vestra.
1235 1011 1319 1070 Deus

152 1086 241 1146 etiarn
262 1085 297 1144 de
319 1082 416 1144 sutura
435 1081 513 1142 illins
534 1081 720 1142 abdicatione
740 1102 807 1141 suos
827 1081 857 1140 in
878 1094 1013 1164 tempore
1026 1073 1187 1145 admonuit
1216 1086 1318 1148 Porro
1370 1107 1371 1124 ι

151 1162 217 1222 tilis
243 1159 407 1242 praedictio
434 1179 495 1219 non
519 1160 611 1220 modo
632 1159 669 1220 ad
687 1157 848 1218 tollendam
868 1158 997 1220 scandali
1017 1161 1167 1220 materiam
1185 1161 1317 1237 valebat,

151 1239 204 1302 sed
224 1238 311 1299 etiam
331 1235 368 1300 ad
387 1235 540 1318 erigendas
560 1235 677 1316 piorum
696 1245 827 1308 mentes,
852 1246 885 1294 ut
907 1235 940 1296 in
964 1237 1102 1297 extremis
1126 1237 1254 1298 cladibus
1282 1260 1317 1300 se

152 1315 289 1380 divinitus
308 1314 431 1394 respici,
455 1335 595 1394 suamque
614 1313 737 1374 salutem
757 1311 851 1372 curari
870 1311 1012 1388 scientes,
1035 1311 1074 1374 ad
1092 1333 1204 1375 sacram
1222 1335 1318 1376 anco-

151 1403 216 1455 ram'
225 1391 432 1474 confugerent,
451 1389 482 1450 in
522 1411 559 1450 ua
578 1390 656 1450 inter
674 1387 852 1450 saevissimas
870 1388 1044 1450 iactationes
1065 1389 1148 1450 firma
1168 1401 1268 1452 tamen
1288 1405 1319 1452 et

151 1481 213 1532 tuta
234 1469 290 1529 illis
307 1480 371 1529 erat
381 1463 479 1529 statio.
547 1489 629 1528 eruin
642 1478 717 1527 ‘ante
740 1487 806 1525 uam
826 1463 901 1525 ultra
921 1467 1110 1547 progrediar,
1128 1469 1318 1528 excutiendus

152 1559 197 1610 est
216 1545 267 1628 qui
287 1567 303 1607 a
325 1544 446 1606 Christo
465 1543 573 1605 citatur
590 1544 681 1604 locus.
710 1487 983 1616 llallunturantem,
1002 1543 1206 1620 meoiudicio,
1225 1545 1317 1606 inter-

150 1637 266 1706 pretes,
291 1623 343 1704 qui
370 1643 404 1682 ex
429 1643 513 1682 nono
540 1621 635 1711 capite
654 1619 788 1680 Danielis
808 1619 1007 1702 testimonium
1028 1620 1086 1680 hoc
1107 1619 1236 1700 petitum
1256 1643 1316 1684 esse

144 1703 279 1761 tradunt.
322 1699 427 1778 Neque
448 1699 527 1760 enim
546 1697 605 1758 illic
627 1697 804 1758 adverbum
826 1695 952 1756 babetur
969 1693 1145 1758 ohorninatio
1165 1695 1316 1760 danim

150 1782 206 1852 aab,
228 1787 380 1837 etcertum
395 1787 447 1849 est,
468 1775 604 1856 angelum
624 1793 687 1832 non
707 1773 744 1833 de
764 1773 865 1833 ultima
881 1773 1054 1850 vastatione,
1074 1773 1156 1834 cuius
1170 1775 1317 1836 hicChri·

151 1865 211 1928 stus
221 1851 354 1912 meminit
365 1851 517 1925 disserere,
537 1851 589 1910 sed
609 1851 646 1912 de
666 1850 823 1930 temporali
844 1849 1041 1930 dissipatione,
1063 1871 1150 1930 quam
1163 1852 1316 1934 attulitty-

150 1930 250 1992 raunis
270 1927 420 1988 Antiochi.
460 1927 502 1989 Ca
527 1925 566 1988 ite
586 1940 684 1987 autem
705 1927 880 1988 duodecimo
902 1927 1022 2008 angelus
1042 1925 1180 2004 finalem,
1207 1941 1240 1988 ut
1265 1951 1316 1988 ro-

128 1999 132 2009 *
152 2017 236 2083 caut,
256 2004 357 2086 legalis
378 2003 471 2064 cultus
491 1949 731 2095 abrogationem,
751 2025 826 2083 quae
846 2005 942 2064 sutura
963 2015 1025 2064 erat
1045 2003 1161 2064 Christi
1181 2007 1314 2082 adventu,

150 2082 304 2163 praedicit.
343 2081 503 2161 Postquam
525 2102 603 2142 enim
624 2081 725 2140 fideles
746 2082 782 2141 ad
802 2079 954 2141 infractam
976 2082 1174 2140 constantiam
1187 2083 1313 2142 hortatus

129 2155 212 2235 'cst,
235 2171 351 2238 tempus
376 2171 488 2218 certum
508 2170 567 2236 tam
587 2157 689 2218 ruinae
710 2179 796 2236 qnam
815 2157 1032 2220 instaurationis
1052 2157 1170 2218 definit:
1206 2179 1240 2219 ex
1259 2179 1314 2237 quo

151 2235 277 2317 (lnquit)
298 2233 426 2297 ablatum
446 2235 535 2295 fuerit
554 2237 623 2318 iuge
642 2235 831 2310 sacrificium,
857 2247 887 2296 ct
907 2234 1002 2316 posita
1022 2234 1114 2298 luerit
1134 2235 1313 2296 abominatio

91 2314 115 2346 ¹¹
152 2312 361 2388 desolationis,
380 2311 534 2372 restabunt
553 2313 615 2373 dies
635 2312 715 2371 niille
736 2312 855 2382 ducenti
877 2323 907 2370 et
927 2311 1097 2402 nonaginta.
1136 2313 1249 2374 Beatus
1268 2311 1314 2392 qui

151 2389 373 2471 exspectaverit,
394 2391 490 2450 donec
510 2390 546 2449 ad
565 2389 646 2450 niillc
667 2381 816 2450 trecenlos
837 2387 957 2470 triginta
978 2407 1109 2467 quinque
1131 2389 1194 2450 dies
1214 2409 1314 2470 perse-
1374 2439 1375 2450 ,

150 2467 222 2528 niat.
266 2467 338 2528 Scio
365 2467 443 2526 hunc
470 2468 567 2526 locuni
593 2479 719 2558 propter
742 2487 823 2526 suam
843 2465 1052 2525 obscuritatem
1071 2465 1156 2526 varie
1176 2466 1315 2546 torqueri,

150 2545 203 2604 sed
222 2544 293 2604 milii
313 2544 428 2604 videtur
446 2544 567 2623 simplex
580 2545 627 2604 bic
641 2563 703 2604 esse
715 2563 824 2617 sensus,
845 2542 925 2625 quod
945 2541 1075 2634 angelus,
1095 2554 1257 2622 postquam
1272 2563 1316 2602 se-

149 2620 209 2681 mel
236 2621 378 2702 templum
403 2620 439 2680 ah
460 2620 603 2681 Antiochi
629 2617 843 2700 pollutionibus
870 2630 900 2678 et
924 2618 1009 2680 idolis
1034 2631 1194 2700 purgatum
1222 2620 1316 2694 luerit,

150 2699 327 2777 pronuntiet
346 2709 500 2758 ventorum
521 2719 619 2758 rursus
640 2717 703 2757 esse
723 2709 848 2774 tempus,
868 2715 928 2774 quo
948 2715 1043 2755 novae
1055 2696 1261 2774 profanationi
1271 2703 1316 2756 ex-

149 2776 278 2854 positum
298 2775 361 2836 sine
381 2794 433 2854 spe
452 2773 645 2833 restitutionis
665 2773 849 2850 sanctitatem
869 2793 950 2832 suani
971 2791 1150 2850 omnemque
1178 2795 1315 2835 reseren-

136 2852 220 2910 uam
239 2863 385 2942 perpetuo
407 2849 529 2908 amittat.
570 2849 649 2925 Quia
675 2864 771 2910 autem
797 2847 927 2908 funestus
948 2869 981 2908 ac
1001 2847 1135 2930 lugubris
1157 2862 1225 2910 erat
1244 2872 1317 2910 nun-

149 2927 218 3000 tius,
236 2941 352 2987 1terum³
362 2925 544 3005 Prophetam
564 2927 601 2986 ad
619 2947 729 2986 annum
749 2947 839 2985 unum
860 2937 891 2986 et
911 2924 1062 2985 biennium
1083 2937 1116 2985 et
1132 2945 1185 2986 sex
1204 2945 1317 2987 menses

148 3015 280 3064 revocat.
320 3003 437 3078 Quibus
457 3003 554 3064 verbis
574 3015 633 3062 tani
652 3003 797 3062 malorum
817 3002 991 3063 diuturnitas
1011 3023 1097 3081 quani
1120 3003 1217 3064 exitus
1234 3017 1318 3063 nota-

151 3091 209 3138 tur.
247 3079 323 3138 Nain
348 3079 379 3138 in
407 3078 548 3139 continua
568 3079 711 3142 malorum
731 3080 808 3140 serie
828 3077 935 3158 longus
954 3078 1011 3137 iani
1031 3079 1149 3138 videtur
1170 3081 1244 3140 anni
1264 3081 1316 3141 cir-

150 3156 256 3215 cuitus:
284 3156 335 3214 uhi
356 3164 453 3215 autem
474 3155 640 3236 duplicatur
658 3157 800 3237 temporis
820 3158 965 3237 spatium,
984 3154 1077 3215 multo
1097 3159 1192 3239 magis
1214 3157 1318 3218 crescit

148 3231 293 3292 molestia.
331 3233 477 3294 Hortatur
498 3253 570 3316 ergo
592 3234 719 3326 Spiritus
739 3233 855 3308 fideles,
880 3242 912 3292 ut
938 3253 1002 3293 non
1026 3232 1116 3294 modo
1143 3237 1181 3294 ad
1210 3233 1316 3316 integri

149 3307 219 3368 anni
238 3310 312 3387 (hoc
332 3305 377 3370 e'st
395 3307 479 3390 longi
499 3317 657 3392 temporis)
677 3311 862 3372 tolerantiam
882 3331 914 3370 se
935 3321 1123 3390 comparent:
1142 3311 1196 3372 sed
1214 3323 1247 3370 ut
1260 3325 1317 3371 sta·

148 3397 243 3462 tuant,
263 3385 407 3446 continuo
428 3387 583 3446 multarum
604 3400 730 3448 aetatum
750 3399 855 3449 tenore
876 3385 1010 3446 serendas
1030 3385 1087 3460 sihi
1101 3387 1316 3448 essealllictio-

148 3485 210 3526 nes.
249 3463 346 3524 Porro
368 3465 398 3524 in
419 3464 540 3524 dimidio
560 3465 700 3543 temporis
720 3464 901 3532 subest,non
922 3483 1009 3542 parva
1029 3463 1219 3540 consolatio,
1239 3464 1316 3543 quia,

148 3541 218 3603 licet
238 3541 394 3602 diuturnae
414 3541 473 3601 sint
498 3542 691 3615 afflictiones,
739 3537 874 3622 erpetqas
898 3551 996 3600 tamen
1016 3560 1078 3599 nou
1099 3539 1168 3601 fore
1188 3541 1316 3600 ostendit

149 3617 285 3699 Spiritus.
323 3619 369 3678 Ac
390 3619 469 3698 prius
490 3619 608 3697 quidem
628 3641 694 3678 usus
716 3563 812 3678 lherat
831 3617 885 3677 hac
903 3615 1043 3707 loquendi
1063 3617 1171 3692 fornia,
1190 3616 1316 3676 Durahit

148 3695 299 3756 Ecclesiae
316 3695 463 3755 calamitas
480 3715 533 3774 per
549 3707 674 3776 teinpus,
694 3708 829 3786 tempora
841 3706 871 3754 et
882 3689 1032 3754 dimidium
1045 3694 1200 3773 temporis.
1228 3695 1316 3753 Nunc

148 3793 220 3834 vero
241 3772 401 3832 triennium
421 3771 494 3834 illud
514 3793 580 3832 cuni
599 3793 647 3832 seii
667 3771 816 3830 sirensibus
836 3791 890 3850 per
910 3770 972 3830 dies
992 3793 1024 3830 su
1049 3781 1142 3850 putat,
1163 3783 1196 3830 ut
1216 3769 1317 3830 fideles

147 3851 179 3910 in
205 3849 255 3910 lon
281 3849 345 3909 iore
370 3848 513 3910 malornm
538 3859 635 3909 tractu
660 3849 752 3932 magis
773 3845 978 3908 obdurescant.
1017 3790 1153 3910 dolenne
1174 3847 1255 3907 enim
1276 3859 1322 3907 est

149 3869 317 3986 hominihus
337 3926 368 3985 in
389 3925 477 3987 relius
496 3926 620 3987 adversis
641 3946 703 3986 nou
725 3947 777 4004 per
797 3946 890 3985 annos
910 3923 958 3984 uel
978 3945 1103 3999 menses,
1122 3926 1177 3986 sed
1190 3923 1317 4005 perdies

148 4002 447 4084 siiigulostei'npussu
467 4012 586 4093 putare,
606 4003 673 4084 quia
694 4003 754 4062 dies
775 4023 849 4061 unus
868 3999 926 4060 illis
946 3999 1038 4060 instar
1058 4001 1127 4060 anni
1149 4011 1204 4062 est.
1235 4003 1318 4062 Tau-

149 4078 215 4137 dem
236 4079 338 4140 beatos
360 4080 425 4139 lore
446 4025 527 4154 licii,
548 4080 597 4159 qui
617 4079 809 4140 sustinuerint
827 4098 919 4157 usque
941 4077 976 4137 ad
996 4079 1082 4137 finem
1101 4077 1182 4138 illius
1198 4089 1318 4159 ternpo-

149 4154 198 4227 ris,
220 4155 340 4231 horest,
381 4157 412 4216 ui
431 4155 540 4218 invicta
560 4156 702 4238 patientia
722 4157 758 4216 ad
778 4167 885 4215 metam
905 4154 1199 4244 usquepertigerint.
1230 4155 1318 4214 Nune

150 4228 282 4318 Christus
304 4177 383 4309 qood
404 4233 560 4314 proposito
580 4255 633 4293 suo
655 4232 818 4323 quadrabat
837 4231 933 4293 solum
952 4231 1048 4321 eligit:
1074 4252 1185 4311 nempe
1204 4229 1317 4292 instare

148 4303 296 4364 sacrificiis
317 4307 421 4382 linem,
447 4321 477 4370 et
497 4309 650 4369 locandam
669 4331 701 4368 in
721 4309 834 4390 templo
855 4307 1106 4368 abominationem
1128 4327 1210 4382 esse,
1241 4327 1315 4387 quae

148 4377 264 4457 signum
282 4379 320 4441 sit
338 4382 457 4444 ultimae
477 4384 677 4448 desolationis.
718 4381 798 4462 Quia
823 4395 920 4448 autem
940 4385 970 4444 in
992 4385 1142 4465 praesenti
1162 4405 1220 4446 suo
1239 4395 1317 4446 statii
