2766 4840
353 243 435 318 (tta.
476 237 572 311 ludas,
594 233 704 298 Christi
723 237 883 316 proditor.)
1043 299 1049 313 ,
1139 245 1203 310 m

43 405 219 486 unguentum
243 390 317 452 illud
343 401 487 454 servasset
504 391 535 450 in
555 389 633 452 diem
659 389 835 470 sepulturae.
873 389 1035 526 Poetapuam
1055 409 1127 452 uero
1147 413 1200 456 eu-

41 471 110 531 stitrt
134 469 228 532 solida
254 469 339 529 huius
365 469 476 550 figurae
496 467 618 544 veritas,
643 479 673 527 et
694 466 826 528 Christus
846 488 863 527 e
882 488 955 550 sepu
969 489 1021 527 cro
1042 467 1202 550 egrediens

43 567 98 606 nou
119 549 237 607 domum
258 566 360 620 ιιιιιιιι,
386 545 439 605 sed
464 555 559 603 totum
585 545 725 604 muudum
750 542 866 604 vivifico
892 543 995 606 mortis
1014 565 1084 604 suae
1104 546 1201 608 odore

42 622 176 704 perfudit,
217 622 310 682 uerile
330 633 407 682 esset
424 625 561 700 repetere
582 621 662 700 quod
682 621 799 681 ratione
820 632 851 680 et
869 619 968 682 fructu
985 633 1109 682 careret.

110 707 156 766 13.
229 697 368 778 &cunque
387 695 596 774 praedicatum.
635 697 754 758 Honori
773 698 839 758 sore
860 698 917 758 hoc
938 697 1068 758 cilicium
1087 697 1202 759 Mariae

41 777 196 855 praedicit,
229 777 275 838 uia
294 774 462 839 laudabitur
472 771 627 855 Evangelii
646 773 790 860 doctriua.
829 775 919 856 Unde
935 773 1202 857 colligimos‚‘pre-

41 853 107 914 tium
132 798 273 934 operibus
298 851 405 912 nostris
431 849 519 911 statui
545 871 608 909 nou
628 870 662 910 er
682 850 834 910 hominum
855 849 1014 934 opinione,
1037 853 1090 913 sed
1112 852 1202 913 verbi
1259 916 1262 925 ,

21 930 94 1002 ¹Ilei
113 930 294 991 testimonio.
334 927 426 1004 Quod
451 946 522 986 vero
548 927 579 986 iu
603 935 670 986 toto
696 929 808 987 urendo
833 927 1029 988 honorificam
1055 929 1116 990 eius
1135 949 1201 992 me-

40 1006 157 1066 moriam
185 1007 251 1067 iore
277 1005 364 1076 dicit,
392 1005 445 1070 hae
473 1002 695 1083 comparatione
722 1003 843 1084 oblique
863 1025 931 1065 snos
952 1004 1109 1098 discipulos
1128 1027 1201 1086 pen-

39 1083 166 1220 stringit:
188 1083 255 1164 quia
276 1082 409 1164 gentium
429 1080 561 1140 omnium
581 1100 727 1142 consensu
747 1081 825 1162 apud
844 1093 958 1143 exteros
979 1093 1009 1142 et
1028 1104 1060 1142 ιιι
1075 1084 1202 1146 remotis

40 1181 104 1218 mun

39 1237 145 1297 morosi
176 1236 296 1296 fuerant
325 1235 386 1314 ipsi·
411 1233 573 1295 domestici.
626 1231 741 1294 Blande
772 1233 857 1293 etiam
890 1235 1047 1315 discipulos
1076 1236 1206 1322 castigat

40 1311 187 1388 Christus,
207 1312 275 1393 quia
295 1332 396 1394 parum
419 1309 583 1372 honorilice
604 1310 640 1371 de
660 1309 762 1371 lutum
781 1331 951 1402 regnosco
971 1313 1115 1374 sentiant:
1147 1314 1205 1376 sed

127 1161 136 1220 i
162 1159 257 1242 plagis
287 1161 395 1220 sactum
422 1158 479 1218 hoc
499 1155 680 1236 laudabitur,
704 1157 735 1216 io
763 1179 822 1237 quo
850 1159 1016 1218 damnando
1041 1171 1204 1240 tantopere
1335 1203 1339 1210 ·

37 1388 151 1450 iuterim
178 1389 233 1449 bac
256 1410 331 1452 uoce
351 1399 454 1450 testata
474 1385 532 1446 suit
550 1389 682 1467 gentium
702 1388 838 1464 vocatio,
868 1409 898 1448 ιιι
925 1409 982 1468 qua
1007 1388 1130 1452 lundata
1161 1401 1206 1450 est
1234 1403 1242 1420 ·
1374 1405 1376 1436 ¹

36 1464 108 1526 salus
133 1477 244 1526 nostra.
295 1465 453 1526 Caeterum
484 1456 643 1543 quomodo
665 1463 697 1523 in
729 1476 795 1526 toto
825 1466 937 1526 mundo
969 1462 1205 1545 praedicandum

37 1543 229 1626 Evangelium
249 1542 347 1616 luerit,
367 1539 489 1601 diximus
508 1560 572 1620 cap.
590 1545 644 1605 24:

116 1809 222 1891 (uos.)
265 1805 436 1874 murra.
459 1807 576 1872 xxvi.
624 1808 674 1875 tt.
707 1784 801 1876 runi
836 1808 916 1876 autu
947 1827 1031 1875 unus
1065 1832 1085 1876 a
1118 1809 1208 1877 anuo-

37 1911 154 1992 decim,
181 1916 236 1998 qui
265 1909 435 1980 dicebatur
456 1910 552 1977 ludas
575 1913 758 1992 iscariotes,
786 1913 838 1980 ad=
855 1917 1018 2002 principes
1046 1913 1207 1980 saeertlo·
1264 1987 1271 1994 ,

31 2025 107 2100 tum.
159 2015 209 2082 15.
240 2017 282 2082 Et
312 2021 356 2082 ait
381 2015 461 2096 illis,
492 2010 572 2102 quid
598 2013 696 2081 vultis
723 2015 800 2081 mibi
825 2017 920 2096 dare,
952 2026 985 2082 et
1016 2039 1077 2104 ego
1102 2013 1208 2084 volbis

34 2121 157 2186 tradam
179 2117 291 2184 illum?
332 2117 445 2184 Atilii
466 2119 701 2183 constituenmt
723 2120 755 2182 ei
775 2123 903 2206 triginta
924 2128 1105 2204 argenteos.
1146 2119 1229 2208 titi.¹

33 2223 72 2290 Et
96 2243 140 2290 ex
161 2243 203 2288 eo
224 2233 370 2307 tempore
392 2219 876 2306 quaerehat'opportuoitatem,
896 2235 931 2290 ut
953 2243 1027 2288 eum
1049 2219 1206 2286 traderet.
1311 2241 1316 2268 ι

33 2329 82 2396 17.
114 2325 304 2394 ·Caetcrum
343 2321 448 2404 primo
488 2321 541 2385 die
575 2323 773 2406 Azymorum
813 2333 1016 2390 accesserunt
1049 2315 1206 2408 discipuli

31 2427 73 2494 ad
102 2429 224 2501 lesum,
261 2418 406 2487 dicentes
439 2425 485 2500 ei,
519 2422 587 2490 Ubi
619 2428 668 2490 vis
700 2445 849 2510 paremus
879 2423 939 2506 tibi
966 2423 1007 2490 ad
1035 2423 1204 2494 edendum

31 2526 180 2594 Pascha?
231 2524 280 2589 18.
313 2523 356 2588 At
387 2523 443 2589 ille
479 2526 570 2604 dixit,
605 2528 651 2592 lte
678 2529 712 2592 in
740 2524 852 2592 urbem
880 2528 923 2594 ad
942 2528 1130 2615 ¹quendam,
1170 2541 1205 2596 et

32 2633 134 2696 dieite
157 2628 206 2703 ei,
233 2625 390 2710 Magister
414 2629 506 2708 dicit,
534 2631 678 2715 Tempus
698 2649 803 2694 meum
832 2653 935 2718 prope
964 2643 1027 2697 est:
1057 2630 1149 2716 apud
1170 2642 1205 2698 te

33 2737 120 2800 lacio
144 2729 267 2795 Pascha
293 2751 364 2794 cum
397 2730 564 2820 discipulis
592 2734 679 2796 meis.
723 2733 772 2797 19.
798 2731 841 2796 Et
868 2734 1014 2800 lecerunt
1041 2731 1207 2816 discipuli,
1305 2733 1310 2738 '
1374 2727 1375 2754 ¹

31 2843 116 2904 sicut
137 2836 302 2902 constituit
321 2833 388 2898 illis
408 2835 511 2914 lesus,
539 2848 571 2903 et
592 2846 785 2924 paraverunt
806 2835 937 2904 Pascha.
977 2837 1029 2903 20.
1049 2837 1205 2923 Vespere

33 2953 143 3008 autem
166 2938 250 3004 lacto
274 2935 438 3004 discubuit
460 2960 530 3004 cum
553 2936 736 3004 duodecim.

117 3121 260 3192 MARC·
282 3123 368 3189 XIV.
410 3125 460 3192 1⁰.
486 3124 528 3190 Et
554 3123 650 3190 ludas
671 3125 841 3192 lseariotes
868 3146 951 3190 unus
978 3147 998 3191 e
1025 3123 1208 3194 duodecim

34 3231 115 3298 abiit
158 3229 199 3294 ad
237 3247 376 3292 summos
411 3229 609 3306 sacerdotes,
648 3237 684 3292 ut
714 3227 869 3314 proderet
903 3249 975 3292 eum
1014 3227 1088 3294 illis
1154 3231 1205 3295 11.

34 3335 113 3418 Quuo
138 3329 250 3396 audito
272 3324 320 3394 illi
342 3332 441 3414 gavisi
461 3341 550 3409 sunt,
584 3341 616 3396 et
639 3329 779 3421 polliciti
806 3343 880 3398 sunt
907 3335 938 3396 ei
966 3337 1141 3418 pecuniam
1168 3355 1206 3400 se

33 3437 184 3500 daturos:
218 3441 251 3496 et
282 3432 474 3518 quaerebat,
506 3433 672 3520 quomodo
707 3445 910 3522 opportune·
928 3431 1018 3502 illum
1048 3435 1206 3502 traderet.

34 3537 82 3602 12.
111 3537 163 3600 Ac
187 3537 291 3622 primo
321 3535 374 3604 die
399 3539 610 3620 Armorum,
637 3559 735 3623 quum
758 3537 880 3603 Pascha
909 3538 1125 3616 immolarent,
1155 3538 1208 3603 di-

32 3645 111 3706 cunt
130 3637 188 3704 u'lli
216 3637 367 3724 discipuli
394 3643 459 3715 sui,
493 3639 571 3728 Quo
597 3643 661 3718 vis,
696 3651 730 3706 ut
760 3663 881 3720 eamus,
910 3652 943 3707 et
970 3663 1132 3730 paremus,
1168 3653 1209 3709 ut

33 3745 113 3812 edas
142 3742 285 3807 Pascha?
328 3742 377 3806 tt
406 3743 449 3810 Et
474 3747 587 3810 emittit
615 3744 697 3810 duos
720 3766 738 3808 e
761 3743 926 3830 discipulis
952 3747 1034 3822 suis,
1059 3754 1093 3809 et
1120 3743 1209 3810 dicit
1237 3816 1241 3828 ¹

32 3847 117 3926 illis,
147 3845 194 3911 lte
215 3849 248 3910 in
272 3842 400 3923 urbem,
428 3857 461 3912 et
482 3857 631 3913 occurret
651 3845 747 3913 vobis
768 3847 867 3913 bomo
888 3846 1035 3934 hydriam
1066 3846 1206 3914 fictilem

33 3971 142 4038 aquae
169 3948 299 4036 plenam
321 3946 486 4016 baiulans:
513 3952 684 4037 sequimini
710 3950 811 4016 illum.
855 3952 906 4017 14.
933 3951 975 4016 Et
1003 3936 1210 4037 quocunque

32 4059 199 4141 ingressus
224 4053 337 4131 luerit,
366 4052 463 4121 dicite
488 4053 723 4143 patrifamilias,
751 4055 907 4138 Magister
932 4052 1024 4130 dicit,
1053 4049 1121 4118 Ubi
1151 4065 1210 4120 est

32 4157 263 4238 diversorium,
290 4157 348 4224 irbi
370 4158 491 4225 Pascha
522 4181 592 4225 cuum
621 4155 787 4243 discipulis
813 4158 892 4222 meis
920 4154 1033 4220 edam?
1081 4156 1131 4222 15.
1155 4159 1182 4223 F
1186 4161 1211 4225 :t

34 4261 92 4325 ille
129 4257 224 4326 vohis
255 4261 406 4328 ostendet
438 4259 609 4328 triclinium
639 4281 786 4346 maguum
814 4269 960 4324 stratum:
993 4257 1062 4323 illic
1086 4273 1211 4347 parate

33 4364 142 4432 nobis.
186 4365 235 4430 16.
262 4365 303 4430 Et
326 4367 473 4432 exierunt
495 4362 645 4450 discipuli
666 4368 749 4440 eius,
781 4374 813 4428 et
839 4373 999 4428 uenerunt
1025 4366 1058 4429 io
1087 4369 1210 4432 uiritan-
