2764 4854
293 147 300 170 .
715 165 716 173 ,

175 217 234 280 aot
405 209 522 274 SEGT.
543 207 624 270 xtx.
664 221 798 270 cunrsrr
818 223 936 270 rsssro
956 223 998 268 rr
1019 223 1122 273 nous,

178 385 213 428 ex
231 365 305 428 urhe
325 364 409 444 quael
426 363 580 446 iudignum
602 362 754 424 bominum
774 363 939 436 consortio,
958 372 992 422 nt
1011 382 1066 422 uos
1085 362 1117 422 ln
1137 359 1278 423 coeleste
1299 383 1347 422 re-

201 463 270 502 num
295 461 378 502 suum
404 461 470 502 cum
494 439 608 522 angelis
632 439 763 520 recipiat
811 440 886 500 Ideo
905 439 1067 520 Apostolus
1091 439 1125 498 in
1142 438 1288 518 Epistola
1314 439 1347 498 ad

95 585 99 592 ,
178 462 509 597 llehraeos(13‚12·)
541 516 579 578 ad
602 516 842 598 veterembegis
867 515 989 598 liguram
1015 515 1072 577 boc
1097 515 1202 588 relert.
1249 515 1348 575 Sicuti

180 595 258 656 enim
274 593 491 655 iubebatDeus
502 604 581 654 extra
601 603 694 654 castra
714 589 851 654 comburi
867 591 1035 652 animalium
1055 612 1197 672 corpora,
1217 611 1347 670 quorun

178 670 296 753 sanguis
315 691 372 751 pro
393 670 559 751 expiatione
580 669 611 730 iu
627 669 830 730 sanctuarium
851 667 1047 729 inferebatur:
1069 669 1109 730 ita
1123 668 1283 730 Christum
1304 668 1348 726 di-

179 747 221 808 cit
240 767 387 829 egressum
408 768 469 808 esse
490 769 524 808 ex
542 757 630 827 porta
648 743 740 822 urbis,
758 757 792 806 ut
807 757 939 825 suscepta
951 745 1172 817 maledictione,
1193 765 1274 823 qnae
1295 766 1347 804 nos

178 821 349 904 premebat,
380 824 461 903 quasi
480 822 644 884 reiccticius
663 822 763 898 lieret,
792 834 880 902 atque
901 823 959 882 boc
977 822 1067 882 modo
1088 821 1230 901 expiaret
1249 833 1348 881 nostra

179 911 322 981 peccata..
340 899 412 976 Quo
424 911 520 960 autem
532 899 597 980 plus
617 896 799 992 ignominiae
820 897 923 978 probri
947 919 982 959 ue
1003 918 1103 959 coram
1123 899 1244 957 mundo
1264 899 1347 956 susti-

178 977 261 1052 nuit,
292 997 329 1037 eo
354 977 465 1060 gratius
491 987 522 1038 et
539 975 669 1036 nobilius
688 975 720 1036 in
739 987 836 1036 morte
862 996 913 1035 sua
963 995 999 1036 eo
1019 987 1051 1035 et
1070 997 1107 1035 an
1132 975 1187 1034 elis
1209 974 1348 1053 praebuit

131 1063 132 1071 ’
179 1050 386 1143 spectaculum.
415 1053 521 1134 Neque
542 1051 620 1112 enim
641 1050 757 1114 obstitit
775 1052 835 1114 loci
853 1051 991 1126 foeditas,
1011 1052 1081 1133 quin
1101 996 1164 1112 tlte
1180 1051 1347 1132 gloriosum

178 1125 320 1190 victoriae
340 1150 409 1190 suae
429 1141 583 1210 tropaeum
603 1130 745 1221 erigeret:
765 1149 864 1220 neque
884 1128 985 1188 soetor
1003 1129 1192 1203 cadaverum,
1213 1149 1295 1206 quae
1314 1128 1347 1185 il-

179 1205 217 1266 lic
237 1205 389 1280 iacebant,
409 1207 565 1286 quominus
584 1225 678 1266 suavis
697 1206 830 1266 sacrificu
850 1205 912 1267 eius
931 1205 1008 1266 odor
1026 1205 1155 1285 spiraret
1176 1225 1235 1284 per
1255 1216 1346 1264 totum

181 1281 355 1359 orbem,.et
374 1281 404 1341 in
422 1283 540 1344 coelum
560 1303 652 1362 usque
671 1293 851 1364 penetraret.

256 1365 304 1434 34.
342 1358 495 1420 uadem
512 1363 539 1420 ei
556 1373 676 1420 aruum.
717 1359 896 1439 Quanquam
920 1377 982 1418 non
1002 1356 1043 1418 ita
1062 1356 1185 1418 curiose
1206 1357 1347 1440 digerunt

180 1435 388 1518 Evangelistac
406 1435 522 1518 singula
547 1456 682 1517 quaeque
707 1435 814 1498 ordine
839 1457 909 1509 suo,
946 1445 980 1494 ut
1004 1433 1102 1493 notari
1127 1445 1218 1494 certo
1241 1446 1347 1514 queant

180 1522 347 1592 temporum
367 1525 530 1575 momenta:
550 1521 567 1574 e‘
590 1524 718 1574 otameu
730 1511 879 1593 probabili
896 1510 1011 1572 ratione
1024 1510 1168 1586 coniieio,
1190 1523 1345 1590 antequam

111 1613 120 1636 ν
180 1588 338 1662 tolleretur
361 1591 393 1649 in
418 1610 536 1652 crucem
558 1531 721 1664 llominus,
773 1609 808 1650 ro
834 1608 917 1650 more
941 1599 1112 1666 porrectum
1137 1609 1176 1648 ex
1201 1588 1297 1648 calice
1322 1587 1346 1646 ei

180 1664 268 1726 luisse
289 1667 468 1748 myrrhatum
487 1665 604 1742 viuum,
631 1665 679 1727 vel
700 1609 909 1746 qualiscunque
929 1663 1019 1726 suerit
1038 1665 1182 1738 mixtura,
1207 1685 1296 1744 quam
1315 1685 1346 1722 er

113 1802 116 1814 ,
181 1730 251 1802 lelle
278 1763 398 1824 quoque
423 1755 455 1803 et
478 1754 563 1804 aceto
589 1742 755 1804 conlectam
779 1741 868 1803 luisse
887 1751 976 1822 patet.
1016 1741 1094 1800 Satis
1122 1742 1248 1820 quidem
1273 1741 1345 1800 iuter

180 1835 283 1878 omues
303 1819 366 1880 lere
385 1819 562 1910 interpretes
581 1819 737 1896 convenit,
763 1819 906 1882 diversam
926 1817 1013 1879 luisse
1033 1819 1109 1878 hauc
1130 1819 1292 1898 potionem
1311 1817 1343 1876 ab

182 1913 228 1968 ea,
247 1894 329 1956 cuius
348 1896 632 1970 meminrtloanues,
651 1907 681 1956 et
701 1895 737 1958 de
778 1917 816 1957 ua
834 1895 922 1955 etiam
942 1895 1031 1974 paulo
1051 1895 1262 1975 postdieetur.
1282 1895 1345 1953 lloc

181 1979 294 2030 tautum
314 1972 401 2048 addo,
421 1971 493 2032 mihi
511 1971 607 2034 videri
626 1971 713 2032 luisse
733 1918 865 2035 oblatum
884 1969 1004 2032 calicem
1019 1972 1170 2047 Domino,
1191 1993 1282 2052 quum
1301 1992 1343 2030 es·

181 2055 228 2106 set
246 2047 475 2130 cmcifigendus:
526 2059 658 2132 ostquam
678 2069 750 2111 vero
772 2049 890 2119 emmiu
908 2047 1033 2109 sublime
1055 2061 1157 2110 erecta
1179 2049 1250 2122 luit,
1275 2059 1342 2106 tune

181 2119 299 2184 demum
323 2123 478 2207 spongiam
497 2069 597 2186 iniisse*
612 2126 766 2208 ingestam.
806 2125 936 2200 Quando
955 2137 1053 2186 autem
1072 2137 1182 2206 potum
1199 2123 1344 2203 inceperit

178 2211 296 2290 petere,
316 2201 400 2262 anxie
420 2221 483 2262 nou
503 2202 635 2283 disputo:
655 2203 679 2263 si
699 2214 798 2266 tamen
819 2202 919 2263 omnia
935 2201 1055 2264 interse
1068 2203 1263 2273 conferimus,
1281 2222 1341 2261 uon

68 2299 71 2313 ⁴
181 2275 366 2340 ahenumest
377 2300 393 2339 a
404 2279 706 2360 ratione-postquam
725 2290 910 2341 recusaverat
928 2297 1056 2340 amaram
1073 2277 1159 2356 illam
1180 2279 1342 2340 confectio-

181 2353 404 2429 aemunitate
423 2353 543 2416 ludibrii
562 2377 648 2418 causa
665 2354 709 2416 illi
728 2356 817 2418 luisse
833 2354 992 2420 obtrusum.
1029 2357 1108 2416 Nam
1129 2369 1238 2436 postea
1255 2353 1341 2414 subii-

181 2428 241 2491 ciet
259 2431 434 2508 Matthaeus,
452 2430 561 2494 milites
580 2433 659 2494 inter
700 2445 782 2495 otum
801 2431 929 2494 dandum
950 2431 1158 2514 exprobrasse,
1177 2437 1262 2513 quod
1280 2454 1310 2494 se
1327 2455 1341 2494 a

181 2519 279 2598 morte
301 2510 418 2589 eripere
437 2529 499 2570 non
516 2513 628 2645 posset.
667 2455 757 2572 [lude
777 2507 960 2591 colligimus,
984 2509 1106 2570 obiecto
1126 2512 1285 2588 remedio,
1306 2517 1340 2574 ri-

180 2603 251 2645 sisse
270 2584 512 2665 impotentiamC
536 2585 609 2662 risti,
628 2588 697 2670 quia
716 2597 893 2667 conquestus
912 2583 1009 2646 suerat
1026 2607 1058 2647 se
1078 2587 1183 2646 aDeo
1204 2590 1342 2652 relictum.

183 2659 277 2735 Quod
296 2663 333 2722 ad
350 2662 470 2724 Ioannis
490 2661 641 2724 historiam
658 2674 783 2744 spectat,
801 2683 893 2722 unum
914 2663 969 2724 boc
988 2675 1094 2724 tencre
1113 2662 1240 2742 sufficit,
1260 2669 1341 2732 chat
1378 2663 1379 2736 ξ

181 2748 258 2797 stum
278 2738 315 2798 'ad
333 2735 485 2800 levandam
505 2738 583 2799 sitim
608 2759 744 2823 rogasse,
771 2750 806 2798 ut
828 2739 885 2798 sihi
911 2739 1029 2801 daretur
1054 2741 1227 2804 communis
1254 2759 1341 2828 potus,
1378 2745 1379 2812 ἔ

181 2825 296 2874 acetum
315 2833 388 2878 vero
408 2815 525 2897 myrrha
544 2829 575 2875 et
594 2815 664 2879 lelle
686 2817 805 2878 mixtum
825 2815 1032 2877 accelerandae
1058 2815 1166 2876 mortis
1191 2839 1280 2883 causa
1305 2825 1341 2884 illi
1378 2821 1379 2824 ’

183 2889 336 2954 obtrusum
361 2890 458 2952 luisse.
496 2892 590 2970 Atqui
609 2894 759 2975 patienter
777 2891 894 2952 ferebat
912 2913 980 2954 suos
1001 2894 1165 2966 cruciatus,
1186 2910 1224 2958 ut
1238 2901 1339 2961 doloris

182 2969 282 3030 taedio
307 2968 411 3028 mortis
435 2967 655 3032 destinationem
678 2969 799 3046 minime
822 2979 984 3050 expeteret.
1021 2971 1097 3030 Nam
1124 2983 1158 3030 et
1183 2971 1259 3036 haee
1281 3000 1339 3058 pars

183 3045 319 3106 sacrificii
340 3054 370 3104 et
389 3043 577 3108 obedieutiae
598 3049 658 3118 eius
679 3057 754 3122 erat,
772 3046 820 3106 lan
845 3046 923 3107 uoris
942 3049 1101 3110 moramad
1120 3057 1340 3114 extremumus-

183 3141 242 3200 que
261 3121 396 3184 sollerte.
422 3126 519 3186 Porro
539 3125 680 3187 falluntur
698 3143 766 3186 meo
781 3065 905 3200 iudicio,
925 3123 976 3203 qui
995 3123 1073 3184 inter
1085 3127 1204 3208 reliqua
1215 3140 1340 3192 tormen-

182 3210 213 3258 ta
232 3198 309 3260 Filio
329 3199 389 3260 Dei
407 3201 566 3263 crudeliter
584 3202 695 3263 inflicta
714 3211 830 3264 acesmn
855 3214 1018 3262 numerant.
1057 3201 1155 3285 Magis
1180 3206 1340 3284 probabilis
1378 3213 1379 3272 i

183 3287 348 3366 estneorum
368 3277 547 3355 coniectura,
567 3279 617 3372 qui
634 3289 741 3359 putant
759 3278 817 3338 boc
858 3277 969 3338 otiouis
987 3299 1082 3359 genus
1102 3279 1262 3363 egdreudo
1279 3307 1340 3346 san-
1378 3275 1379 3284 ¹

183 3373 267 3436 grum
287 3366 386 3434 aptum
405 3354 507 3430 luisse,
533 3368 563 3417 et
581 3357 650 3435 ideo
670 3353 808 3415 maleficis
828 3297 890 3422 dbri
909 3353 1044 3429 solitum,
1069 3375 1129 3435 quo
1157 3379 1240 3418 mors
1265 3363 1341 3441 ipso-
1378 3379 1379 3430 ᾗ

182 3451 248 3491 rum
269 3441 345 3490 esset
363 3431 502 3493 celerior:
521 3432 590 3495 ideo
602 3433 717 3492 Marcus
733 3431 833 3492 vinum
852 3431 1032 3524 myrrhatum
1052 3434 1193 3514 appellat.
1236 3437 1342 3498 Caete-
1378 3445 1379 3488 t

183 3505 402 3590 rumehristus
431 3509 694 3590 (quemadmodum
718 3527 815 3588 nuper
833 3507 950 3591 attigi),
976 3529 1037 3568 nou
1062 3519 1123 3569 tam
1149 3512 1343 3574 amaritudine

184 3583 316 3647 ostensus
335 3585 436 3647 viuum
454 3584 502 3648 vel
522 3598 636 3648 acetum
654 3585 781 3665 respuit,
806 3604 892 3663 quam
912 3595 945 3645 ut
963 3586 1151 3662 ostenderet,
1174 3608 1207 3648 se
1227 3590 1343 3668 placide

183 3663 344 3726 seeundum
363 3661 458 3734 Patris
477 3664 647 3725 mandatum
666 3661 702 3722 ad
720 3671 847 3722 mortem
867 3661 1024 3744 progredi,
1046 3683 1109 3722 nou
1128 3676 1228 3724 autem
1247 3667 1343 3748 impa-

184 3742 287 3803 tientia
313 3739 425 3802 doloris
451 3739 641 3822 praecipitem
662 3759 756 3799 ruere.
794 3739 859 3798 Nec
882 3736 982 3798 obstat
1006 3739 1086 3817 quod
1110 3741 1183 3800 dicit
1202 3741 1344 3816 Ioannes,

182 3821 223 3878 im
246 3817 334 3879 letatn
360 3817 448 3878 scrisse
474 3817 672 3897 Scripturam,
690 3817 722 3874 in
739 3817 788 3876 siti
805 3835 870 3875 meo
890 3829 1028 3898 potam
1046 3837 1091 3874 mo
1109 3831 1190 3877 uodo
1207 3819 1278 3956 fs.
1297 3829 1343 3890 ω,

183 3841 255 3986 113.
294 3895 369 3954 Nam
390 3905 544 3974 utrumque
570 3891 683 3972 optime
707 3891 860 3954 convenit:
885 3893 983 3952 datum
1010 3891 1097 3952 fuisse
1121 3914 1204 3954 reme
1229 3896 1290 3957 'um
1310 3899 1343 3958 ad

185 3971 330 4032 timendos
349 3969 447 4032 lentae
466 3971 567 4030 mortis
588 3969 749 4042 cruciatus,
774 3980 805 4028 et
827 3979 926 4028 umen
951 3967 1064 4028 duriter
1087 3970 1186 4031 modis
1207 3977 1343 4034 omnibus
1378 3989 1379 4030 l

184 4047 326 4108 alllictum
347 4047 436 4107 luisse
455 4047 621 4120 Christum,
645 4058 678 4105 ut
697 4045 791 4124 ipsum
817 4065 937 4126 quoque
956 4045 1089 4109 levamen
1111 4067 1177 4125 pars
1199 4063 1279 4111 esset
1297 4050 1340 4110 vel
1378 4043 1379 4116 ἶ

185 4123 312 4184 accessio
333 4123 454 4183 doloris.
857 4163 860 4170 ·
1378 4121 1379 4200 l

128 4235 130 4246 =
210 4249 212 4256 Α
259 4203 307 4262 ab
346 4199 516 4260 Ditiserum
533 4201 702 4260 uesttmentu.
728 4194 809 4273 'Huc
835 4217 955 4277 quoque
975 4217 1008 4257 ex
1028 4203 1246 4264 cousuetudine
1266 4203 1340 4262 miti-
1378 4207 1379 4212 ’

185 4281 228 4330 te's
248 4271 350 4333 iecisse
371 4287 482 4336 certum
501 4288 556 4350 est,
575 4275 656 4413 quod
676 4273 802 4335 hominis
822 4273 950 4335 damnati
975 4274 1069 4352 spolia
1090 4275 1169 4340 iuter
1187 4301 1223 4341 se
1242 4278 1340 4359 partiti

2 4331 3 4390 i
115 4416 121 4424 ,
185 4358 266 4408 sunt:
287 4367 375 4409 uuum
395 4350 474 4414 forte
493 4353 579 4434 singu
591 4371 641 4415 are
662 4349 727 4427 luit,
748 4350 829 4431 quod
848 4364 958 4416 sortem
972 4351 1114 4414 miseruut
1132 4378 1224 4436 super
1244 4355 1340 4418 tunica

724 4519 728 4548 l
