2766 4840
169 209 228 278 m
522 223 534 249 *·
605 193 608 200 ’
629 201 744 266 SECT.
764 201 877 264 XVIII.

170 359 252 418 nium
273 359 374 431 edidit,
394 357 461 418 dum
482 379 513 420 se
532 357 674 438 patefecit
685 357 715 417 in
728 357 848 418 Christo
860 375 928 418 sno:
950 357 1079 437 ideoque
1089 356 1196 419 Paulus
1216 359 1327 440 primae
1372 381 1373 402 ¹

171 435 208 495 ad
228 436 417 496 Timotheum
434 443 469 512 2,
488 442 518 501 6.
536 436 594 494 suis
613 434 796 515 temporibus
816 434 847 493 in
866 433 962 495 lucem
1005 435 1126 495 rodiisse
1148 437 1239 511 dicit,
1287 441 1328 499 uia

170 511 243 575 baec
262 525 375 572 matura
396 525 459 572 crat
478 512 685 593 opportunitas
704 511 795 570 totius
814 511 916 571 mundi
936 513 971 572 ad
1024 533 1089 571 eum
1108 513 1248 574 vocandi.
1265 460 1328 574 qDi-

171 607 284 648 scamus
304 609 388 669 ergo,
407 591 524 668 quoties
536 587 934 668 praedicaturEvangelium,
955 588 1078 670 periude
1095 609 1162 660 ¹esse
1183 591 1245 649 acsi
1254 589 1328 652 Deus
1372 585 1373 618 l

101 717 104 735 ,
168 663 232 744 ipse
251 666 283 724 in
302 666 430 725 medium
450 665 594 746 prodiret,
613 664 865 744 nosquesollenni
880 665 1055 748 etlegitimo
1069 665 1128 724 ritu
1149 679 1329 727 contestare-

167 751 233 814 tur,
252 762 290 802 ne
309 743 416 802 incerti
433 762 574 823 vagemur
593 741 623 800 in
643 738 790 802 tenebris:
812 741 952 820 quivero
969 762 1077 822 parere
1097 742 1247 816 abnuunt,
1266 746 1328 804 red·
1373 727 1374 756 ¹

170 817 277 878 dantur
294 817 512 880 inexcusabiles.
553 819 641 878 Tunc
664 821 753 876 variet
775 823 989 878 consurnmmio.
1034 817 1165 894 Quidam
1193 819 1232 878 ad
1258 821 1328 880 exei-

171 895 250 954 dium
270 894 384 975 templi,
403 906 434 954 et
444 895 536 968 cultus
552 893 654 978 legalis
666 893 859 958 abolitionem
892 915 1024 976 erperam
1036 896 1142 956 restrin
1168 907 1234 969 unt,
1254 899 1327 986 quod

170 969 208 1030 de
229 971 287 1030 hne
300 983 339 1054 ,⁹¹
357 971 549 1033 renovatione
569 971 670 1030 mundi
690 968 816 1051 intelligi
837 917 937 1032 debet.
961 973 1034 1032 Nam
1056 915 1271 1052 quiarfiscipulr
1284 971 1327 1032 illa

170 1047 231 1108 duo
250 1047 334 1108 simul
353 1049 545 1122 miscuerant,
596 1047 656 1106 uasi
682 1046 774 1107 everti
794 1067 855 1106 non
875 1060 975 1127 posset
993 1047 1138 1128 templum
1157 1049 1222 1108 sine
1241 1051 1328 1108 totius

167 1126 270 1186 mundi
289 1125 384 1200 ruina,
405 1124 538 1185 Christus
558 1069 594 1184 ad
614 1124 796 1204 propositam
816 1123 1018 1202 quaestionem
1028 1127 1212 1204 respondens
1223 1127 1326 1186 admo·

168 1201 245 1276 nuit,
265 1202 384 1284 longam
406 1213 435 1262 et
454 1202 566 1262 tristem
585 1200 729 1260 malorum
750 1199 841 1260 Iliada
861 1200 983 1261 instare:
1003 1223 1059 1262 nec
1079 1212 1147 1261 ante
1167 1201 1222 1260 illis
1242 1202 1326 1262 sesti-

169 1278 300 1338 nandum
313 1297 375 1338 esse
393 1279 429 1338 ad
465 1278 579 1352 almam,
599 1298 685 1357 quam
705 1275 802 1337 multis
822 1279 1029 1340 certaminibus
1050 1289 1081 1337 et
1098 1277 1240 1337 molestiis
1259 1299 1328 1358 per-
1374 1329 1375 1352 ,

168 1353 263 1416 suncti
290 1365 397 1415 essent.
441 1299 492 1416 lic
516 1375 589 1448 ergo
614 1352 723 1414 resolvi
747 1351 837 1430 debet
861 1353 918 1414 hoc
949 1367 1129 1435 postremum
1154 1355 1328 1430 membrum,

168 1432 240 1492 Non
261 1436 330 1494 ante
350 1433 488 1492 adveniet
508 1433 573 1492 hms
588 1429 706 1505 saeculi,
727 1451 812 1520 quam
833 1430 911 1490 duris
932 1443 962 1491 et
981 1431 1137 1492 laboriosis
1157 1433 1327 1492 tentationi-

169 1509 224 1569 bus
237 1509 398 1570 Ecclesiam
413 1530 506 1572 meam
528 1509 578 1568 diu
599 1527 790 1568 exercuerim:
811 1527 879 1566 nam
899 1507 988 1568 falsae
1008 1507 1227 1590 imaginationi,
1246 1529 1328 1588 mam

169 1586 247 1665 apud
267 1607 298 1646 se
318 1606 412 1645 conce
435 1597 519 1646 erant
536 1583 691 1664 Apostoli,
714 1583 885 1663 opponitur.
925 1585 1013 1646 Unde
1038 1605 1137 1644 rursus
1159 1585 1327 1645 discendum

168 1674 229 1736 est,
261 1681 323 1722 non
343 1607 466 1742 praobgi
486 1674 598 1722 certum
618 1660 712 1733 diem,
741 1659 799 1719 acsi
819 1680 937 1736 eorum,
964 1682 1038 1741 quae
1059 1681 1157 1742 nuper
1179 1663 1326 1740 praedixit,

168 1749 315 1809 eventum,
326 1739 469 1798 continuo
489 1738 585 1798 statim
605 1749 710 1798 tenore
729 1735 847 1796 ultimus
867 1736 929 1798 dies
950 1739 1112 1818 exciperet:
1128 1757 1215 1797 mam
1240 1759 1324 1818 quae-

168 1835 285 1892 cunque
305 1837 338 1873 su
361 1813 550 1896 relegimus,
581 1813 695 1893 pridem
715 1812 826 1892 experti
844 1826 913 1874 sunt
931 1813 1045 1888 fideles,
1066 1834 1123 1874 nec
1142 1825 1245 1874 tamen
1265 1835 1324 1874 mox

167 1909 205 1970 ap
229 1890 306 1948 aruit
337 1889 467 1951 xhristus.
492 1891 603 1949 Verum
624 1909 685 1948 non
705 1888 783 1949 aliud
804 1890 858 1948 suit
878 1891 939 1950 eius
959 1891 1125 1964 eonsilium,
1146 1891 1324 1970 quam'hpo-

168 1912 251 2026 erodis
270 1967 392 2026 nimium
418 1965 524 2046 c'upide
550 1967 585 2028 ad
610 1963 770 2025 coelestem
794 1965 920 2048 gloriam
943 1967 1197 2028 transvolantibus
1218 1969 1324 2026 frenum

166 2042 343 2103 tolerantiae
363 2042 497 2102 iniicere:
517 2043 575 2102 acsi
596 2043 723 2119 dixisset,
741 2063 803 2102 non
823 2043 863 2103 ita
880 2044 940 2104 cito
951 2044 1048 2120 utsibi
1062 2044 1212 2105 linxerant
1223 2045 1322 2104 inaure

168 2119 419 2202 redemptIonem,
438 2122 489 2182 sed
510 2119 702 2202 interpositos
723 2139 785 2182 esse
804 2121 912 2205 longos
931 2122 1087 2182 anfractus.
1105 2123 1124 2154 a

252 2405 357 2488 (187.)
398 2404 569 2494 ΜᾼΤΤΗ.
589 2407 704 2475 XXIV.
754 2411 803 2478 15.
836 2411 946 2499 Qttum
973 2430 1050 2495 ergo
1074 2407 1226 2474 videritis
1253 2404 1323 2471 abo·
1376 2449 1377 2470 .

168 2509 376 2576 minationem
399 2509 624 2592 desolationis,
655 2515 738 2600 qudo
769 2515 856 2582 dicta
885 2528 934 2583 est
955 2537 973 2580 a
993 2511 1133 2577 Daniele
1158 2509 1325 2597 Propheta,

167 2621 304 2678 stantem
330 2613 365 2677 in
391 2613 466 2684 loco
493 2627 604 2682 sancto
633 2621 705 2705 (qui
731 2615 809 2706 legit
835 2619 1025 2705 intelligat)=
1068 2615 1117 2680 16.
1148 2615 1248 2678 'Iunc
1274 2614 1325 2698 qui

167 2717 203 2780 in
223 2715 343 2781 Iudaea
370 2729 457 2799 sunt,
488 2720 610 2804 lugiunt
636 2722 679 2788 ad
706 2732 840 2790 montes.
889 2726 940 2791 17.
973 2721 1042 2807 Qui
1068 2721 1230 2794 iniecit),
1262 2737 1325 2781 1¹⁰⁰

170 2815 360 2896 descendat,
391 2831 427 2884 ut
453 2820 548 2886 tollat
576 2826 747 2912 quicquam
775 2825 816 2892 de
839 2827 937 2894 domo
959 2848 1031 2890 sua:
1072 2821 1122 2888 18.
1154 2821 1197 2887 Et
1219 2823 1326 2907 quiin

168 2940 262 3006 agro,
294 2916 360 2986 nori
383 2934 575 3003 revertatur,
608 2936 644 2989 ut
665 2925 758 2992 tollat
779 2941 887 2995 vestes
913 2951 996 3001 suaa
1051 2928 1101 3012 19.
1120 2927 1195 2990 Vae
1223 2933 1326 2988 autem

167 3020 420 3107 praegnantibus
448 3036 480 3090 et
504 3024 697 3093 lactantibus
724 3031 758 3096 ln
788 3029 853 3098 illis
887 3029 1013 3096 diebus.
1053 3031 1103 3108 20.
1137 3027 1247 3094 Orate
1274 3049 1326 3092 au-

166 3135 247 3205 tem,
265 3136 301 3192 ut
321 3146 388 3192 non
410 3126 468 3192 liat
488 3126 563 3214 luga
584 3142 691 3209 vestra
712 3133 845 3220 hyeme,
866 3156 974 3222 neque
995 3133 1141 3200 sabbato.
1185 3131 1240 3196 21.
1260 3131 1326 3196 Erit

143 3232 254 3296 xenim
281 3239 359 3296 tunc
384 3229 516 3297 aillictio
542 3255 671 3321 magna,
713 3237 817 3322 qualis
844 3258 912 3304 non
939 3237 1000 3303 tuit
1028 3237 1068 3302 ah
1097 3235 1192 3303 initio
1216 3234 1327 3302 mundi

168 3330 301 3400 adhoc
335 3355 438 3422 usque
470 3346 610 3424 ternpus,
651 3358 760 3426 neque
793 3339 862 3406 fiet.
911 3342 963 3406 22.
995 3341 1038 3406 Et
1069 3343 1134 3406 nisi
1169 3339 1327 3406 decurtati

164 3437 302 3503 fuissent
323 3436 394 3502 dies
413 3437 475 3519 illi,
517 3461 585 3510 non
613 3441 710 3508 fleret
735 3443 823 3508 salva
845 3447 949 3509 omnis
971 3466 1071 3512 caros
1104 3443 1166 3510 sed
1191 3453 1326 3530 propter

73 3539 86 3558 ¹
165 3540 289 3608 electos
318 3539 571 3611 decurtabantur
599 3545 669 3612 dies
696 3542 754 3610 illi.
805 3544 855 3610 23.
888 3547 982 3612 Τυυο
1006 3549 1033 3612 si
1061 3548 1134 3633 quis
1160 3545 1252 3612 vobis
1274 3543 1327 3608 di-

163 3649 259 3724 xerit,
299 3645 385 3713 Ecce
407 3647 459 3713 hic
481 3645 627 3714 Christus
649 3660 703 3714 aut
723 3648 805 3727 illio,
846 3648 949 3714 nolite
969 3648 1113 3716 credere.
1169 3650 1219 3715 24
1244 3647 1325 3714 Sur-

136 3817 141 3826 ,
162 3758 240 3838 gent
261 3751 346 3816 enim
366 3735 604 3836 pseudochristi
626 3764 658 3818 et
679 3752 1002 3840 pseudoprophetae,
1029 3765 1061 3818 et
1088 3751 1216 3842 debunt
1234 3755 1326 3838 sigua

162 3873 277 3938 magna
305 3863 337 3918 et
361 3853 524 3938 prodigia,
565 3856 609 3919 ita
637 3867 672 3921 ut
698 3861 732 3922 in
766 3878 908 3924 errorem
935 3857 1130 3924 inducantur
1173 3863 1219 3937 (si
1250 3857 1327 3922 heri

161 3957 280 4041 possit)
307 3957 401 4021 etiam
429 3954 533 4022 eleoti.
579 3961 629 4024 25.
663 3961 748 4025 Ecce
775 3959 921 4045 praedixi
953 3959 1055 4026 vohis
1102 3961 1155 4024 26.
1183 3960 1221 4025 Si
1246 3981 1325 4045 ergo

165 4059 305 4124 dixerint
324 4057 432 4138 vobis,
453 4061 539 4130 Ecce
561 4063 595 4128 iu
617 4061 748 4130 deserto
771 4075 835 4142 est,
857 4062 959 4128 nolite
982 4067 1083 4128 exire:
1112 4085 1190 4129 ecee
1213 4065 1248 4130 in
1269 4085 1325 4148 po·

69 4251 72 4260 A
162 4160 356 4242 noualibus,
397 4164 500 4232 nolito
528 4165 672 4232 eredere.
733 4169 786 4234 27.
816 4167 906 4232 Sicut
935 4169 1020 4234 enim
1051 4165 1161 4253 fulgur
1188 4171 1255 4234 exit
1285 4166 1325 4234 ab

164 4263 305 4341 oriente,
327 4277 359 4332 et
380 4279 515 4354 apparet
537 4273 696 4360 usquein
718 4267 935 4352 occidentem,
961 4273 1004 4338 ita
1025 4273 1087 4338 erit
1110 4281 1143 4338 et
1165 4272 1324 4340 adrentus
