2778 4838
462 215 544 292 (14⁰.
585 211 702 274 Coeous
720 213 862 304 sanatus.)
1200 233 1260 296 ως

89 337 166 423 bdos
187 361 337 424 donorum
354 359 414 423 Dei
433 362 604 424 memoriam
625 364 706 428 locet
726 363 916 428 socordibus
935 371 1059 447 uostris,
1083 345 1126 434 ita
1145 375 1203 438 uisi
1223 399 1258 440 ea

87 437 201 519 sopita,
223 459 372 532 nunquam
393 437 521 521 obrepet
538 440 661 504 illorum·
676 439 800 540 oblivio.
973 522 980 536 ⁵
1136 493 1138 500 .
1357 509 1363 518 ,

168 522 223 671 2²·
255 515 1064 676 'wsmmcsmasnsmlsss
1085 523 1256 687 ,alasse

112 681 195 757 onst.
267 670 433 760 omenboe
452 690 540 760 supra
561 669 592 728 in
611 669 721 731 bonam
741 684 853 764 partem
874 673 989 753 accepit
1001 674 1145 753 Christus,
1186 703 1254 741 uum

121 757 207 805 ceret
230 743 377 806 fermento
402 748 494 806 simile
521 767 582 806 esse
609 748 819 832 Evangclrum,
848 749 900 810 sed
924 760 958 808 ut
987 751 1144 832 plurimum
1172 759 1255 818 beri-

87 831 176 900 ptura
197 821 257 914 boc
276 823 398 914 nomine
414 822 527 902 quidvis
540 823 735 884 adventicium
745 826 889 908 designat,
910 847 969 916 quo
987 828 1084 890 nativa
1097 831 1141 890 rei
1155 833 1253 924 cuius-

83 899 1253 1078 sorauretransmissasesessssassagafla‘:²³32

82 1053 1251 1210 arsibili?,attollitishafflttnltqittllll²il!

83 1199 160 1262 bere
179 1203 325 1288 intelligi,
365 1205 432 1284 quia
459 1225 521 1265 non
548 1202 603 1264 alia
630 1207 795 1286 reperietur
820 1207 972 1282 doctrina,
1011 1230 1086 1288 quae
1128 1234 1198 1273 urae
1219 1225 1250 1274 et

81 1297 206 1369 azpmae
227 1301 337 1342 nomen
357 1281 515 1374 sustineat,
529 1301 615 1372 quam
636 1302 710 1373 quae
725 1283 825 1372 ‘aDeo
846 1283 981 1373 proiecta
1000 1297 1053 1345 est
1109 1289 1187 1380 'nde'
1200 1309 1250 1384 seg

82 1367 197 1444 quanm,
217 1356 395 1418 fermentum
415 1379 514 1418 vocam
535 1359 676 1493 qorcpurd
695 1357 812 1450 abunde
831 1372 973 1421 mixturae
991 1375 1250 1456 quvqflffl‚⁵}⁰¹¹i¹
1265 1439 1277 1454 Μ

80 1442 176 1494 ettam
185 1432 294 1494 Paulus
314 1436 404 1495 docet
422 1435 580 1496 adulteram
622 1433 698 1510 dem,
717 1435 892 1515 simulatque
910 1433 1049 1500 achrsu
1062 1439 1248 1520 simplicitate

79 1505 258 1570 abducimur
277 1510 333 1591 (11.
354 1511 426 1572 Cor.
444 1520 493 1586 11,
512 1515 564 1586 b).
604 1512 667 1570 Iam
686 1511 842 1572 videndum
863 1523 917 1588 est,
936 1534 1062 1593 quorum
1082 1517 1248 1578 doctrinam

81 1586 182 1646 caveri
201 1586 274 1646 velit
292 1587 447 1648 Dominus.
479 1587 566 1649 Tunc
587 1599 667 1649 certe
709 1609 778 1649 euos
799 1587 908 1649 scribas
929 1601 959 1650 ct
977 1592 1144 1652 sacerdotes
1165 1594 1249 1654 ordi·'

78 1661 165 1721 naria
186 1675 250 1723 erat
260 1664 410 1726 Ecclesiae
429 1676 570 1744 potestas,
589 1663 620 1723 in
641 1685 690 1744 qur
714 1688 745 1724 us
758 1665 913 1747 primatum
931 1665 1075 1726 tenebant
1086 1668 1245 1730 Pharisaei.

79 1736 185 1811 Quum
205 1741 379 1801 nominatim
399 1739 436 1801 ab
457 1761 560 1801 eorum
580 1740 716 1802 doctrina
727 1741 887 1821 probibeat
901 1763 968 1828 suos
982 1741 1126 1816 Christus,
1144 1747 1244 1826 sequi-

76 1825 137 1888 tur,
156 1817 366 1898 repudiandos¹
378 1838 440 1878 esse
461 1839 574 1901 omnes,
594 1818 644 1897 qui
663 1818 805 1902 figmenta
824 1819 986 1879 admiscent
1003 1819 1096 1882 verbo
1109 1820 1178 1896 Dei,
1196 1822 1244 1884 vel

77 1891 238 1972 quicquam
265 1893 391 1954 alienum
414 1895 571 1975 ingerunt,
630 1914 786 1974 oocunque
812 1895 931 1955 tandem
963 1895 1098 1977 polleant
1121 1898 1245 1960 honoris
1292 1907 1303 1920 ¹

76 1969 188 2048 gradu,
214 1969 262 2031 sel
281 1971 368 2032 titulo
388 1969 569 2052 superbiant.
608 1915 710 2046 &aare
731 1971 884 2032 maledicta
904 1984 936 2032 et
953 1973 1178 2053 praevaricatrix
1199 1987 1243 2036 est

74 2063 191 2181 {pr
208 2047 368 2124 subiectio,
407 2047 457 2126 qui
481 2067 512 2108 se
541 2047 620 2112 ultro
648 2048 747 2128 Papae
779 2048 952 2111 commentis
977 2059 1008 2110 et
1031 2049 1146 2151 legibus
1171 2050 1241 2113 sub-

159 2339 284 2422 (140.)-
309 2339 443 2406 Mane.
471 2337 554 2406 Vlll.
596 2341 648 2406 22.
682 2341 724 2406 Et
752 2343 843 2406 venit
869 2336 1093 2418 Bethsaidam,
1127 2349 1161 2406 et
1187 2341 1243 2409 ad-

73 2437 200 2507 ducunt
221 2440 270 2507 illi
291 2462 439 2521 coecum,
471 2451 503 2507 et
532 2441 706 2509 obsecrant
734 2461 822 2521 eum,
853 2451 889 2507 ut
916 2440 1007 2507 illum
1033 2451 1149 2528 tangat.
1190 2446 1241 2512 23.

72 2542 170 2610 Touc
192 2543 395 2631 apprehensa
416 2565 513 2610 mauu
536 2548 641 2625 coeci,
678 2542 790 2612 eduxit
816 2542 907 2609 illum
935 2556 1022 2612 extra
1042 2548 1157 2610 vicum.
1198 2546 1242 2612 Et

69 2667 171 2732 quum
202 2634 378 2734 exspuisset
404 2649 438 2714 iu
465 2645 579 2713 oeulos
599 2651 691 2728 eius,
732 2649 1002 2735 imposuissetque
1034 2646 1084 2714 illi
1118 2669 1241 2728 manus,

66 2749 283 2834 interrogavit
312 2771 403 2828 eum,
444 2750 579 2839 siquid
608 2751 743 2845 videret.
790 2752 842 2816 24.
874 2752 916 2816 Et
942 2749 999 2816 ifle
1026 2751 1160 2818 intuitus
1188 2755 1266 2848 ait,¹

68 2851 184 2918 Video
206 2852 366 2920 homiues:
400 2858 475 2942 quia
504 2877 604 2922 cerno
632 2859 733 2923 instar
761 2854 911 2922 arborum
934 2851 1143 2920 ambulantes.
1186 2855 1239 2944 25.

66 2953 204 3022 Deinde
226 2979 351 3023 rursum
373 2962 525 3047 imposuit
546 2981 657 3026 manus
684 2980 784 3051 sppcr
808 2954 923 3023 oculos
949 2954 1053 3038 illius,
1086 2968 1120 3023 et
1139 2959 1239 3036 iussit,

65 3069 105 3124 ut
126 3061 302 3146 aspiceret,
337 3065 367 3127 ei
396 3066 560 3130 restitutus
587 3073 649 3142 est,
681 3070 718 3126 ut
740 3058 851 3126 lucide
876 3057 1003 3125 videret
1022 3083 1143 3129 omues.
1184 3062 1236 3127 26.

66 3159 112 3227 Et
134 3157 256 3228 dimisit
277 3163 367 3230 illum
388 3166 422 3232 in
445 3166 575 3235 domum
597 3187 704 3243 suam,
726 3163 846 3243 diceus,
866 3162 985 3250 Neque
1006 3165 1042 3228 iu
1061 3165 1167 3228 vicum
1188 3163 1237 3227 iu·
1317 3263 1320 3266 ¹
1385 3165 1386 3246 ζ

64 3264 239 3348 grediaris,
264 3288 374 3356 neque
396 3269 513 3336 dixeris
535 3270 673 3354 cuipiam
694 3269 728 3334 iu
749 3269 832 3333 vioo.

145 3430 214 3491 Hoc
233 3431 415 3508 miraculum,
436 3434 516 3493 cuius
536 3433 643 3493 omissa
663 3443 708 3494 cst
717 3430 756 3491 ab
770 3429 833 3491 aliis
852 3429 993 3504 narratio,
1011 3439 1136 3517 propter
1156 3427 1233 3486 banc

66 3505 193 3567 maxime
214 3508 459 3570 circumstantiam
478 3509 594 3571 videtur
612 3530 629 3570 a
649 3509 752 3570 Marco
772 3507 896 3582 referri,
917 3507 998 3588 quod
1018 3504 1151 3593 Cbrrstos
1170 3517 1255 3560 non*

65 3595 234 3659 momento,
254 3595 287 3644 ut
306 3606 394 3665 saepe
414 3585 513 3648 lacere
527 3585 631 3646 solitus
653 3597 707 3658 est,
725 3584 776 3645 sed
797 3583 936 3666 paulatim
957 3587 1051 3643 coeco
1070 3599 1162 3668 vuum
1182 3596 1232 3636 rc-

63 3660 177 3720 stituit:
198 3661 279 3740 quod
298 3661 367 3721 ideo
388 3659 497 3722 lactum
517 3681 579 3722 esse
621 3659 823 3735 robabileest,
842 3671 875 3719 ut
893 3661 1101 3720 documentum
1120 3673 1153 3712 ur
1172 3652 1231 3711 boc
1272 3715 1277 3723 ,

64 3735 189 3796 bomine
209 3749 351 3799 statueret
370 3738 484 3800 liberae
503 3759 572 3800 suae
593 3683 835 3818 bspeusatiouis,
866 3757 921 3798 nec
946 3754 978 3794 se
998 3731 1147 3794 astrictum
1168 3747 1232 3788 esse

62 3811 102 3872 ad
122 3825 235 3874 certam
254 3835 399 3890 normam,
419 3815 492 3895 quin
512 3814 570 3874 boc
589 3814 636 3875 rel
657 3813 709 3874 illo
728 3814 820 3874 modo
830 3811 1061 3902 virtutemtsuam
1071 3804 1231 3886 proferret

63 3888 182 3950 Oculos
203 3910 235 3950 er
258 3911 276 3951 o
298 3891 382 3952 coeci
402 3912 464 3951 uon
484 3891 580 3951 statim
600 3891 640 3952 ita
658 3890 821 3964 illuminat,
847 3900 881 3948 ut
901 3886 1002 3947 olbcro
1027 3902 1081 3972 suo
1103 3881 1230 4016 leopan-

60 3978 122 4036 tur,
142 3965 195 4028 sed
215 3911 373 4028 obscurum
393 3967 449 4028 illis
469 3967 683 4059 confusumque
696 3966 833 4026 intuitum
853 3962 989 4024 instillat:
1011 3957 1117 4048 demde
1137 3967 1228 4048 atera

60 4064 204 4104 manuum
223 4043 414 4124 impositione
433 4044 495 4103 inte
533 4065 579 4104 am
599 4065 690 4104 acrem
711 4043 767 4104 illis
787 4040 893 4131 reddit.
931 4039 977 4098 Ita
998 4047 1091 4130 graue
1108 4029 1230 4132 Chresti,

61 4139 140 4198 quae
160 4121 193 4179 in
213 4119 286 4180 alios
305 4134 429 4204 repente
456 4122 489 4181 el
500 4141 550 4182 usa
575 4120 654 4201 prius
680 4131 757 4196 erat,
796 4138 878 4198 quasr
903 4125 1039 4197 guttatim
1058 4111 1179 4177 delluxrt
1197 4133 1229 4171 an

61 4195 144 4257 bunc
163 4196 324 4258 hominem.

143 4268 236 4334 Marc.
256 4279 304 4339 24.
346 4270 445 4334 Video
464 4269 598 4334 domines.
637 4273 841 4356 Interrogatus
861 4267 960 4328 lucrat
978 4285 1086 4328 coecos
1106 4277 1231 4346 propter

62 4347 244 4430 discipulos,
262 4362 295 4412 ut
314 4349 440 4428 scirent,
459 4349 571 4432 aliquid
588 4349 646 4412 iam
666 4347 709 4434 pti
729 4349 827 4411 datum
848 4353 929 4421 esse,
952 4345 1002 4406 sed
1022 4355 1121 4427 tamen
1140 4353 1229 4404 tenue
