2756 4838
353 260 434 338 (168.
472 257 520 318 De
540 267 664 340 argento
684 258 775 318 serris
795 255 933 332 credito.)
1170 259 1228 323 187

456 359 462 388 Ι

71 429 134 468 rum
153 427 275 468 snorum
286 421 410 489 parteru,
429 421 463 470 ut
480 429 674 491 quaeeunque
694 409 794 470 intulit
812 409 916 470 damna
936 407 1022 468 simul
1041 419 1226 486 compenset:

72 486 148 545 unde
168 484 346 568 colligimus,
385 507 436 548 uas
452 486 622 567 possidebat
641 487 764 563 divitias,
783 507 846 548 non
866 507 901 547 ex
919 484 1024 546 illicito
1043 494 1166 563 quaestu
1184 482 1228 544 illi

91 561 252 622 rovenisse.
290 564 337 623 Ita
357 509 505 624 Zachaeus
525 585 586 624 non
606 565 696 624 modo
717 563 883 627 satisfacere
902 571 1021 642 paratus
1041 572 1094 636 est,
1113 560 1138 619 si
1158 559 1231 638 quid

70 583 171 700 hande
188 637 319 712 abstulit,
338 641 389 701 sed
400 639 506 700 iustum
517 639 725 719 patrimonium
742 661 807 700 cum
819 636 998 720 pauperibus
1017 635 1228 698 communicat:
1241 675 1247 698 r

71 735 129 793 quo
147 735 180 775 se
201 715 347 791 ostendit,
377 735 411 776 ex
431 715 503 797 lupo
523 737 697 778 conversum
717 737 861 777 essenon
881 715 976 775 solum
995 714 1026 773 in
1046 733 1148 788 ovem,
1176 711 1228 772 sed

70 790 155 850 etiam
177 790 209 849 in
230 803 387 871 pastorem.
411 793 452 852 Et
470 804 590 872 peccata
610 794 727 874 quidem
747 794 804 853 ianr
823 791 946 852 admissa
965 791 1127 873 corrigens,
1146 787 1228 848 malis

70 866 179 928 artibus
200 867 232 926 in
252 866 382 928 futurum
401 881 516 949 tempus
531 869 691 946 renuntiat,
710 870 795 930 sicuti
814 869 872 930 hoc
892 867 1034 948 imprimis
1055 887 1071 925 a
1090 865 1147 925 suis
1168 863 1227 924 exi-

70 943 113 1024 git
129 943 232 1018 Dens,
261 956 295 1003 ut
320 945 357 1005 ah
383 946 464 1006 oruni
488 966 563 1006 noxa
589 947 764 1007 abstineant.
811 945 969 1008 Caeterum
995 942 1142 1004 Zachaeus
1172 961 1227 1000 suo

71 1020 204 1100 exemplo
225 1021 400 1082 necessitate
420 1023 492 1082 alios
511 1023 630 1083 minime
650 1019 816 1095 obstrinxit,
835 1033 869 1082 ut
887 1042 918 1082 se
939 1020 1059 1080 dimidia
1079 1019 1227 1080 honorum

69 1115 185 1156 suorum
207 1109 291 1177 parte
312 1097 477 1174 denudent,
497 1099 548 1158 sed
566 1109 680 1162 tantum
698 1100 827 1160 tenenda
847 1111 892 1159 est
909 1095 1022 1180 regula,
1042 1117 1128 1176 quam
1140 1115 1228 1176 prae-

69 1171 337 1308 scnpitfflmnm,
356 1185 390 1234 ut
412 1195 467 1236 nos
488 1185 521 1238 et
537 1187 639 1236 nostra
659 1176 758 1238 omnia
772 1194 976 1236 consecremus
988 1174 1020 1232 in
1032 1183 1227 1233 sanctossusus

71 1267 102 1308 ac
133 1269 148 1309 c
240 1269 281 1310 os.

140 1269 182 1392 lig·¹
209 1325 312 1387 Hodie
340 1327 422 1390 usian
448 1324 515 1389 laste
542 1326 649 1388 ἆοιιιιί
699 1327 833 1396 Christus
862 1327 1063 1389 testimonium
1093 1323 1228 1394 Zachaeo

69 1399 203 1479 reddens,
223 1404 298 1463 nihil
318 1403 348 1464 in
369 1424 406 1464 eo
427 1403 514 1468 luisse
528 1403 694 1464 simulatum
707 1405 896 1484 pronuntiat:
915 1419 1012 1482 neque
1032 1414 1131 1462 tamen
1150 1400 1228 1460 salu-

68 1477 102 1535 tis
121 1487 240 1540 causam
259 1479 346 1540 honis
367 1480 506 1560 operibus
526 1481 651 1540 Zachaei
670 1479 806 1556 ascribit,
834 1481 886 1542 sed
933 1479 980 1539 uia
1001 1476 1157 1539 conversio
1176 1476 1228 1537 illa

69 1566 179 1616 certum
201 1567 267 1617 erat
286 1557 402 1618 divinae
422 1558 591 1639 adoptionis
612 1557 729 1639 pignus,
748 1557 855 1618 merito
875 1501 945 1618 inde
965 1554 1089 1637 colligit,
1109 1553 1228 1612 domurn

68 1628 145 1690 illam
164 1632 267 1694 salutis
287 1653 349 1694 esse
369 1633 525 1694 haeredem
546 1646 576 1694 et
595 1635 653 1694 hoc
674 1654 792 1714 quoque
811 1632 902 1696 rerba
921 1643 1037 1693 sonant.
1063 1632 1140 1692 Nam
1160 1629 1228 1709 qnia

69 1705 215 1770 Zachaeus
237 1731 310 1771 unus
329 1710 368 1770 sit
386 1709 570 1772 exAhrahae
589 1709 665 1786 filiis,
684 1708 887 1782 ratiocinatur,
906 1707 1013 1770 salvam
1024 1728 1085 1768 esse
1099 1707 1159 1767 eius
1173 1707 1227 1766 do-

68 1803 153 1844 mum.
192 1785 292 1846 Porro
310 1797 344 1846 ut
362 1787 427 1867 quis
447 1798 600 1848 censeatur
618 1787 696 1847 iuter
708 1786 846 1847 Abrabae
866 1785 954 1860 lilios,
972 1784 1059 1845 fidem
1081 1783 1142 1843 eius
1161 1782 1229 1842 imi*

68 1869 146 1920 tetur
163 1880 287 1922 neccsse
309 1875 365 1923 est:
390 1864 450 1924 imo
474 1862 551 1923 hanc
575 1863 691 1924 laudem
711 1863 864 1944 Scriptura
884 1861 952 1923 fidei
972 1860 1094 1952 proprie
1113 1857 1229 1932 tribuit,

68 1937 146 2014 quod
165 1959 325 2020 germanos
336 1940 474 2001 Abrabae
494 1939 570 2000 lilios
589 1939 626 2001 ah
648 1939 792 2001 extraneis
813 1941 967 2002 discernat.
988 1937 1121 1998 Sesamus
1142 1955 1228 2022 ergo,

69 2031 130 2072 eam
149 2014 311 2095 praecipue
332 2015 363 2076 in
383 2018 519 2078 Zachaco
539 2015 661 2094 laudari,
681 2017 765 2080 cuius
781 2017 876 2099 gratia
892 2017 1001 2076 lactum
1021 2025 1075 2086 cst,
1094 2023 1129 2073 nt
1147 2013 1229 2089 hona

109 2109 188 2169 oque
209 2111 228 2151 o
253 2111 302 2152 era
320 2092 389 2154 Deo
409 2093 571 2173 placerent.
614 2095 679 2155 Nec
697 2114 768 2155 vero
790 2093 911 2154 dubium
932 2103 992 2164 est,
1023 2091 1095 2170 quin
1117 2089 1228 2151 Christi

88 2167 203 2227 octrina
223 2111 350 2229 Cachaei
371 2169 596 2229 conversionem
615 2169 816 2249 praecesserit.
865 2167 919 2228 llla
938 2167 1029 2257 igitur
1053 2165 1110 2223 luit
1128 2164 1228 2224 salutis

70 2241 173 2326 origo,
204 2244 306 2304 audire
327 2243 476 2304 Christum
497 2244 534 2304 de
554 2246 680 2338 gratuita
698 2245 759 2304 Dei
777 2243 994 2316 misericordia,
1019 2242 1056 2302 de
1076 2239 1228 2300 hominum

69 2337 132 2376 cum
143 2320 211 2399 ipso
224 2318 479 2393 reconciliatione,
498 2320 534 2379 de
544 2319 695 2380 Ecclesiae
714 2319 815 2380 redem
837 2319 920 2379 tione
932 2319 1133 2390 disserentem,
1154 2316 1228 2376 lide-

69 2413 124 2470 que
144 2396 223 2456 banc
243 2394 405 2455 doctrinam
426 2415 471 2454 am
494 2394 572 2456 lecti.
604 2395 682 2471 Quia
703 2399 778 2466 οἶκος
798 2341 919 2456 (baccis
938 2392 1091 2453 masculini
1111 2390 1228 2474 generis

69 2482 123 2543 est,
142 2469 280 2530 hilariam
301 2470 457 2560 exponitur
473 2415 523 2531 hic
543 2471 634 2532 locus.
672 2473 765 2543 Vetus
784 2471 930 2550 interpres
948 2469 985 2528 ad
996 2468 1161 2528 zachaeum
1179 2488 1227 2528 re-

68 2545 147 2606 tulit:
169 2545 251 2626 qnod
269 2546 343 2606 mihr
362 2545 449 2607 ctiam
469 2568 515 2606 rua
539 2548 561 2608 's
581 2547 686 2628 placet
725 2547 862 2608 Erasmus
880 2556 996 2606 vertere
1015 2542 1128 2618 maluit,
1167 2543 1227 2604 nod

68 2619 129 2700 ipsa
149 2621 255 2684 domus
275 2623 334 2682 filia
353 2635 430 2683 esset
439 2623 521 2684 Ahra
544 2644 591 2684 ae:
632 2625 692 2684 uod
703 2623 819 2684 tametsi
833 2641 896 2682 non
908 2620 1025 2695 refello,
1045 2565 1227 2680 deZachaeo

69 2707 166 2760 nmen
187 2700 283 2779 aptius
304 2701 411 2791 exponi
431 2700 568 2762 arbitror.
636 2691 681 2761 arb
723 2695 770 2760 uia
789 2699 882 2774 Deus,
902 2699 969 2758 dnm
989 2693 1228 2776 patremfamilias

70 2775 207 2856 adoptat,
226 2777 283 2837 toti
303 2789 391 2836 etum
411 2776 472 2838 eius
493 2777 594 2838 domui
611 2797 643 2838 se
662 2721 811 2836 inlleum
830 2774 897 2834 lore
917 2773 1078 2855 promittit,
1098 2771 1162 2832 iure
1181 2790 1228 2830 sa-

71 2848 114 2910 lus
133 2873 151 2912 a
171 2853 268 2932 capite
289 2853 454 2914 extenditur
465 2855 501 2914 ad
512 2865 607 2914 totum
622 2873 738 2934 corpus.
760 2851 919 2914 Caeterum
936 2847 1080 2932 particula
1098 2860 1147 2912 eat
1166 2867 1228 2908 em-

71 2926 187 3005 phatica
208 2941 259 2989 est
310 2926 466 3022 Significat
485 2931 562 2990 enim
583 2930 733 3004 Christus,
759 2928 924 2988 Zachaenm
944 2948 1006 2987 non
1026 2925 1122 2985 minus
1141 2943 1229 3060 ppam

71 3001 291 3080 aliosludaeos‚
310 3028 360 3087 qur
380 3006 508 3088 superbe
528 3005 612 3070 illum
632 3005 867 3082 exsecrabantur,
886 3004 1024 3066 Abrahae
1044 3023 1106 3062 esse
1126 3001 1227 3090 hrum.

72 3079 114 3139 Ac
133 3101 172 3142 ne
192 3083 328 3162 superior
346 3083 404 3145 vita
425 3083 541 3144 ianuam
560 3083 660 3145 salutis
684 3083 711 3143 ei
730 3081 866 3144 videatur
885 3081 1037 3156 clausisse,
1069 3078 1105 3139 ah
1127 3077 1228 3138 oliicro

72 3173 122 3214 suo
143 3159 346 3235 ratiocinatur,
365 3159 439 3220 nihil
458 3161 489 3220 in
509 3161 565 3221 hac
578 3159 742 3220 mutatione
756 3178 828 3234 esse,
848 3158 929 3240 quod
942 3175 1117 3239 quemquam
1129 3154 1229 3214 ollen-
1344 3225 1347 3236 Ι

73 3229 288 3372 dippeaplppeat,
326 3237 395 3318 quia
418 3237 520 3299 missus
544 3257 561 3298 a
585 3238 675 3298 Patre
700 3235 791 3298 suerit
815 3236 851 3298 ad
874 3237 1050 3310 servandos,
1088 3232 1140 3313 qui
1158 3250 1227 3312 per-

153 3547 257 3626 (166.)
297 3547 468 3614 ΜΑΤΊἯ,
499 3551 599 3616 XXV.
649 3551 700 3616 14.
732 3549 823 3616 Sicut
855 3549 939 3614 enim
972 3545 1070 3611 horno
1098 3540 1227 3630 quidam

75 3665 206 3736 peregre
228 3651 440 3738 proficiscens
461 3657 590 3722 vocarit
610 3675 723 3720 servos
744 3675 829 3732 suus,
851 3661 883 3717 et
904 3647 1037 3714 tradidit
1055 3647 1120 3712 illis
1140 3645 1229 3711 hona

78 3764 146 3815 sua:
188 3756 238 3820 15.
271 3756 314 3820 Et
334 3755 410 3820 huic
432 3756 562 3843 quidem
590 3755 682 3823 dedit
707 3757 849 3842 quinque
877 3749 1013 3829 talenta,
1046 3748 1101 3827 alii
1122 3757 1228 3814 autern

79 3843 157 3932 dno,
192 3855 248 3922 alii
269 3879 349 3925 vero
371 3881 485 3938 unum,
518 3861 693 3946 unicuique
714 3858 892 3924 secundum
912 3856 1076 3941 propriam
1092 3849 1231 3915 laculta-

79 3961 151 4036 tem,
187 3971 220 4026 et
240 3963 404 4048 proiectus
432 3974 481 4030 est
500 3965 618 4029 atatim:
661 3963 711 4028 16.
741 3961 833 4029 Abiit
854 3971 974 4034 autem,
1008 3956 1075 4040 quis
1085 3957 1229 4041 quinque

79 4055 195 4128 talenta
218 4077 401 4153 acceperat,
424 4077 456 4133 ct
476 4068 658 4152 negotiatus
679 4074 728 4132 est
747 4085 807 4150 per
827 4083 880 4142 ea,
913 4070 945 4126 et
966 4057 1108 4124 coniecit
1129 4056 1230 4123 altera

81 4164 218 4250 quinque
240 4167 370 4237 talenta.
413 4171 463 4237 17.
483 4167 637 4235 Similiter
658 4177 691 4234 et
710 4170 766 4253 qui
788 4163 854 4231 duo
875 4171 1061 4250 acceperat,
1089 4159 1231 4228 lucratus

82 4273 128 4328 est
147 4279 179 4334 et
195 4273 266 4357 ipse
286 4271 388 4338 altera
408 4271 485 4339 duo.
511 4273 561 4338 18.
583 4267 653 4358 Qui
672 4281 777 4335 autem
798 4289 897 4334 unum
918 4276 1096 4353 acceperat,
1116 4263 1231 4331 abiens

83 4361 162 4438 fodit
182 4374 369 4456 interram,
401 4385 433 4444 et
454 4372 625 4443 abscondit
646 4373 816 4459 pecuniam
837 4369 960 4441 domini
981 4373 1041 4438 sui.
1082 4371 1133 4436 19.
1153 4370 1232 4436 Post

334 4717 348 4770 l
