2790 4838
395 269 398 280 ι
459 237 592 296 Onarro
613 253 649 301 nr
669 252 796 299 ιιοιιιιι.
971 191 990 221 l
1047 221 1052 243 ⁸
1135 242 1194 307 193

27 379 28 420 t
73 387 124 448 Sed
147 387 213 466 qnia
240 397 352 458 certum
380 399 439 462 est,
469 389 578 449 Lucam
603 401 685 452 serto
711 389 764 450 illo
789 389 887 470 capite
912 387 1039 450 recitare
1064 390 1194 454 diversos
1285 435 1291 442 -

74 463 170 523 Christi
188 483 353 540 sermones,
374 464 437 526 fieri
457 467 543 526 etiam
584 475 662 526 otest
681 477 714 526 ut
732 467 849 526 brevius
869 467 921 526 atti
944 467 1110 546 erit,.quod
1129 469 1194 547 ple-

72 541 127 599 nius
144 540 303 674 exponitur
322 561 339 600 a
359 542 520 602 Matthaeo.
558 487 585 603 b
919 485 943 600 l

71 637 146 696 saepe
167 617 240 676 aibi
259 637 470 706 supervacuum
491 629 549 693 est,
576 620 764 698 quodetiam
785 641 819 679 ex
839 618 972 679 clausula·
985 630 1122 698 apparet:
1153 621 1195 680 si'e
1248 633 1255 655 ‘

71 693 136 752 enirn
163 691 317 752 concludrt
342 695 436 754 Lucas
463 696 541 754 hune
565 715 749 768 sermonem,
776 693 967 756 bonus'doado
986 714 1026 754 aa:
1043 693 1194 755 donotlte-

70 791 145 829 saarn
163 769 263 830 cordis
280 773 344 842 sui,
372 786 422 834 etc.
460 773 506 830 Ne
528 793 566 831 ue
587 773 664 830 euim
685 773 789 832 dubito
810 775 880 863 quin
900 773 1010 850 absque
1031 771 1124 851 ligura
1145 767 1213 831 exss'

71 847 179 936 primat,
210 845 297 925 quale
318 847 357 906 sit
376 847 452 907 istud
471 793 626 922 iudrcium,
658 849 738 926 quod
759 849 892 910 Chrrstus
913 871 945 908 ex
966 849 1108 908 fructibus
1129 849 1195 908 fieri

69 922 152 981 rubet:
186 943 298 1001 nempe
324 935 357 981 ut
382 923 484 984 sedulo
505 925 674 984 ‘examinent
699 925 814 999 fideles,
847 924 985 1005 quidnam
1009 926 1137 984 aflerant
1162 927 1195 984 in

71 999 184 1058 nediunt
207 999 258 1078 qui
280 1019 312 1058 se
333 999 390 1058 Dei
410 1020 510 1060 servos
529 1000 724 1080 profitentur,
750 1003 807 1060 acsi
828 1001 955 1076 diceret,
974 1023 1076 1081 parum
1096 1001 1195 1061 valere

70 1073 167 1148 titulos,
188 1075 289 1134 donec
309 1096 342 1134 re
360 1076 422 1156 ipsa
442 1076 554 1156 probet
574 1077 622 1156 qui
636 1077 778 1157 loquitur,
799 1079 935 1162 divinitus
948 1099 978 1138 se
993 1097 1054 1138 esse
1067 1079 1194 1138 missum.

70 1151 237 1231 Quanquam
261 1151 384 1211 minime
407 1172 561 1236 repugno,
593 1153 664 1231 quin
689 1155 905 1214 accommodari
950 1155 1021 1214 ossit
1046 1156 1092 1215 hie
1112 1155 1195 1214 locus

69 1228 98 1286 ad
114 1228 285 1308 generalem
305 1229 479 1288 doctrinam.
508 1231 549 1289 Et
569 1241 649 1290 certe
669 1239 816 1308 postrema
836 1175 972 1305 clausula,
991 1249 1098 1310 nempe
1114 1231 1195 1309 quod

68 1325 101 1362 ει·
116 1303 297 1364 sturmen
315 1303 411 1364 cordis
429 1327 462 1365 os
480 1306 624 1385 quuitur,
652 1304 737 1364 latius
758 1317 843 1385 quam
863 1307 899 1364 ad
919 1307 1194 1386 pseudoprophetas

69 1393 152 1459 patet,
171 1402 265 1460 quum
285 1380 404 1462 vulgare
424 1383 461 1441 sit
479 1381 678 1464 proverbium.
707 1381 741 1440 Si
762 1383 831 1461 quis
847 1380 985 1456 obiiciat,
1004 1380 1117 1462 linguas
1136 1381 1195 1440 ho-

70 1457 174 1526 minum,
196 1477 289 1536 saepe
319 1458 454 1533 mentiri,
493 1470 526 1518 ut
550 1479 568 1517 o
590 1458 662 1521 time
687 1456 845 1536 loquantur
864 1458 919 1536 ²qui
943 1457 1195 1538 pessime-allecti

70 1547 140 1606 runt,
169 1533 362 1614 respondeo,
394 1533 544 1595 Christum
564 1481 610 1595 lle
629 1536 683 1594 sirn
706 1533 801 1594 liciter
820 1536 930 1596 ddtere
950 1534 1030 1614 quod
1048 1545 1082 1593 ut
1100 1533 1194 1614 pluri-

70 1629 135 1670 mum
154 1633 209 1669 usu
221 1611 322 1670 ¹venit.
367 1611 442 1670 Nam
464 1612 517 1672 etsi
537 1611 616 1671 aliud
635 1555 731 1673 verbis
751 1631 821 1690 prae
840 1631 873 1671 se
893 1611 992 1670 lerunt
1011 1610 1195 1701 hypocritae,

70 1707 143 1764 quam
163 1688 297 1746 habeant
316 1686 348 1745 iu
370 1687 470 1748 cordis
485 1709 616 1762 recessu,
645 1687 674 1748 id
695 1698 794 1747 tamen
812 1709 876 1749 non
897 1687 1009 1764 obstat,
1037 1697 1194 1767 quominus

71 1775 126 1842 apte
145 1775 175 1824 et
193 1763 270 1824 scite
290 1762 389 1846 lingua
410 1777 534 1826 vocetur
553 1765 705 1827 character
722 1765 837 1826 mentis.
861 1775 874 1790 “’
893 1789 896 1800 ⁴
1081 1769 1085 1780 '

104 2047 181 2126 (list)
224 2046 399 2111 ΜΛΤΊῊ.
426 2048 498 2112 vlt
538 2047 590 2116 21.
621 2047 700 2113 Non
726 2051 871 2136 quisquis
898 2047 976 2115 dicit
1001 2049 1093 2126 mihi,
1126 2048 1197 2112 Do-

72 2149 157 2225 mine,
187 2148 348 2224 Domine,
379 2145 571 2242 intrabitis
598 2171 730 2236 regnum
758 2149 938 2229 coelorum,
970 2149 1029 2216 sed
1051 2149 1195 2238 quisquis

72 2245 170 2312 lecerit
195 2245 399 2314 voluntatem
425 2249 526 2314 Patris
553 2252 630 2328 mei,
659 2252 715 2336 qui
742 2253 775 2316 iu
797 2248 900 2316 coelis
921 2260 977 2316 est.
1019 2247 1071 2315 22.
1098 2245 1198 2312 Multi

73 2347 167 2414 dicent
187 2349 270 2414 mihi
291 2352 325 2438 in
347 2347 408 2416 illo
430 2348 498 2428 die,
519 2349 675 2426 Domine,
696 2351 855 2428 Domine,
875 2371 986 2416 nonne
1007 2352 1042 2414 iu
1063 2351 1195 2414 nomine
1266 2363 1267 2369 ’

73 2459 119 2514 tuo
138 2450 417 2536 prophetavimus,
440 2461 472 2514 et
493 2452 526 2514 in
548 2453 682 2514 nomine
703 2460 763 2520 tuo,
783 2448 952 2516 daemonia
973 2451 1141 2524 eiecimus,
1159 2457 1202 2512 et

74 2551 247 2615 innomine
268 2559 326 2615 tuo
347 2549 463 2616 multas
484 2553 618 2614 virtutes
640 2547 819 2616 edidimus?
858 2545 909 2616 23.
937 2549 985 2613 Ac
1006 2557 1071 2612 tuur
1097 2545 1198 2612 confi-

73 2647 155 2716 tebor
175 2651 258 2728 illis,
290 2651 462 2736 Nunquam
484 2651 562 2716 novi
582 2671 656 2717 vos:
692 2645 849 2716 discedite
872 2670 891 2716 a
912 2665 977 2726 me,
1004 2650 1061 2734 qui
1082 2635 1198 2732 o'perass

73 2755 137 2815 nini
157 2754 370 2837 iniquitatem.
772 2819 775 2824 ,
1064 2773 1067 2782 ’
1135 2765 1138 2774 ’

143 2869 247 2938 LUC.
273 2869 330 2934 Vl.
369 2869 420 2944 to,
442 2866 533 2954 Quid
564 2880 669 2940 autom
687 2865 818 2948 v‚vocatis
848 2888 912 2946 rne,
943 2852 1206 2954 Domine,'Do-',
1279 2843 1283 2860 l

74 2971 154 3050 ruine,
174 2982 210 3036 et
231 2990 301 3034 uon
321 2968 433 3048 facitis,
453 2975 537 3056 quae
558 2969 642 3036 dico.
1012 2961 1017 2982 '
1072 2979 1073 2982 ’

137 3135 247 3210 Matth.
266 3139 314 3197 21.
352 3133 424 3194 Non
442 3137 570 3215 qnisqrais
588 3132 672 3210 dicta,
698 3133 840 3208 Dareine,
860 3147 910 3192 eto.
949 3133 1048 3192 Latius
1067 3132 1198 3192 extendit

76 3229 233 3272 sermonem
253 3231 335 3270 suum
356 3209 504 3270 Christus:
524 3233 563 3271 ne
585 3229 623 3270 ue
643 3209 721 3268 enim
740 3221 854 3270 tantum
875 3211 911 3270 de
931 3209 1198 3288 pseudoprophetis

77 3287 140 3366 agit,
170 3288 228 3378 qui·
249 3286 384 3366 rapiendi
412 3300 442 3346 et
467 3233 590 3348 vorandi
616 3307 702 3354 causa
720 3287 751 3344 in
772 3305 893 3367 gregem
912 3284 1061 3360 insiliunt,
1088 3286 1140 3345 sed
1160 3286 1197 3344 de
1287 3311 1302 3333 ν

77 3364 266 3437 mercenariis,
285 3363 338 3441 qui
354 3362 408 3423 sub
429 3376 579 3443 pastorum
598 3363 697 3442 specie
716 3361 862 3422 fallaciter
879 3379 911 3420 se
930 3361 1089 3436 insinuant,
1109 3381 1197 3440 quurn

76 3447 161 3502 tamen
187 3439 272 3500 nullo
299 3439 426 3518 praediti
451 3439 510 3500 sint
537 3439 646 3500 allecto
665 3438 791 3519 pietatis.
829 3439 894 3498 Etsi
913 3448 1010 3498 autern
1032 3437 1198 3518 hypocritas

78 3534 167 3578 omues
187 3514 396 3596 complectitur
414 3516 486 3576 haee
506 3517 651 3590 doctriua,
670 3533 848 3596 quocunque
867 3515 926 3574 sint
944 3515 1038 3596 gradu
1057 3515 1104 3574 vel
1116 3513 1197 3588 loco,

76 3594 187 3672 proprie
213 3605 314 3652 tamen
339 3591 463 3653 fictitios
489 3591 627 3654 doctores
652 3613 731 3652 nunc
756 3590 944 3672 perstringit,
977 3591 1026 3670 qui
1046 3611 1117 3669 prae
1137 3589 1199 3647 aliis

77 3671 209 3729 excellere
233 3668 378 3730 videntur.
423 3671 530 3748 Neque
552 3688 720 3728 sermonem
745 3679 858 3726 tantum
883 3669 920 3727 ad
946 3688 997 3727 eos
1017 3665 1132 3746 dirigit,
1167 3676 1199 3722 ut

77 3747 268 3819 seruantem,
297 3746 329 3803 in
354 3766 410 3823 qua
429 3745 510 3805 velut
530 3745 605 3804 ebrii
623 3744 736 3818 iacent,
768 3744 998 3824 expergefaciat,
1026 3743 1077 3800 sed
1097 3737 1199 3800 fideles
1259 3779 1268 3789 -

77 3819 152 3881 etiarn
172 3822 329 3896 admonet,
359 3841 397 3881 ιιε
416 3821 523 3882 talibus
542 3822 628 3882 larvis
647 3821 712 3902 plus
732 3842 820 3900 quam
838 3831 960 3899 oportet
977 3817 1117 3877 tribuant.
1162 3816 1199 3873 In

78 3915 175 3959 summa
206 3897 370 3978 praedicit,
407 3897 526 3957 simulac
556 3897 693 3977 prolerre
724 3896 852 3956 fructum
881 3893 1014 3974 coeperit
1043 3891 1200 3972 Evangelii

78 3971 218 4048 doctrina,
245 3985 280 4033 ut
303 3973 468 4053 complures
494 3973 602 4034 habeat
625 3973 798 4052 discipulos,
829 3993 891 4030 nou
914 3981 1029 4032 tantum
1055 3989 1089 4028 ex
1106 3967 1200 4061 vulgo

78 4052 230 4136 permultos
249 4051 326 4126 sore,
346 4051 396 4140 qui
418 4050 491 4112 lalso
512 4061 542 4110 et
562 4070 616 4130 per
633 4049 848 4110 simulationem
868 4049 939 4110 dent
957 4066 1078 4119 nomen,
1096 4046 1148 4106 sed
1168 4067 1201 4104 ιιι

77 4144 132 4202 ipso
152 4147 273 4208 quoque
294 4128 398 4187 ordrne
429 4130 568 4188 'aetorum
588 4129 715 4194 eandem
731 4127 796 4186 lore
817 4125 979 4204 perfidiam,
998 4134 1031 4182 ut
1050 4123 1133 4184 lactis
1153 4122 1199 4182 vi-

79 4209 155 4336 tague
175 4203 328 4286 abnegent
348 4149 437 4283 quod
449 4225 502 4264 ore
523 4203 708 4282 profitentur.
740 4203 844 4281 ltaque
865 4199 994 4280 quisquis
1014 4200 1093 4260 inter
1111 4197 1199 4258 disci-

79 4295 94 4352 p
123 4300 155 4339 os
180 4279 294 4340 censeri
319 4279 416 4360 cupit,
447 4281 572 4340 dandam
597 4277 641 4338 ssti
666 4301 727 4340 esse
754 4296 891 4357 operam,
918 4286 953 4334 ut
976 4275 1090 4336 sincere
1116 4286 1147 4335 et
1166 4295 1201 4334 ex

79 4355 167 4418 auimo
193 4357 231 4416 ad
256 4356 459 4418 meditandam.
477 4357 554 4418 vitae
578 4355 740 4419 novitatem
764 4376 797 4417 se
816 4353 940 4415 addicat.
958 4385 962 4401 ·
977 4353 1067 4433 Apud
1086 4351 1202 4414 tamus

100 4455 187 4504 Calui-l
199 4457 320 4504 wudu
334 4456 414 4505 llam.
428 4459 474 4506 liv.
488 4457 541 4506 Vol.
557 4457 578 4504 1.
879 4503 881 4510 y
958 4433 998 4494 13
1071 4443 1087 4452 “

639 4641 646 4680 l

589 563 622 602 ec
642 543 811 602 adverbium
832 563 946 604 causae
965 563 1084 616 moror,
1114 543 1195 624 quod
1256 550 1258 565 ¹
1284 569 1293 585 ⁸
