2768 4834
100 2014 103 2034 ·
196 1997 260 2046 tum
279 1983 383 2057 fuerit,
411 1979 567 2040 Neminem
587 2001 672 2059 posse
692 1979 807 2052 duobus

197 237 259 302 aas
655 195 883 287 sncrroiu.

200 403 307 470 posse,
335 380 406 474 quin
429 377 586 442 horribiles
611 387 641 438 et
663 378 729 458 plus
755 375 840 457 quam
866 377 973 439 densae
992 327 1132 436 tenebrae
1152 355 1284 459 regnent
1303 377 1338 438 in

200 464 276 536 vita,
298 458 350 519 uba
369 455 502 518 homines
522 457 588 516 data
608 475 626 514 o
650 475 698 514 era
718 455 898 520 caecutiunt.
936 453 1019 513 Idem
1039 465 1083 512 est
1101 473 1202 513 sensus
1222 454 1338 514 verbo-

199 557 277 611 rum,
296 555 370 617 qnae
390 533 535 594 habentur
555 553 612 612 apu
641 529 766 603 Βιισιιιιι,
788 531 845 590 nisi
864 529 944 610 quod
963 529 1138 590 sententiam
1161 529 1236 589 banc
1257 552 1336 590 con-

200 613 294 676 nectit
322 611 381 672 illic
412 609 545 672 Christus
570 629 635 668 cum
660 614 711 680 ea',
750 628 823 686 quae
870 608 928 666 rius
955 606 1084 685 exposita
1109 605 1165 666 suit
1190 605 1337 667 Matthaei

243 693 306 750 into
327 686 440 767 capite,
459 687 555 746 Nemo
574 684 724 744 lucernam
744 627 893 758 accensiit,
914 694 944 742 et
963 683 1049 763 ponit
1069 703 1131 742 eam
1152 682 1182 740 in
1204 682 1336 744 abscon-

201 715 276 842 ailo,
297 776 352 826 etc.
392 760 509 822 Deinde
530 761 613 821 buius
633 759 777 820 clausulae
796 760 877 830 loco,
897 759 930 818 si
951 758 1060 833 lumen,
1080 760 1162 837 quod
1181 759 1212 817 in
1233 771 1263 818 te
1279 772 1336 834 est,

199 843 342 905 tenebrae
360 850 429 900 sunt
447 851 519 911 ete,
544 836 778 898 exhortationem
819 836 899 910 onit,
922 833 1000 895 Vada
1019 857 1055 895 ne
1072 837 1184 908 lumen,
1205 835 1286 914 quod
1301 839 1336 894 iss

199 935 227 981 ae
244 933 301 994 est,
331 911 462 977 anselm
479 918 552 974 εἰηιι
581 913 639 973 acsi
657 912 777 984 dicerit,
829 912 875 972 ide
897 933 934 972 ne
954 932 1036 972 ruens
1055 924 1121 986 tua,
1146 934 1221 991 quae
1242 913 1336 980 instar

200 997 340 1057 lucernae
359 991 401 1054 sul
424 1010 474 1052 ere
495 988 638 1050 debuerat
655 989 692 1048 ad
711 987 902 1048 moderandas
922 1001 985 1048 tuas
1006 987 1153 1062 actiones,
1173 1001 1268 1048 totam
1289 991 1334 1048 vi·

199 1085 258 1134 tem
277 1083 357 1131 tuem
377 1011 556 1128 olltenebret
575 1087 608 1126 ac
628 1077 786 1156 pervertat.
824 1063 930 1126 Postea
949 1063 1082 1138 subiicit,
1114 1087 1203 1144 quum
1223 1065 1335 1126 illumi-

198 1160 287 1210 natur
306 1167 413 1226 corpus
432 1141 469 1204 ab
491 1141 595 1217 oculo,
626 1163 656 1201 ιιι
676 1141 797 1224 singulis
816 1140 954 1202 membris
974 1152 1084 1202 exstare
1105 1139 1248 1220 optimam
1267 1163 1334 1202 ruo-

199 1223 394 1296 derationem,
413 1218 497 1280 sicuti
516 1217 615 1280 lumen
634 1238 787 1282 accensum
808 1215 982 1310 diffunditur
994 1229 1024 1278 ct
1036 1229 1171 1298 penetrat
1183 1219 1215 1278 in
1229 1239 1334 1280 omnes

199 1299 327 1363 cubiculi
367 1308 453 1358 artes.
695 1345 697 1350 ,

275 1383 323 1442 24.
375 1393 436 1434 emo
445 1384 536 1448 poten
545 1373 651 1431 misire
660 1385 711 1432 etc.
732 1370 821 1432 Redit
832 1369 964 1430 Christus
976 1369 1012 1430 ad
1024 1369 1207 1450 superiorem
1218 1372 1333 1432 dochi-

198 1474 277 1528 nam,
296 1470 403 1532 nempe
423 1461 456 1508 ut
474 1467 542 1508 suos
562 1445 719 1526 discipulos
739 1447 775 1508 ab
796 1447 916 1530 avaritia
935 1447 1073 1508 retrahat.
1100 1445 1189 1509 ¹Prius
1210 1447 1333 1524 dixerat,

198 1553 252 1593 cor
276 1527 402 1590 bominis
426 1525 564 1586 thesauro
590 1523 651 1584 eius
677 1523 843 1584 devinctum
867 1544 930 1584 esse
957 1535 987 1583 et
1012 1523 1222 1596 constrictum²
1247 1547 1333 1586 nunc

198 1608 339 1666 admonet
357 1599 479 1663 alienari
499 1621 515 1659 a
532 1598 665 1659 Domino
685 1619 787 1659 eorum
808 1600 915 1673 corda,
934 1599 984 1680 qui
1003 1619 1034 1660 se
1054 1596 1168 1660 divitiis‘
1181 1601 1330 1660 addicunt

196 1683 327 1744 Delicias
352 1677 430 1740 enim
455 1673 551 1735 fallaci
575 1686 727 1755 praetextu
744 1675 841 1736 maior
854 1697 926 1767 pars
945 1675 1001 1736 sibi
1021 1675 1117 1737 lacere
1138 1676 1231 1748 solet,
1261 1678 1330 1737 dnm

196 1760 276 1818 iuter
298 1757 396 1816 Deum
424 1765 454 1812 et
476 1771 541 1812 suas
567 1750 741 1832 cupiditates
761 1752 863 1842 partin
883 1773 916 1812 se
935 1772 1021 1832 posse
1042 1753 1134 1834 lingit.
1195 1751 1330 1815 Christus

196 1846 295 1894 nutem
318 1831 381 1892 fieri
407 1847 493 1908 posse
518 1847 556 1886 ne
579 1838 625 1901 at,
660 1839 693 1887 ut
719 1848 871 1907 quisquam
895 1830 963 1889 Deo
990 1827 1075 1888 sinui
1099 1841 1129 1893 et
1153 1829 1236 1888 carni
1259 1851 1330 1892 suae

197 1909 395 1988 obtemperet.
431 1905 501 1964 Non
521 1847 643 1964 duiium
663 1915 716 1978 est,
736 1905 807 1982 quin
827 1904 1017 2042 proverbium
1036 1919 1107 1965 tunc
1127 1903 1216 1987 vulgo
1238 1906 1331 1966 usita-

848 1981 951 2042 ominis
971 1983 1056 2042 simul
1074 1983 1194 2042 servire.
1235 1983 1330 2058 Quod

195 2061 288 2144 igitur
307 2058 437 2121 omnium
458 2055 600 2135 opinione
620 2069 771 2136 receptum
792 2069 871 2132 erat,
891 2080 947 2138 pro
967 2059 1102 2119 confesso
1122 2059 1219 2132 sumit,
1239 2071 1330 2138 atque

196 2138 237 2198 ita
257 2137 294 2199 ad
313 2145 497 2216 praesentem
518 2153 631 2194 causam
651 2134 869 2208 accommodat,
899 2133 949 2194 ubi
969 2155 1092 2218 regnum
1113 2148 1263 2214 occupent
1281 2136 1329 2194 di-

149 2229 157 2241 '
195 2213 295 2288 vitiae,
314 2209 444 2272 abdicari
462 2210 531 2269 Deo
551 2229 634 2269 suum
653 2208 815 2289 imperium.
854 2211 987 2280 Noneest
1007 2211 1124 2304 quidem
1145 2211 1329 2291 impossibile

195 2290 265 2351 Deo
284 2288 406 2360 seruire,
425 2285 476 2365 qui
495 2285 598 2348 divites
618 2296 695 2369 sunt,
716 2287 768 2346 sed
788 2285 916 2366 quisquis
937 2288 1044 2349 divitias
1063 2309 1093 2348 se
1114 2289 1143 2347 in
1156 2287 1328 2349 servitutem

102 2417 107 2425 .
194 2367 299 2441 tradit,
329 2365 438 2425 aDeo
464 2383 495 2424 se
521 2361 688 2442 emancipet
712 2375 756 2422 est
781 2383 915 2438 necesse,
948 2363 1186 2444 quandoquidem
1213 2365 1327 2426 diaboli

194 2441 340 2524 mancipia
359 2461 415 2502 uos
435 2438 554 2500 aderitis
571 2459 687 2519 semper
705 2438 810 2499 reddit
827 2435 834 2446 '
849 2439 940 2514 Quod
960 2439 1033 2501 alibi
1051 2441 1179 2501 refertur
1198 2440 1328 2518 abusa,

194 2520 226 2580 in
251 2519 330 2592 hunc
355 2527 522 2579 couterurm
548 2514 673 2576 inserui:
706 2517 773 2594 qnia
794 2536 882 2595 quum
901 2517 1038 2596 sparsim,
1068 2528 1103 2582 ut
1120 2517 1178 2576 fert
1198 2519 1329 2594 occasio,

103 2658 105 2675 ,
194 2593 401 2678 Evangelistae
426 2614 461 2654 ex
481 2589 592 2655 Christi
612 2591 746 2651 doctrina
765 2593 925 2652 sententias
945 2593 976 2651 in
995 2593 1108 2654 alienos
1127 2593 1209 2654 locos
1231 2606 1328 2654 trans-

194 2673 309 2748 ierant,
331 2669 418 2732 nobis
438 2668 518 2728 nulla
539 2687 601 2728 esse
620 2666 712 2728 debet
730 2667 854 2750 religio,
879 2689 929 2730 eos
943 2669 1027 2750 inter
1045 2691 1075 2730 se
1096 2682 1206 2750 aptare.
1247 2669 1328 2731 Cae-

194 2761 291 2810 terum
311 2746 392 2826 qnod
411 2743 578 2824 specialiter
597 2743 634 2804 de
653 2743 761 2803 divitiis
782 2745 828 2804 hic
848 2743 967 2820 dicitur,
991 2747 1026 2806 ad
1047 2745 1103 2806 alia
1124 2767 1210 2806 ornne
1231 2767 1327 2830 genus

192 2825 266 2888 vitia
279 2823 346 2884 rite
371 2820 488 2882 extendi
535 2831 625 2880 otest:
656 2840 745 2898 quum
765 2819 846 2880 Deus
865 2832 1022 2900 tantopere
1041 2823 1238 2885 sinceritatem
1258 2825 1327 2883 ubi-

194 2921 253 2981 que
276 2897 481 2967 commendet,
510 2840 616 2975 inplet
635 2909 733 2956 autem
753 2917 806 2958 cor
824 2897 1025 2973 abominetur,
1058 2919 1109 2959 eos
1131 2919 1232 2959 omnes
1253 2899 1329 2978 salli,

133 3017 136 3030 .
194 2975 246 3056 qui
272 2975 365 3056 ipsum
391 2971 507 3032 dimidia
532 2973 630 3034 cordis
652 2973 697 3032 sui
721 2982 806 3052 parte
831 2985 1004 3033 contentum
1030 2975 1095 3035 sore
1115 2987 1227 3054 putant.
1266 2977 1327 3036 Fa·
1374 2981 1375 2990 ’

192 3063 295 3112 tentur
313 3049 430 3140 quidem
451 3067 552 3108 omnes
573 3069 635 3124 ore,
654 3069 717 3110 non
737 3070 805 3110 vere
824 3048 882 3110 coli
892 3049 988 3110 Deum
1003 3051 1059 3112 nisi
1074 3051 1191 3133 integro
1203 3049 1328 3130 ellectu,

192 3127 246 3188 sed
264 3147 297 3187 re
316 3147 378 3217 ipsa
396 3136 517 3208 negant,
538 3125 605 3184 dnm
625 3125 783 3186 conciliare
802 3125 920 3186 student
939 3147 986 3186 res
1005 3127 1084 3188 inter
1102 3149 1132 3188 se
1150 3130 1327 3201 contrarias.

87 3231 88 3236 ¹
192 3205 264 3265 Non
285 3203 415 3264 desrnam
456 3198 553 3280 inquit
572 3199 758 3276 ambitiosus,
775 3201 844 3264 Deo
864 3201 972 3264 servire
1009 3204 1136 3283 quamvis
1156 3204 1192 3263 ad
1212 3226 1326 3266 veoau-
1374 3265 1375 3270 ,

194 3279 247 3340 dos
272 3278 402 3340 honores
423 3244 535 3338 lionam
560 3277 675 3360 ingenii
699 3277 757 3336 mei
778 3289 893 3368 partem
920 3300 956 3359 ap
979 3245 1074 3340 licem.
1132 3281 1215 3340 Idem
1235 3283 1327 3360 avari,

192 3353 381 3436 voluptuosi,
411 3354 547 3434 crapulae
567 3354 673 3429 dediti,
702 3353 868 3429 libidrnosi,
900 3301 1049 3431 erutieles,
1073 3377 1128 3436 pro
1148 3378 1179 3416 se
1200 3357 1327 3438 quisque

192 3432 315 3492 iactant:
335 3431 416 3511 quasi
435 3451 508 3491 vero
529 3430 669 3511 possibile
688 3430 735 3505 sit,
752 3431 822 3490 Deo
843 3451 876 3490 ex
888 3443 971 3512 parte
982 3433 1101 3508 servire,
1142 3453 1326 3513 uosexpro-

193 3509 270 3569 sesso
290 3519 394 3568 contra
414 3525 479 3568 eum
499 3505 610 3570 bellare
630 3519 720 3586 patet.
757 3508 869 3566 Verum
890 3508 1007 3588 quidem
1029 3522 1088 3584 est,
1121 3455 1223 3568 ideles
1245 3511 1253 3569 i
1277 3532 1326 3573 sos

191 3606 341 3664 nunqnam
361 3584 401 3644 ita
421 3582 596 3645 insolidum
617 3583 747 3643 addictos
768 3603 830 3644 esse
840 3583 899 3644 Dei
911 3582 982 3644 obse
1006 3586 1066 3658 uio,
1086 3585 1156 3665 quin
1169 3533 1326 3646 sensian-

191 3674 240 3722 tur
264 3660 389 3722 subinde
412 3658 531 3738 vitiosis⁸
550 3659 644 3721 carnis
670 3659 885 3739 cupiditatibus.
939 3607 1003 3742 Sci
1026 3663 1093 3741 qdia
1118 3675 1243 3742 gemunt
1269 3665 1324 3724 sub

190 3739 246 3800 bac
269 3738 374 3799 misera
393 3737 548 3811 servitute,
577 3733 690 3814 sibique
710 3735 880 3816 displicent,
910 3757 966 3796 nec
986 3737 1073 3798 aliter
1092 3740 1172 3798 carni
1191 3740 1327 3800 serviunt

191 3837 278 3894 quam
301 3814 387 3876 inviti
414 3825 445 3874 et
462 3813 657 3887 reluctantes,
685 3833 746 3870 non
767 3813 905 3872 dicuntur
923 3813 1037 3874 dnobus
1058 3813 1185 3894 dominis,
1201 3816 1325 3892 servire,

191 3892 259 3970 quia
278 3891 402 3972 perinde
444 3888 589 3956 rebantur
608 3907 709 3947 eorum
729 3889 823 3949 studia
844 3902 874 3949 et
893 3901 1014 3950 conatus
1034 3890 1177 3964 Domino,
1196 3892 1257 3951 acsi
1276 3891 1323 3952 in-

189 3978 304 4050 tegram
331 3966 372 4027 illi
397 3911 596 4028 oiedienriam
620 3975 813 4044 praestarent
855 3965 912 4026 Hic
932 3978 1029 4026 autern
1049 3967 1194 4028 refellitur
1217 3989 1322 4030 eorum

190 4041 368 4121 hypocrisis,
392 4044 443 4123 qui
461 4037 519 4104 sibi
538 4039 664 4102 insistis
683 4039 888 4119 blandiuntur,
906 4042 965 4104 acsi
983 4042 1080 4105 lucem
1099 4043 1230 4108 tenebris
1251 4065 1322 4126 pos-

189 4130 255 4177 sent
273 4120 464 4202 coniungere.
