2768 4856
190 247 285 328 ω’
511 287 514 294 =
575 262 632 325 io.
654 259 822 324 ciivrru
842 259 944 324 viri

193 410 256 482 esse
276 421 373 481 dicere
393 416 517 490 solebat,
536 427 569 476 ut
588 413 657 476 inde
677 416 779 491 exiret,
798 415 829 474 in
843 413 970 480 Galliam
992 431 1139 496 regressus
1160 412 1249 476 rebus
1264 416 1323 478 suis

108 567 110 574 ,
191 496 327 558 omnibus
347 495 389 556 ibi
408 515 474 554 com
498 493 594 566 ositis,
613 491 741 553 abducto
764 513 800 552 ue
820 512 908 571 quem
926 490 1045 551 unicum
1065 491 1250 582 superstitem
1269 491 1324 551 ba-

191 573 282 636 bebat
304 571 438 633 antonio
480 569 589 630 ‘aluino
614 569 720 642 fratre,
776 568 893 629 asileam
916 567 963 628 vel
988 569 1184 649 Argentinam
1213 569 1326 629 reverti

190 649 386 732 cogitantem,
411 646 576 708 interclusis
595 643 659 706 aliis
677 645 832 706 itineribus
852 666 906 726 per
925 643 1124 728 Allobrogum
1145 643 1218 705 fines
1239 641 1323 725 [toci.

190 727 309 808 Simoin]
335 725 392 786 iter
417 723 579 784 institutum
603 720 743 813 prosequi
771 721 846 782 bella
872 725 1045 804 coigemnt
1088 721 1135 780 Ita
1161 720 1270 782 lactum
1289 722 1326 782 ut

191 805 343 866 Generam
361 801 490 874 ueniret,
509 797 582 860 nihil
601 819 665 878 ipse
685 795 803 877 quidem
824 799 860 859 de
880 798 929 858 illa
949 796 1022 858 urbe
1043 798 1193 880 cogitans,
1217 799 1269 858 sed
1289 811 1327 858 ut

188 877 417 958 moxiapparuit
442 875 580 936 divinitus
604 897 643 936 eo
667 873 833 955 perductus.
876 875 949 934 Erat
967 873 1046 937 enim
1066 872 1098 932 in
1118 873 1198 936 illam
1217 873 1324 942 urbcrn

189 955 279 1038 paulo
309 966 378 1016 ante
408 949 582 1012 mirabiliter
610 951 811 1012 introductum
845 951 954 1012 Christi
983 949 1169 1044 evangelium
1196 952 1326 1012 duorum

189 1051 367 1095 summorum
387 1029 517 1089 virorum
537 1049 639 1110 opera,
660 1027 812 1088 Guilielmi
832 1027 940 1088 Farelli
960 1027 1147 1108 Delphinatis
1167 1027 1223 1108 [aar
1239 1050 1326 1104 prou.

187 1123 277 1173 nostr.
297 1103 456 1184 Dnaipbiiid
472 1105 559 1198 uoc.],
579 1125 641 1166 nou
661 1115 696 1162 ut
713 1104 830 1183 quidam
850 1106 1009 1167 commenti
1028 1118 1096 1166 sunt
1115 1103 1328 1176 excoenobio‚

186 1187 240 1247 sed
261 1207 294 1244 ex
312 1181 412 1244 schola
432 1181 534 1242 lacobi
553 1180 643 1241 labri
663 1180 844 1260 stapulensis
865 1182 1054 1260 prodeuntis,
1075 1193 1105 1242 et
1124 1181 1205 1241 Petri
1225 1181 1327 1240 Vireti

188 1261 333 1324 Orbensis
353 1281 387 1320 ex
406 1277 478 1342 agro
498 1257 657 1330 Beruensi,
684 1279 809 1336 quorum
827 1270 933 1337 postea
950 1256 1100 1320 laboribus
1120 1279 1156 1318 co
1179 1257 1326 1318 iosissime

186 1334 334 1400 Dominus
359 1335 516 1400 benedixit.
559 1335 621 1394 Eos
641 1333 731 1416 igitur
750 1355 856 1412 quum,
887 1346 920 1393 ut
937 1333 1016 1394 inter
1035 1335 1131 1397 bonos
1152 1279 1214 1394 deri
1233 1333 1328 1408 solet,

188 1415 327 1477 Calvinus
352 1412 496 1474 transiens
519 1410 679 1484 invisisset,
708 1421 770 1470 tuin
789 1409 935 1484 Farellus,
964 1423 998 1470 ut
1018 1423 1081 1472 erat
1099 1410 1185 1491 plane
1204 1411 1249 1470 vir
1268 1411 1327 1472 ille

186 1491 292 1573 spiritu
312 1489 439 1570 quodam
460 1488 581 1549 heroico
601 1487 728 1561 afflatus,
746 1485 844 1549 multis
865 1505 931 1546 eum
950 1486 1048 1550 uerbis
1068 1487 1174 1548 frustra
1187 1487 1326 1548 obtesta-

186 1581 249 1644 tus,
278 1578 313 1628 ut
330 1586 428 1628 seeum
470 1565 546 1626 otius
567 1564 708 1624 Generae
728 1561 879 1623 laboraret
898 1567 985 1644 'quam
1004 1564 1129 1647 longius¹
1142 1576 1332 1640 excurreret,

186 1665 242 1706 nec
263 1644 291 1704 ei
310 1643 397 1704 facile
409 1585 550 1700 Calvinus
570 1641 769 1712 assentiretur,
789 1640 851 1713 „At
861 1659 917 1722 ego
931 1640 985 1700 tibi
998 1640 1150 1720 (inquit)
1164 1641 1258 1701 studia
1271 1653 1328 1702 tua

185 1718 390 1812 „praeterenti
409 1715 551 1776 denuntio
572 1713 794 1795 omnipotentis
813 1714 873 1774 Dei
892 1717 1014 1778 nomine
1035 1717 1177 1792 suturam,
1197 1729 1244 1790 ut,
1264 1718 1330 1780 nisi

184 1819 237 1876 „in
258 1817 331 1876 opus
350 1795 427 1856 istud
438 1792 561 1855 Domini
581 1791 735 1852 nobiscum
755 1790 916 1864 incumbas,
935 1792 990 1853 tibi
1010 1813 1072 1854 non
1091 1805 1150 1854 tam
1171 1793 1329 1856 Christum

185 1894 294 1954 „quani
313 1883 344 1932 te
364 1871 459 1952 ipsum
480 1868 633 1950 quaerenti
650 1868 798 1928 Dominus
817 1869 999 1932 maledicam
1037 1871 1100 1930 llac
1120 1870 1247 1932 terribili
1265 1871 1326 1934 de-

119 1964 122 1973 '
184 1949 372 2010 nuntiatione
392 1945 511 2006 territus
524 1943 664 2006 Calvinus
683 1965 747 2006 sese
767 1945 943 2026 presbyterii
963 1955 994 2005 et
1011 1947 1193 2029 magistratus
1212 1947 1328 2008 volun-

185 2027 240 2088 tati
258 2024 401 2107 permisit,
420 2043 545 2103 quorum
560 2020 717 2101 suffragiis,
738 2021 896 2082 accedente
909 2021 1003 2102 plebis
1015 2043 1171 2101 consensu,
1190 2023 1329 2086 delectus

185 2123 248 2164 uon
268 2101 466 2162 concionator
482 2111 596 2160 tantuin
616 2097 690 2177 (hoc
710 2108 807 2158 autem
828 2097 955 2178 primum
973 2101 1148 2179 recusarat),
1166 2101 1330 2164 sedetiam

184 2199 331 2242 sacrarum
350 2177 499 2236 literarum
519 2175 654 2250 Ductor,
674 2172 755 2253 quod
773 2195 862 2234 unum
883 2176 1070 2252 admittebat,
1090 2189 1135 2238 est
1152 2177 1330 2261 designatus

184 2275 264 2317 anno
283 2249 409 2316 Domini
425 2251 624 2313 thllelVI.
643 2269 744 2312 meuse
763 2251 908 2333 Augusto.

259 2408 378 2486 (1536.)
405 2408 505 2498 Atque
524 2404 602 2466 idem
612 2405 661 2464 bic
672 2423 764 2474 annus
778 2403 865 2466 initio
877 2406 956 2466 inter
969 2405 1038 2466 duas
1052 2405 1182 2468 civitates
1192 2407 1329 2472 Rumam

183 2484 379 2553 etGenevam
399 2494 526 2542 arctiore
546 2483 669 2544 foedere
690 2481 903 2545 etLamannae
925 2484 961 2544 ad
972 2481 1121 2545 Christum
1140 2485 1330 2564 accessione,

184 2561 284 2623 babila
303 2559 439 2620 adversus
451 2557 625 2620 Pontificius
645 2556 739 2617 libera
759 2557 801 2617 dis
824 2557 967 2634 uthtione,
988 2561 1034 2620 cui
1049 2559 1188 2622 Calvinus
1201 2583 1330 2643 quoque

182 2637 335 2711 interluit,
365 2634 529 2698 celebratus
555 2647 607 2695 est.
656 2633 744 2694 Tunc
773 2648 852 2696 cita
872 2649 918 2696 est
940 2660 956 2698 a
981 2635 1108 2698 Calvino
1136 2636 1330 2702 Christianae
1371 2679 1372 2690 κ

183 2713 336 2775 doetrinae
364 2712 505 2791 quaedam
530 2711 623 2772 veluti
639 2708 791 2802 formula,
821 2713 938 2774 vixdum
962 2714 1126 2804 emergenti
1150 2735 1167 2774 e
1193 2715 1234 2775 Pa
1257 2728 1330 2778 atus

183 2789 319 2926 sqrdibus
347 2789 516 2924 Genevelqsi
542 2786 684 2878 ecclesiae
708 2787 937 2924 ἓεωὲιιωοιάτιῐι.
975 2789 1101 2881 Addidit
1120 2737 1331 2928 qiltiathate-

183 2884 546 3033 qpiqguffiqqnlqpbeimtqql'
563 2883 851 3002 tsnedqtpqiieusmossque
863 2880 1333 3080 δξέἰΐέτῖῗιιὶῗᾜταεεείζιιιὶυᾞίιὲ

116 3119 128 3130 -
183 3017 642 3174 §assuescentes
666 3015 1006 3184 tetttttlttlht
1030 3020 1333 3179 iagililihfftnfii]

184 3171 272 3232 nullis
291 3169 399 3242 etiam,
415 3189 490 3249 quae
509 3171 631 3232 maxima
679 3169 769 3230 alvini
788 3169 956 3236 sollicitudo
977 3174 1048 3250 luit,
1067 3173 1141 3234 clam
1161 3193 1234 3256 opus
1253 3175 1332 3237 Do-

184 3248 257 3308 mini
292 3246 534 3327 impedientibus,
573 3247 726 3308 ecelesiam
763 3268 829 3308 coni
853 3269 960 3326 onere,
999 3269 1016 3310 a
1051 3248 1163 3314 civibus
1193 3251 1334 3333 primum

185 3324 316 3386 ninnium
342 3324 513 3398 contendit,
545 3335 579 3382 ut
602 3334 720 3385 coactus
744 3269 872 3405 popubis
898 3327 1064 3402 universus,
1093 3328 1205 3389 eiurato
1225 3328 1333 3418 palam

184 3411 311 3480 papatu,
330 3399 367 3460 in
388 3397 585 3460 Christianam
605 3401 782 3482 religionem
802 3421 836 3462 ac
856 3400 1037 3484 disciplinam
1057 3404 1156 3484 paucis
1177 3405 1335 3486 capitibus

183 3477 427 3566 comprehensam
452 3475 571 3538 iuraret.
621 3477 713 3568 Quod
733 3476 793 3568 'etsi
817 3497 879 3538 non
904 3481 991 3577 pauci
1015 3491 1200 3571 recusarent,
1231 3494 1266 3540 ut
1294 3485 1334 3575 ln

146 3589 150 3602 '
182 3549 1210 3712 tlteVtgthi{tdiffluit?fdfflla'itltntt,
1232 3559 1336 3700 itt}

181 3718 281 3796 tamen
300 3706 446 3795 Dominus
465 3707 529 3772 XX,
549 3707 616 3766 Iulii
637 3727 716 3768 auno
736 3707 967 3786 utnxxxvn,
992 3723 1025 3772 ut
1043 3710 1139 3791 palam
1157 3723 1332 3790 praeeunte

178 3783 305 3918 publico
324 3782 437 3856 scriba,
456 3804 471 3841 a
493 3782 606 3844 Senatu
625 3774 804 3864 Populoque
825 3785 995 3848 Generensi
1014 3789 1045 3847 in
1067 3785 1251 3848 Christianae
1273 3811 1332 3852 re-

195 3883 203 3917 l

87 3871 89 3876 ’
205 3859 302 3940 gionis
321 3874 356 3920 ac
376 3858 547 3938 disciplinae
567 3860 652 3921 simul
672 3859 768 3941 capita
789 3862 943 3924 iuraretur.
981 3863 1050 3925 Istis
1068 3881 1140 3924 vero
1161 3865 1334 3928 exacerba-

180 3946 233 3997 tus.
244 3935 345 4008 Satan,
364 3946 406 4009 et,
425 3936 506 4015 quod
525 3935 631 3998 l'rnstra
651 3957 707 4018 per
725 3950 860 4000 externos
880 3940 979 4001 hostes
997 3939 1119 4001 infinitis
1138 3939 1233 4000 modis
1252 3953 1333 4004 ten-

182 4022 275 4084 tarat,
306 4011 425 4072 efficere
442 4031 504 4070 rese
523 4012 640 4092 pietatis
661 4010 787 4074 obtentu
806 4036 893 4095 posse
912 4028 1007 4094 ratus,
1041 4018 1169 4098 primum
1187 4019 1332 4083 oninium

182 4087 389 4167 Anabaptistas
409 4087 568 4166 quosdam,
597 4089 704 4150 deinde
723 4090 844 4152 Petrum
865 4093 986 4170 Caroli,
1014 4093 1051 4154 de
1092 4115 1131 4155 uo
1151 4114 1220 4154 mori
1238 4094 1334 4158 dice-

180 4185 274 4255 mus,
286 4164 441 4244 opposuit,
456 4165 516 4255 'qui
536 4185 610 4245 opus
623 4165 708 4227 'istud
726 4165 865 4246 Domini,
884 4171 945 4232 sive
966 4170 1047 4252 quod
1065 4115 1138 4232 ibid
1158 4167 1333 4251 qualemn-

183 4259 323 4321 queram
349 4251 413 4300 erat
437 4259 464 4299 ei
489 4261 670 4323 magnopere
696 4243 844 4325 ingratum
869 4258 960 4324 esset,
993 4246 1053 4310 sire
1079 4247 1159 4327 quod
1185 4267 1220 4308 ea
1245 4269 1335 4328 quae

181 4329 285 4397 postea
305 4327 486 4402 consequuta
505 4331 573 4379 sunt
592 4319 794 4398 prospiceret,
813 4343 875 4384 aori
895 4323 1129 4386 interturbarent
1147 4324 1250 4400 modo,
1270 4348 1334 4390 ve-

155 4475 160 4488 ·
182 4415 252 4479 runq
272 4393 360 4454 etiam
385 4393 570 4458 destruerent
592 4415 711 4475 prorsus
737 4409 824 4480 atque
843 4401 1060 4464 subverterent.
1099 4400 1161 4464 Sed
1181 4413 1335 4466 antever-
