2766 4834
187 287 246 350 10⁰
348 277 501 344 secato
511 267 575 342 liv.
614 277 691 340 Iesu
710 290 894 340 caraunus
915 291 959 340 rr
975 287 1162 339 rrurnrro.

189 436 353 514 sequuntur
369 432 556 514 particularia
576 431 692 506 officia,
712 429 819 512 quibus
838 430 1033 512 doctsnerga
1051 427 1233 502 Ecclesiam,
1258 443 1335 488 ma-
1373 453 1374 460 ¹

190 512 332 591 gistratus·
346 510 398 584 rel·
414 510 550 590 princeps
571 527 641 592 erga
661 507 804 589 populum
825 519 856 566 et
875 505 998 570 vicissim
1018 527 1058 587 po
1081 505 1146 566 ulus
1167 525 1239 588 erga
1257 525 1335 564 ma-

170 607 176 630 s
211 588 356 660 istratum,
380 585 497 646 marinas
518 603 588 676 erga
607 605 742 657 uxorem,
769 582 941 650 etvicissim
961 605 1032 664 erga
1052 527 1134 642 illum
1154 603 1244 656 uxor,
1271 581 1334 641 filii

188 607 318 742 denique
339 675 370 722 et
388 674 525 743 parentes
545 672 623 722 inter
642 683 674 722 se
694 659 827 721 obstricti
847 671 922 720 sunt.
961 659 1060 720 Porro
1082 659 1149 738 quia
1170 657 1332 738 publicani

187 744 237 818 (ut
263 751 306 800 est
347 759 417 800 enus
437 738 588 800 bantinum
608 759 739 812 arantur,
765 756 869 816 rapax,
895 748 925 796 et
940 736 1079 812 crudele)
1104 756 1192 815 saepe
1213 734 1256 794 ini
1280 735 1332 802 uis

188 758 386 876 unctionibus
405 814 524 896 plebem
542 813 697 886 vexabant,
715 813 795 888 vitia,
815 809 919 892 quibus
939 824 971 875 et
990 811 1147 892 plurimum
1164 811 1269 872 labora
1297 823 1331 870 at

186 892 262 952 ordo
282 890 343 966 ille,
360 891 590 971 taxatBaptista,
610 890 771 970 prohibens
790 911 829 950 ne
850 890 880 947 in
902 888 1050 971 exigendis
1062 887 1178 948 tributis
1197 889 1329 947 modum

187 967 337 1028 excedant.
383 968 462 1027 Hinc
488 979 588 1030 tamen
608 966 787 1048 colligimus,
812 964 981 1026 Christiano
1003 963 1115 1024 bomini
1140 986 1202 1026 non
1223 965 1328 1024 minus

185 1045 229 1103 las
254 1063 317 1104 esse
342 1044 458 1128 exigere
483 1043 607 1116 tributa,
656 1065 724 1103 uam
748 1041 929 1126 magistratui
953 1042 1109 1120 imponere
1135 1041 1326 1110 conceditur.

184 1120 269 1180 Idem
295 1131 325 1180 et
344 1121 381 1180 de
399 1121 503 1182 militia
521 1065 721 1183 sentiendum:
749 1139 812 1180 non
832 1117 917 1178 iubet
935 1118 1063 1178 Ioannes
1088 1138 1167 1177 arma
1187 1116 1325 1176 abiicere

183 1195 303 1271 milites,
323 1210 354 1258 et
372 1209 555 1258 sacramento
575 1217 629 1256 suo
650 1195 834 1269 renuntiare,
853 1195 906 1254 aed
925 1207 1006 1264 uetat
1022 1192 1142 1284 militiae
1162 1206 1324 1274 praetextu

72 1269 78 1286 '
184 1273 313 1353 expilare
337 1274 472 1334 miseram
504 1271 641 1354 plebem,
670 1271 821 1333 calumniis
850 1291 995 1352 premere·
1010 1271 1162 1345 innoxios,
1191 1271 1323 1352 grassari

105 2153 108 2159 ι
177 2133 242 2172 rom
268 2133 302 2172 ex
321 2133 445 2186 nurnero
471 2126 586 2174 suntin

182 1349 367 1430 praedonum
385 1370 485 1423 more,
505 1360 538 1409 ut
557 1348 674 1430 plurimi
691 1348 846 1410 solebant:
873 1367 963 1426 quare
983 1347 1013 1406 in
1034 1347 1077 1408 bis
1095 1345 1194 1409 ve'rbis
1214 1347 1320 1406 subest

181 1447 248 1486 non
267 1424 391 1490 obscura
412 1425 533 1506 politiae
553 1425 740 1506 approbatio.
783 1425 807 1483 F
809 1423 934 1486 rivolum
958 1423 1091 1486 cavillum
1111 1435 1172 1498 est,
1197 1423 1246 1484 bic
1266 1445 1319 1488 ru-

64 1555 69 1572 ,
152 1515 154 1522 ’
183 1501 403 1584 ὥδωιῑαιιῐιιω
423 1501 568 1562 elementa
591 1501 683 1574 tradi,
707 1522 783 1581 quae
808 1502 858 1560 lon
883 1521 898 1560 e
924 1500 1001 1560 inira
1020 1499 1219 1561 ¹Christianam
1245 1521 1319 1580 per·
1373 1545 1374 1552 κ

181 1578 344 1639 sectionem
373 1577 532 1639 subsidant,
581 1579 701 1639 Ioannis
725 1599 829 1638 munus
854 1520 910 1638 dria
937 1576 1057 1657 -plebem
1082 1576 1216 1637 Domino
1245 1598 1317 1656 per-

183 1655 291 1716 lectam
312 1677 328 1716 a
352 1663 429 1730 tere,
455 1676 510 1716 nec
530 1652 650 1714 dubium
671 1666 732 1728 est,
758 1654 829 1734 quin
849 1653 975 1714 fideliter
999 1653 1030 1712 in
1051 1655 1109 1714 hoc
1122 1659 1209 1714 to'tus
1229 1651 1316 1713 incu-

157 1730 287 1792 buerit.
364 1742 377 1789 t
403 1743 483 1791 certe
507 1729 702 1812 Evangelium
730 1729 871 1813 sacrilega
898 1729 1040 1795 calumnia
1071 1731 1229 1804 infamant,
1264 1730 1316 1810 qui

179 1807 276 1886 ipsum
300 1805 411 1866 faciunt
431 1807 610 1867 contrarium
630 1806 762 1866 humanis
781 1806 925 1886 imperiis,
950 1807 1010 1868 acsi
1036 1807 1202 1880 destrueret
1223 1805 1315 1868 Chri-

179 1895 257 1956 stus,
277 1881 358 1962 quod
378 1883 512 1944 coelestis
531 1883 621 1944 Pater
639 1882 768 1944 sancivit
806 1883 899 1963 Atqui
917 1895 1050 1944 mortuae
1069 1896 1138 1944 sunt
1156 1881 1256 1964 leges,
1283 1895 1315 1942 et
1373 1919 1374 1924 κ

178 1958 291 2020 indiciis
316 1957 395 2018 nulla
415 1959 462 2022 ‘vis
492 1980 548 2020 nec
574 1961 730 2020 auctoritas
759 1959 837 2028 inest
859 1961 922 2020 sine
947 1960 1057 2042 gladio.
1107 1962 1170 2020 Nec
1197 1972 1313 2020 tantum

175 2033 316 2104 carnifice
337 2055 410 2115 opus
430 2035 520 2100 babet
537 2037 737 2172 maffisuatus,
764 2037 816 2098 sed
835 2036 897 2098 aliis
917 2057 1037 2116 quoque
1056 2034 1209 2111 ministris,
1235 2057 1314 2116 quo·
1373 2089 1374 2104 ,

610 2114 679 2186 les,
703 2113 755 2174 ubi
779 2134 841 2174 non
866 2112 951 2172 aliter
970 2133 1073 2192 parem
1098 2112 1175 2172 taeri
1200 2124 1312 2192 potest,

176 2209 264 2270 quam
281 2187 401 2278 illorum
421 2189 567 2269 praesidio
588 2202 618 2250 et
636 2209 733 2272 manu.
772 2191 901 2250 Tantum
921 2189 1149 2262 considerandus
1170 2201 1215 2249 est
1234 2189 1312 2263 linis,

66 2266 70 2272 ’
175 2285 216 2326 ne
243 2265 390 2346 principes
413 2265 556 2348 sanguine
581 2267 709 2327 humano
730 2265 831 2328 ludere
857 2265 912 2327 sibi
931 2266 1119 2345 permittant,
1143 2265 1310 2326 nemilites

175 2358 241 2402 suas
266 2361 371 2420 operas
396 2344 433 2403 ad
451 2343 642 2404 mactandum
673 2341 805 2404 locantes
832 2341 906 2402 lucri
926 2342 1070 2420 cupidine
1096 2341 1132 2402 ad
1159 2343 1310 2404 saevitiam

126 2520 128 2532 μ
174 2415 427 2557 ffifflffii'i‘d
450 2419 625 2482 necessitate
651 2431 681 2481 et
707 2419 843 2501 publicae
870 2415 1001 2486 utilitatis
1025 2429 1163 2502 respectu
1188 2418 1309 2500 utrique
1373 2525 1374 2532 ἵ

165 2781 169 2788 ,
215 2709 301 2800 (29.)
325 2719 496 2786 MATTH.
523 2718 576 2786 111.
618 2719 675 2787 ll.
707 2720 778 2808 Ego
811 2719 941 2810 quidam
967 2719 1101 2809 baptizo
1132 2744 1194 2790 vos
1223 2744 1307 2810 aqua

173 2819 215 2888 od
237 2821 485 2907 poenitentiamt
507 2828 539 2884 at
560 2822 617 2908 qui
638 2831 711 2907 post
732 2845 783 2888 me
804 2826 903 2900 venit,
925 2822 1041 2888 fortior
1061 2843 1113 2886 me
1135 2821 1192 2902 est,
1215 2827 1307 2888 cuius
1373 2853 1374 2888 t

171 2941 240 2996 noo
262 2941 331 2986 sum
351 2918 504 3008 idoneus,
526 2930 562 2986 ut
584 2920 799 2990 calceamenta
820 2934 961 3010 portem:
988 2927 1057 3009 ipse
1079 2945 1138 2988 vos
1159 2919 1307 3010 baptiza-

170 3021 220 3086 bit
240 3021 362 3108 Spiritu
384 3025 496 3086 sanoto
526 3032 559 3086 et
578 3024 654 3110 igni.
700 3025 750 3089 tc.
778 3021 882 3092 Cuius
908 3024 1123 3090 ventilabrum
1150 3027 1184 3090 in
1205 3047 1306 3092 manu

126 3123 142 3186 ¹,
170 3124 286 3208 ipsius,
314 3131 348 3186 et
367 3121 595 3209 permundabit
617 3147 851 3203 areamsuam,
877 3136 909 3189 et
935 3124 1143 3214 congregabit
1162 3123 1304 3190 triticum

67 3303 71 3322 Ι
170 3223 205 3287 iu
236 3221 388 3289 borreum
418 3245 525 3290 suum:
559 3224 672 3312 paleae
707 3236 813 3293 autem
853 3221 1021 3292 comburet
1044 3229 1120 3315 'igni
1152 3211 1304 3303 inexstin-

171 3319 294 3408 guibili.
543 3389 545 3394 ,
735 3379 736 3382 ,
892 3382 896 3391 ,
1152 3403 1155 3410 ,

253 3457 392 3527 Metto.
419 3460 441 3524 l.
489 3461 517 3525 7.
552 3459 595 3526 Et
621 3459 830 3544 praedicabat
862 3461 987 3541 dicens,
1019 3461 1120 3526 Venit
1145 3457 1300 3547 pos't'me

71 3548 76 3557 ’
169 3550 300 3644 quidam
320 3559 436 3626 fortior
456 3582 522 3640 me,
553 3563 645 3626 cuius
666 3561 823 3628 nonium
844 3561 997 3640 idoneus,
1028 3573 1063 3626 ut
1081 3563 1301 3648 procumbens

166 3657 290 3724 soleam
307 3663 481 3748 ,corrigiam
503 3660 801 3729 calceamentorum.
842 3664 873 3730 8.
893 3664 965 3749 Ego
985 3662 1116 3751 quidem
1136 3662 1301 3752 baptizavi
1344 3683 1349 3688 ·

166 3779 226 3826 vos
248 3781 346 3848 aqua:
368 3761 425 3830 ille
445 3784 524 3828 vero
547 3761 725 3850 baptizabit
744 3785 805 3831 vos
820 3762 943 3852 Spiritu
964 3775 1085 3830 sancto.

250 3895 351 3962 LUC.
377 3896 430 3961 lll.
473 3898 522 3963 15.
550 3899 764 3984 Exspectante
786 3909 891 3964 autem
912 3898 1051 3987 populo,
1077 3907 1110 3964 et
1130 3899 1299 3985 cogitanti-

86 4018 88 4032 ·
163 3991 226 4059 bds
253 3995 403 4062 omnibus
429 3998 464 4061 in
492 3997 647 4063 cordibus
680 4001 746 4064 tuis
771 3997 814 4064 de
840 4000 978 4077 Ioanne,
1009 4022 1086 4066 num
1112 4003 1183 4086 ipse
1210 4013 1297 4067 essct

72 4139 77 4148 „
165 4093 328 4160 Christus:
368 4097 417 4161 16.
447 4099 631 4184 Respondit
657 4099 796 4166 loannes
818 4104 955 4180 cunctis,
981 4099 1106 4179 dicens,
1131 4101 1203 4185 Ego
1225 4105 1296 4188 qui·
1372 4113 1374 4124 ⁴

163 4193 237 4258 dem
260 4215 343 4281 aqua
362 4194 493 4283 baptizo
514 4219 587 4275 vos,
610 4197 669 4264 sed
690 4201 779 4265 venit
799 4201 916 4266 fortior
936 4221 1002 4280 me,
1023 4205 1114 4266 cuius
1134 4222 1203 4267 non
1223 4223 1294 4268 sum

65 4289 80 4326 ³
163 4293 279 4380 dignus
301 4293 431 4380 solvere
453 4301 622 4386 corrigiam
647 4297 952 4367 calceamentorum:
979 4305 1049 4388 ipsc
1071 4325 1130 4368 vos
1150 4301 1293 4388 baptiza-

77 4441 83 4452 „
161 4389 213 4458 bit
230 4392 352 4482 Spiritu
372 4407 484 4464 sancto
515 4408 547 4462 et
568 4401 642 4482 igni.
692 4401 742 4466 17.
770 4396 875 4467 Cuius
894 4401 1111 4472 ventilabrum
1138 4406 1171 4468 in
1192 4424 1292 4470 matio
