2790 4838
302 319 305 326 ’
403 297 657 367 Arosroioainr
676 281 880 371 issrirurioss
1149 317 1209 382 aaa

74 457 227 518 maximnm
247 458 413 538 periculum
433 470 489 534 est,
507 479 547 518 nc
567 459 681 551 ignavia
701 459 864 536 tardentur,
883 461 997 523 siii'ccre
1016 477 1071 542 per
1093 481 1143 524 ere
1161 464 1207 525 iit-

72 535 134 609 bet,
170 554 354 626 quocunque
382 537 460 598 teret
486 549 614 596 vocatio.
656 539 756 616 Atque
787 537 845 598 hoc
878 531 988 620 duplici
1018 540 1208 602 similitudine
1240 545 1256 564 ⁸

72 611 215 694 exprimit
257 611 436 694 Serpentes,
466 631 555 692 quum
576 634 607 673 se
628 633 731 676 erosos
749 616 894 690 sentiant,
913 615 1040 676 sollicite
1060 614 1209 678 declinant

71 711 102 748 ae
122 688 294 770 refugiunt,
325 689 468 770 quicquid
489 689 545 749 sibi
573 689 725 750 adversum
751 704 807 752 est:
839 691 879 751 ita
900 691 1035 752 fidelibus
1054 695 1210 754 mandatur

71 768 145 826 ritae
165 785 237 826 sime
260 787 340 840 cura,
360 787 398 826 ne
410 779 521 828 temere
534 767 564 826 iii
586 767 741 828 discrimen
783 769 927 842 resiliant,
946 783 1038 860 seque
1058 779 1209 850 exportant

71 845 103 902 iil
123 841 275 922 quaslibet
295 864 393 904 noxas.
434 843 547 904 Contra
567 861 638 902 vero
659 786 831 921 columbae,
857 847 986 924 quamvis
1006 847 1065 907 siut
1085 847 1207 926 pavidae

71 931 181 992 natura,
204 917 366 980 innumeris
383 919 560 980 laesionibus
582 919 744 995 obnoxiae,
763 922 936 1002 simpliciter
954 935 1052 982 tamen
1071 923 1208 1000 volitant,

71 995 149 1088 qumi
170 1017 294 1056 securae
316 1010 484 1077 exspectant
504 997 571 1056 ilum
594 996 751 1072 feriantur,
782 1000 957 1079 pleramque
977 1002 1064 1059 etiam
1086 1013 1207 1081 captati*-

71 1088 137 1132 tium
166 1072 283 1133 insidiis
309 1093 339 1134 se
365 1074 517 1134 obiiciunt
568 1073 614 1136 bd
639 1073 714 1133 hane
739 1075 956 1155 simplicitatem
982 1077 1116 1138 hortatur
1134 1083 1208 1137 'suus

72 1149 222 1222 Christus,
257 1169 295 1209 ne
321 1150 481 1242 trepidatio
506 1149 594 1208 nimia
614 1150 716 1212 cosin
737 1153 908 1234 peragendo
933 1165 1019 1213 cursu
1038 1173 1091 1214 suo
1107 1153 1208 1244 impt-

71 1227 136 1284 diat
189 1226 270 1285 Sunt
290 1247 339 1306 qui
359 1228 469 1290 acutius
492 1227 537 1287 hic
558 1225 805 1318 philosophantur
832 1230 867 1287 de
889 1241 991 1288 natura
1010 1241 1155 1309 serpentis
1175 1243 1207 1292 et
1281 1265 1284 1270 ·

71 1301 243 1378 columbae,
274 1305 325 1363 sed
352 1321 412 1363 non
438 1305 515 1368 ultra
540 1304 731 1384 progreditur
757 1303 928 1363 similitudo.
966 1305 1106 1366 Videmus
1132 1321 1206 1398 crgo

70 1379 203 1439 damnari
223 1402 240 1438 a
262 1379 381 1440 Christo
402 1381 549 1440 carnalem
571 1379 771 1458 prudentiam,
805 1377 850 1442 vel
868 1379 969 1459 potius
988 1381 1148 1456 vafritiem,
1175 1405 1207 1444 iii

71 1476 125 1534 qua
145 1455 205 1515 sibi
225 1456 291 1536 plus
318 1477 352 1516 ae
375 1477 414 1518 uo
441 1457 522 1518 bona
544 1477 610 1536 pars
636 1455 788 1530 hominnm
814 1456 895 1515 indul
919 1468 977 1532 et,-
994 1455 1062 1516 dum
1083 1459 1214 1518 circum-⁴

70 1532 199 1624 spiciunt
218 1533 276 1593 huc
297 1544 327 1592 et
346 1477 431 1606 illue,
456 1545 599 1613 quatenus
619 1544 713 1592 tutum
734 1533 805 1607 erit,
832 1477 961 1614 proillre.
999 1534 1045 1594 Ita
1066 1535 1134 1595 dum
1155 1545 1209 1617 pe,-

69 1609 192 1670 rich'tari
212 1609 336 1683 nolunt,
357 1609 479 1670 Christo
498 1609 615 1670 vocanti
635 1609 815 1669 renuntiant
1223 1653 1227 1666 ,

143 1693 193 1752 17.
236 1687 450 1746 Gntetenuiem
468 1686 505 1746 nb
523 1684 691 1748 horninibus.
728 1687 873 1748 Erasmus·
886 1685 1013 1762 addidit,
1044 1687 1119 1746 litis:
1141 1688 1209 1767 quia

71 1763 184 1852 putavit
204 1763 330 1824 articulo
350 1765 409 1822 sim
421 1763 640 1824 demonstrativi
657 1761 841 1844 pronominis
861 1763 989 1823 subesse.
1029 1765 1121 1843 niqui
1140 1782 1208 1830 meo

72 1841 197 1913 iudicio,
226 1839 381 1900 indefinite
402 1841 535 1920 accipere
555 1841 643 1900 satius
664 1851 725 1916 est,
745 1839 802 1900 acsi
823 1841 941 1900 dixisset
961 1841 1111 1916 Christus,
1130 1841 1210 1903 inter

72 1915 222 1992 homines,
252 1916 305 1976 ulii
333 1918 430 1977 omnia
455 1918 544 1998 plena
565 1928 632 1976 sunt
651 1917 761 1977 insidiis
783 1929 812 1976 et
831 1917 929 1990 noxis,
960 1920 1121 1998 prudenter
1141 1939 1209 1980 ver-

72 1994 193 2052 sandum
218 2013 291 2054 esse.
337 1994 474 2076 Pugnare
499 2005 597 2054 tamen
621 2013 719 2054 secum
744 1993 876 2054 videtur:
908 2012 976 2054 uani
1001 1995 1072 2054 haec
1097 1996 1209 2075 optima
1279 2032 1281 2045 κ

71 2081 147 2128 essct
168 2070 292 2130 cavendi
312 2071 408 2144 ratio,
448 2071 593 2131 damires
614 2087 683 2129 suas¹
698 2089 802 2154 agere,
841 2089 897 2131 nec
920 2091 951 2130 se
971 2072 1156 2132 conimittere
1177 2073 1208 2132 in

72 2146 233 2226 publicam.
271 2147 469 2227 Respondco‚
500 2148 579 2210 aliud
604 2148 651 2207 hic
671 2149 767 2207 notari
793 2147 936 2208 cautionis
957 2165 1065 2239 geniis,
1095 2169 1156 2208 non
1177 2161 1210 2208 ut

70 2235 154 2282 metii
179 2225 308 2304 perculsi
335 2223 371 2283 ab
393 2225 495 2284 officio
516 2226 743 2306 supersedeant,
774 2226 824 2284 scd
850 2243 888 2283 nc
908 2223 1010 2284 subitis
1031 2225 1113 2292 malis
1131 2225 1209 2285 ultra

70 2299 190 2358 modurn
212 2301 378 2361 turbentur.
437 2301 552 2361 Scimus
572 2301 668 2376 enim,
699 2301 748 2379 qui
774 2311 893 2380 praeter
915 2321 997 2380 spem
1017 2300 1210 2360 circumventi

74 2387 157 2450 sunt,
188 2377 333 2437 exanimes
354 2379 522 2441 concidere.
559 2377 682 2437 Eminus
703 2395 775 2458 ergo
797 2378 967 2456 prospicere
986 2397 1054 2436 suos
1077 2377 1210 2438 Christus

71 2451 176 2526 soluit,
197 2454 268 2532 quid
291 2455 417 2514 luturiiin
439 2466 526 2528 essct,
545 2467 579 2512 ut
591 2454 627 2513 ad
647 2451 817 2512 subeundos
838 2453 993 2512 condictus
1012 2461 1124 2512 mature
1145 2453 1209 2512 ani-

69 2549 133 2587 mos
154 2544 380 2622 componerent.
418 2531 558 2611 Denique
586 2529 736 2588 classicum
762 2529 817 2588 illis
842 2529 937 2601 canit,
977 2539 1010 2586 ut
1034 2549 1064 2586 se
1086 2526 1210 2588 alacrius

70 2607 107 2664 ad
126 2607 275 2685 proelium
295 2609 464 2698 accingant:
495 2629 562 2666 riam
583 2605 667 2665 siouti
688 2604 846 2664 immodica
866 2603 1069 2685 providentia,
1095 2614 1125 2662 ct
1145 2604 1209 2682 plus

71 2702 158 2760 quari
183 2705 237 2763 par
263 2696 309 2742 cst
332 2706 432 2757 anxia,
460 2685 568 2744 multos
588 2681 740 2756 debilitat,
771 2682 813 2743 ita
830 2681 937 2740 multos
958 2679 1087 2738 inebriat
1105 2680 1210 2814 supina

69 2757 228 2834 securitas,
262 2773 295 2820 ut
321 2760 488 2820 inconsulte
512 2771 631 2820 ruentes
657 2757 774 2840 inipso
795 2756 919 2816 articulo
941 2755 1086 2816 deficiant.
1160 2779 1210 2814 rii-

70 2833 231 2895 disteterint
248 2849 299 2896 uos
317 2841 350 2896 iii
368 2837 502 2901 condlio.
548 2833 626 2895 Colli
650 2856 699 2896 ere
720 2855 804 2916 proni
829 2845 889 2897 tum
917 2845 961 2893 est
985 2853 1020 2892 ex
1038 2829 1083 2892 his
1102 2830 1212 2908 verbis,

72 2931 149 2990 qnae
169 2933 248 2973 nuuc
269 2914 428 2973 certamina
450 2914 603 2973 denuntiat
626 2855 778 2992 bpostulis
800 2855 932 2974 ghristus
956 2909 994 2970 ad
1013 2909 1135 2988 primam
1161 2929 1212 2968 eii-

70 2988 272 3124 pleditiouem,
302 2990 334 3050 iii
355 3011 411 3069 qua
432 2991 506 3050 nihil
525 2989 584 3050 lale
605 2989 718 3068 experti
737 2999 821 3061 sunt,
840 2985 988 3069 restringi
1008 3005 1070 3045 non
1091 2985 1211 3046 debere.

100 3067 128 3125 ie
150 3079 248 3126 antem
265 3078 309 3128 cst
328 3065 538 3148 praedictionis
557 3086 679 3202 scopus,
709 3087 747 3126 nc
768 3086 903 3150 unquam
918 3063 1107 3144 frangantur,
1141 3063 1211 3153 quia
1227 3114 1234 3130 ‚

68 3163 153 3203 rarae
173 3143 287 3203 virtutis
308 3155 371 3203 erat
389 3143 587 3224 pauperculus
629 3142 751 3217 omines,
772 3162 861 3221 quum
876 3141 906 3199 iu
922 3151 1113 3219 conspectum
1150 3161 1213 3198 riri-
1241 3143 1246 3158 ¹

69 3220 167 3299 cipum
188 3221 351 3296 venissent,
381 3221 530 3300 praesenti
556 3231 633 3279 stare
660 3219 775 3294 animo,
805 3237 861 3280 nec
881 3216 944 3276 ullo
970 3217 1073 3274 mundi
1092 3160 1212 3298 fulgore

68 3295 193 3356 turbari.
231 3298 493 3371 Admouetetiain,
513 3317 576 3356 nou
594 3296 626 3355 in
638 3296 746 3356 ludica
767 3294 873 3368 solum,
893 3294 943 3354 sed
964 3293 996 3352 in
1016 3292 1091 3354 locis
1111 3313 1213 3352 remo·

70 3373 198 3434 tiorilius
215 3375 410 3454 pugnaudiun
430 3373 488 3433 illis
515 3373 598 3448 lore,
637 3393 700 3432 non
719 3384 833 3432 tantum
853 3384 887 3431 ut
906 3370 956 3430 lon
981 3391 997 3429 a
1017 3369 1215 3430 meditatione

70 3466 101 3506 se
121 3462 297 3532 comparent
317 3451 354 3510 ad
373 3449 452 3509 illam
473 3446 616 3526 militiam,
635 3449 731 3509 scdut
746 3448 878 3532 magistri
898 3391 1025 3528 prolhss'
1046 3467 1080 3507 ac
1101 3443 1214 3535 confir·
1270 3486 1278 3498 .

71 3522 144 3582 mati
168 3525 343 3587 coelestibus
369 3527 504 3608 auspiciis
529 3548 560 3586 se
590 3547 623 3586 re
646 3525 654 3542 '
681 3547 744 3585 non
773 3523 952 3586 dubitarent.
1006 3469 1099 3602 bned
1123 3521 1214 3594 addit,

70 3603 101 3659 iii
121 3603 310 3662 metum
328 3603 390 3664 attis
408 3601 598 3679 agasastus,
651 3623 708 3662 unc
728 3600 819 3662 habet
837 3621 970 3677 sensum,
989 3599 1105 3660 Exteris
1125 3597 1214 3658 etiam
1312 3655 1322 3678 Ι

71 3677 256 3758 principibus
281 3692 312 3738 et
335 3680 505 3770 longinquis
530 3679 702 3743 nationibus
721 3679 885 3740 tesbndam
912 3697 974 3738 esse
994 3673 1054 3737 Dei
1073 3667 1213 3736 volunta-

71 3767 142 3828 tem,
161 3765 196 3814 ut
213 3753 274 3814 sint
294 3749 514 3816 inexcusabiles.
552 3753 641 3816 Utile
661 3756 804 3835 sequitur,
824 3775 887 3816 nori
907 3753 1020 3814 irritam
1040 3749 1107 3811 fore
1127 3749 1214 3829 Apo-

70 3829 375 3912 stoloruniioperam,
406 3853 480 3911 quae
499 3833 559 3893 Dei
585 3832 723 3895 iudicium
743 3831 916 3907 illustrabit,
944 3828 997 3892 ubi
1021 3823 1212 3907 suaepervi-

70 3908 168 3968 casiae
189 3909 318 3969 convicti
339 3909 449 3972 suerint
469 3909 610 3970 homines.
1050 3977 1059 3994 .
1172 3975 1180 3992 ι

144 3989 192 4049 19.
232 3983 360 4046 Nostris
378 3985 501 4046 solliciti.
540 3983 862 4046 Additui‘consolatio:
883 3983 991 4045 frustra
1010 3987 1214 4042 enimceuties
1261 4041 1265 4054 ⁸

69 4059 203 4121 hortatus
225 4074 302 4122 esset
313 4062 448 4123 Christus
468 4060 636 4144 discipulos,
657 4061 713 4122 nisi
732 4061 790 4122 illis
809 4061 897 4121 simul
912 4059 1102 4140 promitteret
1113 4053 1212 4145 Deum

70 4135 248 4211 affuturum,
278 4159 312 4199 ac
338 4139 399 4199 eius
418 4140 527 4199 virtute
548 4150 629 4200 certo
651 4159 702 4198 eos
724 4138 792 4198 sore
812 4138 948 4198 victores.
989 4129 1073 4220 Jlinc
1094 4131 1212 4214 colligi-

68 4233 147 4286 mus,
174 4213 297 4274 minime
318 4215 430 4276 Christi
454 4215 609 4276 consilium
630 4213 734 4289 luisse,
764 4211 971 4274 denuntiandis
997 4207 1136 4300 periculi-s
1156 4209 1212 4268 uii-

71 4309 164 4350 nuere
183 4291 273 4354 studii
295 4292 441 4367 ardorem,
503 4311 521 4352 o
543 4291 616 4354 disci
638 4291 703 4352 ulos
723 4291 850 4374 flagrare
870 4307 990 4349 necesse
1011 4298 1084 4362 erat,
1103 4307 1127 4345 si
1147 4307 1213 4344 mu-

70 4385 124 4426 nus
143 4386 228 4428 suum
240 4368 298 4428 rite
313 4369 477 4449 essequive
501 4373 561 4430 ent
599 4311 741 4450 hlagnum
762 4365 880 4504 <puidam
900 4376 946 4426 est
963 4365 1109 4426 sustinere
1128 4361 1211 4442 prin·

70 4443 169 4522 tipum
189 4458 396 4528 conspectum:
416 4443 613 4527 nequeenim
632 4456 747 4508 tautum
782 4443 915 4520 ormidol
926 4441 997 4588 pgd*
1005 4441 1068 4523 ipsa
1090 4455 1210 4519 quoque
