2814 4846
152 212 193 284 ω
289 143 295 170 ¹
364 205 482 274 SECT.
498 207 587 272 xm
626 220 800 272 sannone
820 221 864 268 ur
883 219 1096 270 ramosas.

154 387 253 455 quum
274 365 354 434 lacis
373 367 574 444 convivium,
597 387 685 464 voca
697 383 877 454 pauperes,
906 359 1050 442 debiles,
1070 361 1224 446 claudos,
1245 387 1324 432 coe·

156 491 222 536 cos.
272 470 322 536 ll.
340 469 392 537 ²Et
416 469 531 562 beatus
558 471 638 549 eris,
670 471 745 556 qnia
772 487 840 534 non
868 476 1004 553 possunt
1029 466 1215 556 rependere
1244 467 1325 537 tibi:

155 573 354 660 rependetur
375 577 461 641 enisu
483 572 542 660 tibi
561 576 596 658 in
616 573 853 653 resurreetione
875 572 1040 636 iustorum.

180 707 185 730 ⁸
229 737 303 800 Luc.
322 745 351 806 7.
385 721 512 798 'Diceae
529 733 573 798 ad
588 737 730 798 ϋιυίιιιιοι.
766 732 892 806 Scimus,
912 744 1098 815 quantopere
1111 730 1323 798 inl'harisaeis

154 812 317 897 etScrihis
342 814 480 890 omnihus
505 811 675 897 regnaverit
697 809 830 874 ambitio.
870 799 971 900 Quum
995 822 1091 870 autem
1113 810 1254 872 omnihus
1274 833 1324 872 su-

155 887 248 970 perbe
268 889 413 952 dominari
433 901 591 970 cuperent,
615 901 719 949 mutuo
744 885 831 948 etiam
856 885 934 950 inter
953 907 1034 966 spsos
1054 898 1119 948 erat
1137 887 1174 948 de
1194 887 1324 968 primatu

156 968 351 1049 concertatio,
388 968 457 1030 Hoc
477 958 556 1026 en'im
578 953 688 1026 habent
707 965 841 1026 homiues
850 961 947 1024 inanis
957 961 1072 1045 gloriae
1085 963 1196 1044 cupidi,
1218 976 1253 1024 ut
1261 965 1324 1025 sin-

153 1041 217 1126 guli
236 1042 316 1104 ultro
335 1043 470 1124 citroque
489 1041 547 1104 sibi
564 1041 726 1117 invideant,
745 1041 817 1102 dum.
831 1037 955 1120 quisque
969 1037 1007 1100 ad
1022 1061 1054 1102 se
1067 1041 1185 1100 trahere
1197 1041 1325 1122 appetit,

155 1117 236 1198 quod
255 1118 311 1182 sibi
329 1119 380 1180 alii
399 1119 503 1180 deberi
522 1129 636 1200 putant.
674 1119 720 1178 lta
738 1115 889 1178 Pharisaei
907 1125 938 1176 et
956 1114 1093 1191 Scribas,
1112 1137 1201 1198 quum
1215 1137 1324 1178 omnes

154 1193 266 1274 pariter
283 1196 362 1277 apud
381 1217 421 1276 po
446 1195 524 1256 ulum
543 1215 575 1257 se
594 1193 781 1259 venditarent
799 1191 875 1256 sacri
894 1191 1006 1254 ordinis
1024 1193 1126 1269 titulo,
1143 1213 1222 1254 nuuc
1239 1193 1325 1254 inter

138 1291 187 1342 ,se
213 1271 399 1335 contendunt
423 1219 460 1336 de
485 1270 608 1334 honoris
631 1271 741 1362 gradu,
764 1269 833 1351 quia
857 1269 1126 1406 q‘lffi‘l‘ffi'imum
1145 1268 1240 1360 locum
1259 1267 1323 1330 sibi

153 1367 222 1408 arro
245 1360 284 1410 at.
322 1349 409 1410 Hanc
433 1369 536 1410 eorum
560 1345 754 1408 ambitionem
779 1357 847 1427 apta
870 1369 893 1407 ss
947 1357 990 1408 stu
1012 1366 1060 1408 sne
1088 1345 1219 1408 Christus
1244 1345 1322 1406 lalse

121 1486 123 1495 .
156 1367 281 1486 deridet.
319 1427 395 1488 Nam
419 1425 444 1498 si
469 1425 534 1507 quis
554 1425 586 1492 in
605 1423 700 1487 aliena
718 1443 819 1484 mensa
839 1418 964 1504 primum
984 1419 1083 1484 locum
1103 1433 1246 1513 occupet,
1266 1422 1322 1482 de-

96 1515 101 1528 “
154 1497 225 1568 iude
250 1513 375 1584 cogatur
398 1501 511 1583 potiori
535 1502 659 1574 cedere,
682 1521 746 1561 non
770 1499 834 1560 sine
860 1500 974 1579 pudore
995 1499 1053 1560 eti
1098 1497 1208 1560 ominra
1227 1518 1244 1559 a
1264 1499 1324 1559 do·

154 1574 237 1638 mino
263 1577 391 1642 convivii
414 1579 446 1640 in
470 1577 559 1638 aliurn
583 1576 682 1638 locum
705 1574 897 1659 relegabitur.
934 1575 1027 1655 Atqui
1046 1576 1056 1636 i
1078 1597 1124 1636 em
1144 1573 1324 1656 contingere

155 1653 293 1724 omnihus
313 1675 434 1716 necesse
454 1665 514 1728 est,
540 1653 591 1732 qui
615 1671 647 1713 se
667 1653 796 1715 fastuose
816 1652 971 1743 ingerunt,
995 1665 1134 1733 utsupra
1153 1650 1227 1712 alios
1247 1650 1323 1711 emi-

179 1742 264 1804 eant,
294 1729 469 1812 quiahDeur
497 1730 588 1809 ipsos⁴
609 1728 755 1807 probrose
786 1728 914 1791 deiicret.
955 1729 1126 1790 Notandum
1156 1727 1236 1788 enim
1268 1739 1324 1804 est,

153 1747 308 1896 {hristum
328 1807 365 1898 de
377 1818 504 1897 ‚esterna
524 1816 554 1866 et
572 1803 651 1866 civili
670 1805 819 1896 modestia·
834 1803 882 1866 hic
895 1825 957 1868 non
969 1803 1156 1866 concionari:
1178 1824 1325 1895 nameus,

155 1881 916 2049 tlteltttlttttttl’,tt‘ststltt‘ssltdtf
930 1880 1263 2020 liiffl‘ie'sli
1280 1903 1324 2016 {¹13

154 2032 322 2102 mulitudine,
338 2033 375 2094 ah
396 2033 565 2099 huminibus
583 2045 713 2126 sumpta,
739 2035 840 2116 quales
865 2035 945 2096 intus
969 2054 1031 2096 esse
1057 2054 1113 2095 nos
1133 2053 1233 2096 coram
1251 2035 1324 2096 Deo

155 2127 175 2170 o
198 2120 305 2186 uruat,
325 2109 434 2172 docere
452 2111 526 2186 vult,
544 2111 605 2171 asei
624 2111 747 2186 diceret,
765 2111 799 2171 Si
819 2109 984 2186 convivam,
1004 2109 1072 2191 quia
1093 2109 1180 2171 stulte
1196 2109 1325 2190 primurn

155 2205 181 2246 ss
203 2185 330 2250 irlocum
350 2200 550 2268 usurpaverat,
568 2187 653 2248 reiici
671 2188 828 2270 contingat
845 2187 877 2248 in
896 2200 1089 2268 postremum,
1108 2185 1224 2267 pudore
1248 2207 1325 2248 eou-

155 2259 235 2325 susus
258 2275 383 2343 cuperet
405 2283 442 2324 eo
467 2283 617 2343 nunquam
636 2263 812 2326 ascendisse:
840 2279 913 2347 ergo
938 2285 977 2324 ue
996 2263 1075 2324 idem
1094 2261 1179 2326 vobis
1198 2285 1254 2324 usu
1272 2281 1326 2324 ve-

156 2336 220 2400 niat
242 2341 320 2420 apud
338 2339 455 2415 Deum,
480 2351 513 2410 ut
535 2352 660 2422 yestram
680 2341 878 2424 arrogantiam
897 2351 1026 2404 extrema
1044 2338 1208 2423 ignominia
1227 2351 1326 2418 notet,

157 2426 265 2496 sponte
284 2417 346 2478 sitis
365 2404 489 2482 hurmiles
505 2437 540 2478 ac
558 2417 694 2488 modesti,
912 2450 921 2474 ι

233 2499 281 2559 11.
297 2535 307 2549 -=
322 2493 381 2578 Qui
397 2515 429 2556 se
445 2493 568 2555 moute
611 2494 694 2556 Haec
719 2491 848 2556 clausula
873 2493 1073 2570 demonstrat,
1098 2493 1136 2554 de
1161 2488 1326 2554 ambitione

156 2567 312 2648 loquutunr
331 2589 393 2632 esse
415 2567 580 2643 Christum:
608 2587 647 2640 ne
670 2589 707 2630 nc
726 2569 805 2630 enirn
825 2571 1013 2660 pronuntiat,
1033 2563 1108 2651 quid
1122 2567 1154 2628 in
1174 2569 1326 2628 communi

158 2643 313 2711 hominurn
329 2647 389 2708 vita
407 2647 504 2708 soleat
521 2646 602 2722 fieri,
624 2592 677 2708 seb
695 2645 793 2706 Deum
813 2645 860 2711 luc
880 2645 967 2708 nobis
985 2645 1087 2710 statuit
1106 2642 1255 2720 Iudicem,
1295 2645 1326 2706 ui

116 2726 121 2738 '
157 2720 292 2803 superbis
307 2721 431 2798 resistat,
450 2742 613 2802 eorumque
632 2722 821 2813 supercilium
841 2723 986 2798 humiliet,
1004 2721 1162 2783 humilibus
1181 2741 1255 2784 vero
1274 2666 1326 2782 det

157 2797 291 2880 gratiam.
329 2798 422 2858 Plena
442 2811 487 2859 est
506 2797 672 2858 huiusmodi
691 2798 864 2860 testimoniis
885 2799 1048 2890 Scriptura²
1067 2800 1164 2858 Deum
1185 2817 1250 2858 esse
1271 2818 1325 2860 eo-

157 2895 223 2949 rnm
243 2872 375 2954 omniurn
387 2874 524 2952 hostem,
547 2875 600 2954 qui
618 2893 650 2936 se
669 2873 764 2940 elfere
783 2883 944 2966 appetunt,
962 2876 1048 2936 sicuu
1067 2873 1178 2937 bellum
1197 2895 1265 2934 enm
1287 2893 1325 2935 eo

156 2950 307 3031 suscipere
329 2969 449 3010 necesse
474 2963 534 3028 est,
561 2949 728 3032 quicunque
751 2947 862 3036 aliquid
887 2949 944 3012 'sihi
968 2962 1119 3044 arrogant.
1155 2951 1234 3012 Nam
1253 2951 1328 3014 baec

159 3037 204 3085 est
222 3023 372 3106 superbia,
391 3025 450 3087 Dei
470 3024 555 3087 donis
574 3023 699 3107 perinde
719 3027 857 3120 gloriari,
877 3027 937 3089 acsi
957 3049 1014 3109 qua
1033 3051 1065 3088 ιιι
1085 3026 1173 3088 nohis
1191 3025 1328 3089 subesset

159 3101 301 3183 dignitas,
324 3121 400 3237 (puae
425 3122 480 3165 nos
503 3103 632 3184 proprio
654 3116 764 3166 mereto
789 3103 972 3166 extollerets.
987 3105 1074 3168 sicuti
1092 3125 1208 3166 sensum
1230 3105 1328 3166 humi·

157 3177 224 3252 litas
248 3197 311 3238 non
348 3189 432 3240 urata
454 3179 551 3243 solum
575 3174 703 3242 deiectio
724 3180 963 3258 censeridehet,
990 3182 1043 3244 sed
1062 3201 1130 3243 vera
1151 3180 1328 3258 exinanitio,

158 3275 248 3392 fulm
266 3249 388 3337 seilicet,
407 3225 581 3345 inhrrnitatis
600 3267 718 3318 nostrae
738 3257 833 3339 probe
850 3249 941 3320 nobis
960 3257 1086 3337 conscii,
1105 3255 1179 3318 nrhil
1198 3255 1327 3319 sublime

173 3351 311 3411 piramus,
329 3332 454 3394 scientes
473 3353 528 3403 nos
547 3332 610 3394 sola
629 3333 688 3394 Dei
708 3333 802 3418 gratia
822 3335 975 3396 excellere.
1203 3359 1205 3364 ·

234 3413 282 3473 te
323 3407 419 3492 Quum
434 3411 523 3491 facis
541 3409 712 3487 prmulirsm.
757 3409 819 3486 Qui
842 3423 949 3492 putant
971 3410 1021 3473 hic
1043 3409 1219 3492 simpliciter
1244 3410 1328 3474 dant·

75 3507 78 3528 ¹
158 3483 222 3546 nari
241 3484 392 3564 convivia,
418 3487 595 3570 quae,inter
618 3507 651 3550 se
676 3487 801 3550 vicissim
826 3488 939 3574 agitant
966 3487 1088 3574 cognati
1107 3499 1139 3550 et
1158 3486 1327 3564 familiares,

159 3573 271 3642 partem
297 3555 484 3644 humanitatis
510 3563 620 3624 tollunt
645 3563 679 3624 ei
698 3562 877 3630 hominibus.
916 3563 984 3628 Hoc
1006 3565 1084 3626 enim
1102 3586 1148 3624 ma
1173 3561 1326 3638 inbarba-

158 3653 223 3700 rum
244 3641 320 3700 esset
339 3649 602 3718 quamausterum,
622 3652 766 3725 cognatos
786 3662 802 3702 a
822 3656 921 3703 mensa
941 3642 1081 3724 hospitali
1101 3584 1276 3729 excludere,
1295 3652 1326 3701 et

158 3727 272 3777 nutum
291 3717 435 3778 extraneis
455 3717 525 3778 dare
546 3715 653 3779 locum.
700 3718 765 3778 Nee
779 3738 853 3780 sane
874 3720 932 3784 hoe
953 3719 1064 3782 Christi
1083 3715 1240 3780 consiluim
1261 3718 1328 3793 luit,

158 3792 196 3852 ab
217 3791 299 3855 omni
318 3793 457 3855 comitate
475 3815 532 3859 nos
548 3813 659 3869 arcere,
679 3794 1035 3870 sedtantumostesdere,
1055 3792 1203 3857 olficiisin
1215 3795 1328 3856 mundo

158 3867 270 3929 usitatis
294 3867 415 3948 minime
462 3869 562 3931 rohari
587 3870 746 3930 caritatem.
788 3871 864 3932 Nam
890 3869 975 3934 sicuti
1000 3869 1154 3949 divitibus,
1184 3871 1329 3951 aquibus

157 3891 620 4086 susurrium
630 3947 991 4086 nstitutus
1010 3948 1329 4088 ”eisteten

157 4097 345 4189 mercenaria-
363 4099 479 4176 olficia,
504 4121 560 4162 nec
587 4067 700 4162 dentati
725 4047 1015 4192 ascribffiercdig.
1055 4103 1088 4189 βί
1113 4047 1261 4166 cbmislis
1280 4102 1328 4164 vel

158 4193 267 4258 amieos
287 4174 390 4236 tbvrtes
410 4196 503 4237 coena
524 4175 655 4257 excipio,
685 4175 847 4240 humanitas
865 4189 917 4246 ,est
967 4201 999 4239 er
1017 4199 1049 4240 se
1069 4201 1131 4240 non
1152 4125 1330 4253 damnanda,

158 4247 210 4308 sed
230 4267 305 4328 quae
324 4252 360 4311 ad
380 4252 563 4342 probandam
585 4255 735 4314 caritatem
755 4256 873 4316 minime
893 4202 1034 4317 sniiriet:
1055 4272 1123 4316 narn
1138 4279 1230 4338 saepe
1242 4257 1328 4318 vide-

156 4345 219 4388 mus
239 4345 302 4404 eos,
322 4327 373 4408 qui
390 4327 447 4394 ubi
467 4351 586 4411 prorsus
606 4332 714 4399 addicti
732 4344 812 4412 sunt,
830 4332 863 4396 in
878 4333 977 4400 amicis
991 4334 1071 4398 laute
1090 4333 1253 4400 tractandis
1265 4353 1329 4398 esse
