2814 4846
202 263 262 328 3⁰2
405 325 415 348 x
482 248 637 321 8thth
657 254 694 316 x.
732 249 825 316 Iasus
846 267 888 312 rr
909 249 1144 351 annxsxrm

197 421 369 476 'correctam
398 411 488 474 fuisse
539 421 592 473 uto
611 407 754 474 ,mulieris
783 427 906 484 vocem,
944 407 1026 489 quod
1051 405 1164 468 scilicet
1187 425 1359 489 perperam

204 491 323 552 soleant
348 489 483 552 homines
539 488 567 549 ei
592 489 670 549 dona
697 484 866 568 negligere,
900 505 976 577 quae
1000 483 1120 544 attoniti
1146 485 1297 546 mirantur
1326 500 1361 548 et
1399 507 1400 510 ’

205 567 303 649 plenis
322 566 422 628 buccis
442 547 622 647 praedica'nt
663 565 738 624 Nam
760 561 959 623 baec'multer
978 562 1009 622 in
1030 559 1142 622 Christi
1160 560 1249 622 lande
1273 565 1359 623 omi-

203 656 282 705 serat
322 645 382 702 uod
400 661 471 703 vere
491 651 536 704 est
554 652 657 722 caput,
677 639 799 700 salutem
821 637 937 719 inipso
959 637 1096 699 omnibus
1117 658 1181 700 esse
1202 641 1355 720 proposi-

204 731 278 780 tam:
302 663 441 801 lrigebat
466 739 539 802 ergo
568 716 734 778 encomium
758 716 848 790 illud,
877 718 908 776 in
976 736 995 775 o
1021 713 1101 774 nulla
1121 714 1214 774 fiebat
1230 717 1357 798 gratiae
1376 713 1400 728 ““

207 797 272 858 eius
292 815 327 856 ac
346 795 461 856 virtutis
480 795 603 868 mentio,
624 814 698 875 qnae
718 814 749 854 se
770 793 806 854 ad
825 813 929 854 omnes
961 791 1089 852 'ffundit
1124 791 1229 866 Quare
1239 795 1358 855 nierito

207 872 343 933 Christus
368 871 453 932 aliam
478 871 535 932 sihi
554 869 671 931 laudem
689 869 834 945 vindicat,
863 889 902 929 ue
921 868 984 929 sola
1005 879 1099 928 mater
1118 867 1205 930 beata
1225 883 1356 951 repute-

203 961 269 1022 tur,
298 961 329 1008 et
348 949 467 1028 quidem
486 947 582 1008 carnis
602 959 755 1027 respectu,
785 947 837 1008 sed
856 957 890 1007 ut
908 943 995 1006 nobis
1016 943 1152 1005 omnibus
1172 944 1300 1006 solidam
1323 961 1357 1010 et

204 1038 356 1087 aeternam
377 1023 590 1086 beatitudinem
610 1024 754 1084 conferat.
801 1023 869 1083 Rite
888 1042 961 1104 ergo
981 1033 1053 1082 tunc
1074 1023 1191 1082 demum
1211 1024 1355 1084 aestima-

204 1113 254 1162 tur
274 1101 385 1162 Christi
406 1101 550 1184 dignitas,
579 1101 647 1162 dum
668 1097 872 1180 expendimus,
903 1119 1043 1178 quorsum
1062 1096 1150 1158 nobis
1170 1100 1253 1158 datus
1274 1101 1317 1160 sit
1336 1122 1356 1163 a

199 1177 304 1254 Patre,
323 1189 355 1238 et
374 1199 449 1272 quae
469 1175 556 1248 nobis
576 1177 674 1238 attulit
691 1175 835 1238 beneficia
855 1174 1042 1257 percipimus,
1061 1185 1095 1234 ut
1114 1175 1215 1236 fiamus
1235 1176 1354 1258 inipso

206 1253 309 1314 felices
336 1275 386 1334 qm
410 1275 507 1315 sumtu
533 1255 564 1314 iu
589 1253 677 1315 nobis
702 1253 815 1314 miseri:
845 1252 898 1314 sed
922 1273 974 1312 cur
999 1252 1035 1312 de
1060 1271 1092 1312 se
1112 1263 1210 1312 tacens
1229 1263 1356 1314 tantum

203 1329 289 1400 verbi
305 1331 366 1391 Dei
385 1329 540 1394 meminit?
560 1351 668 1411 nempe
687 1330 746 1391 hoc
764 1329 855 1390 modo
874 1328 1027 1390 thesauros
1048 1349 1151 1388 omnes
1163 1339 1236 1390 'suos
1256 1330 1355 1392 nobis

202 1408 310 1488 aperit,
329 1408 398 1488 quia
416 1410 481 1470 sine
500 1406 594 1468 verbo
615 1427 712 1487 neque
732 1406 776 1467 illi
797 1405 952 1497 quicquam
966 1404 1134 1481 nobiscum,
1152 1405 1353 1467 nervicissim

203 1482 292 1545 nobis
318 1507 384 1546 cnm
409 1483 472 1546 illo.
518 1483 620 1560 Quum
645 1504 718 1566 ergo
745 1504 776 1544 se
804 1482 891 1543 nobis
916 1501 970 1562 per
994 1479 1116 1541 verbum
1137 1483 1352 1557 communicet,

203 1572 286 1622 recte
312 1573 343 1622 et
368 1562 491 1644 proprie
515 1561 551 1621 ad
576 1559 634 1621 boc
660 1559 838 1620 audiendum
863 1569 894 1619 et
912 1558 1086 1618 serrandum
1105 1577 1160 1619 nos
1180 1571 1286 1634 vocat,
1317 1573 1352 1621 ut

202 1637 263 1698 fide
282 1637 346 1719 ipse
365 1651 469 1698 noster
488 1637 547 1697 liat.
585 1638 673 1698 Nunc
691 1637 835 1710 videmus,
855 1636 927 1716 quid
947 1635 1066 1695 differat
1086 1634 1199 1695 Christi
1219 1656 1267 1696 res
1290 1652 1350 1696 on-

203 1735 268 1776 sum
287 1715 324 1775 ah
346 1713 393 1776 elo
417 1714 446 1774 io
466 1712 612 1775 mulieris:
633 1732 720 1792 quam
741 1712 818 1773 enim
839 1711 1029 1773 beatitudinis
1049 1712 1173 1794 gratiam
1192 1711 1244 1772 illa
1264 1657 1349 1774 domi

203 1789 379 1865 incluserat,
396 1733 573 1850 gliberaliter
596 1789 735 1850 omnibus
761 1788 861 1849 offert
899 1787 1018 1849 Deinde
1039 1809 1101 1848 non
1119 1789 1235 1870 vulgari
1254 1791 1350 1850 modo
1398 1793 1400 1808 ⁴

134 1931 137 1934 ,
204 1887 236 1928 se
256 1867 466 1928 aestimandum
485 1886 548 1927 esse
568 1865 667 1942 docet,
687 1865 754 1946 quia
775 1885 877 1925 omues
897 1865 1034 1927 coelestis
1048 1866 1135 1941 ritae,
1154 1865 1349 1927 beatitudinis

204 1953 236 2004 et
255 1942 368 2026 gloriae
388 1944 540 2004 thesauros
559 1943 591 2002 in
610 1963 641 2004 se
660 1941 832 2003 reconditos
852 1940 969 2017 habeat,
989 1962 1063 2021 qnos
1079 1943 1173 2002 verbo
1186 1943 1350 2024 dispensat,

203 2031 237 2080 ut
257 2039 361 2080 eorum
380 2019 452 2079 liant
492 2019 641 2101 articipes,
661 2018 713 2099 qui
733 2019 790 2080 lide
809 2018 933 2079 verbnm
952 2018 1082 2101 amplexi
1095 2019 1217 2080 fuerint.
1248 2019 1350 2082 Clanis

203 2094 282 2156 enim
302 2094 388 2178 regni
407 2039 561 2157 coelbrum
582 2107 626 2158 est
644 2095 771 2180 gratuita
783 2095 842 2155 Dei
861 2095 996 2178 adoptio,
1017 2115 1102 2187 quam
1123 2115 1178 2156 nos
1199 2115 1232 2157 ex
1249 2095 1347 2157 verbo

202 2171 395 2253 concipimus.
425 2174 466 2234 Et
484 2173 612 2234 tenenda
633 2185 677 2234 est
695 2173 751 2233 ista
763 2171 879 2252 copula,
901 2173 980 2252 quod
1012 2194 1088 2233 runo
1101 2173 1214 2247 andire,
1234 2173 1346 2234 deinde

202 2259 234 2310 et
252 2269 369 2310 servare
388 2261 540 2332 oporteat:
569 2270 637 2310 nam
656 2250 725 2330 quia
744 2248 815 2308 fides
834 2261 879 2310 est
899 2269 933 2308 ex
952 2193 1068 2324 auditu,
1099 2249 1167 2310 hinc
1188 2250 1276 2310 etiam
1296 2273 1348 2310 su-

191 2326 341 2404 pncndum
352 2339 398 2386 est
407 2327 557 2388 exordium
567 2326 724 2407 spiritualis
734 2325 820 2386 vitae.
850 2324 1006 2386 Caeterum
1018 2325 1085 2462 quia
1095 2326 1219 2406 simplex
1229 2327 1347 2388 antius

200 2401 292 2464 veluti
312 2402 435 2463 evanida
456 2415 501 2464 est
519 2404 630 2483 speculi
651 2401 815 2484 inspectio,
840 2401 1014 2483 quemadmo
1038 2401 1233 2464 umvlacobus
1255 2403 1346 2464 docet

202 2481 248 2559 (1,
258 2481 333 2571 22),
345 2480 431 2540 simul
442 2481 559 2541 additur
571 2478 656 2541 verbi
667 2478 809 2553 custodia,
830 2499 905 2558 quae
918 2479 1041 2571 perinde
1051 2477 1130 2539 valet
1141 2490 1230 2559 atque
1241 2480 1345 2540 eliicax

200 2567 348 2636 receptio,
366 2556 419 2618 ubi
438 2557 518 2618 vivas
537 2557 568 2617 in
589 2555 726 2618 cordibus
746 2556 859 2616 radices
878 2568 950 2638 aget,
969 2567 1002 2615 ut
1022 2555 1149 2616 fructum
1168 2577 1253 2616 sunna
1272 2577 1345 2636 pro·

202 2632 289 2694 ferat.
319 2633 365 2694 Ita
384 2633 459 2694 nihil
479 2634 671 2714 consequitur
688 2635 780 2694 fluxus
801 2631 850 2692 ille
870 2633 998 2708 auditor,
1018 2633 1100 2694 cttitts
1121 2653 1206 2694 aures
1227 2645 1343 2694 tautum

199 2707 341 2772 verberat
364 2711 493 2771 exterior
520 2711 664 2771 doctrina.
710 2709 890 2790 Quicunque
917 2729 991 2769 vero
1021 2730 1126 2769 arcana
1146 2709 1344 2790 inspiratione

201 2807 234 2848 se
261 2797 419 2847 contentos
445 2807 507 2848 esse
532 2787 657 2861 iactant,
696 2798 727 2846 et
751 2785 808 2846 hoc
833 2797 985 2868 praetextu
1011 2785 1170 2869 negligunt
1184 2799 1343 2848 externam

201 2863 471 2943 praedicationem,
501 2885 517 2923 a
543 2861 666 2924 coelesti
689 2861 748 2923 vita
774 2873 920 2923 arcentur.
965 2863 1048 2944 Ergo
1075 2883 1149 2942 quae
1170 2863 1263 2922 Filius
1282 2865 1342 2925 Dei

202 2939 370 3014 coniunxit,
402 2959 441 2999 ne
465 2939 568 3000 sacrile
591 2961 607 2998 a
631 2939 798 2999 temeritate
818 2940 950 3000 homines
969 2951 1116 3020 separent
1155 2940 1248 3000 Mirus
1267 2963 1342 3004 vero

200 3013 330 3106 Papatus
353 3025 472 3096 stupor,
504 2959 591 3094 quel
609 3015 639 3074 in
665 3015 775 3074 Mariae
800 3014 946 3076 honorem
976 3014 1128 3075 cantillant
1148 3015 1344 3092 baee'verba,

202 3090 309 3170 quibus
332 3103 392 3150 tam
418 3092 526 3154 diserte
551 3091 697 3152 refellitur
721 3111 824 3154 eonem
847 3092 1032 3172 superstitio:
1061 3093 1093 3151 in
1119 3093 1242 3174 agendis
1270 3113 1342 3153 sero

200 3167 303 3302 gratiis
328 3168 521 3228 mulierculae
544 3189 649 3230 recena
675 3169 840 3248 decerpunt
865 3169 970 3230 omissa
990 3169 1189 3229 correctione.
1229 3171 1342 3230 Verum

214 3255 242 3303 ta
261 3244 356 3305 modis
377 3244 514 3306 omnibns
534 3245 727 3326 ohstupclieri
747 3245 855 3322 decuit,
874 3247 925 3326 qui
943 3265 999 3328 pro
1019 3265 1070 3307 sna
1089 3245 1215 3306 libidine
1226 3265 1341 3307 sacrum

200 3319 261 3383 Dei
280 3320 404 3381 verbum
425 3323 491 3383 data
511 3341 602 3403 opera
622 3322 790 3403 profanant.

133 3395 136 3406 '
278 3397 349 3458 Luc.
368 3405 414 3465 19.
458 3398 609 3460 Venemet
626 3413 720 3459 mitem
737 3398 781 3459 od
796 3397 888 3458 maun
927 3399 1011 3460 Inter
1029 3397 1138 3460 Lucam
1159 3411 1190 3460 et
1208 3397 1342 3494 reliquos

202 3474 276 3534 duos
300 3475 503 3556 Evangelistas
528 3477 644 3538 videtur
667 3476 804 3536 nonnihil
825 3495 886 3536 esse
907 3475 1001 3536 disere
1023 3477 1134 3536 antiae:
1167 3497 1236 3536 narn
1259 3479 1287 3538 tn
1309 3478 1340 3536 in

201 3551 344 3612 historiae
369 3573 438 3613 suae
464 3565 603 3614 contextu
627 3565 750 3614 matrem
775 3563 806 3613 et
831 3565 975 3634 cognatos
1002 3495 1112 3614 heristi
1133 3554 1340 3635 supervenisse

202 3628 321 3703 dicunt,
348 3649 436 3710 qnnm
457 3629 494 3690 de
512 3630 617 3711 spiritu
637 3631 788 3690 immundo
808 3629 977 3705 dissereret,
996 3631 1046 3691 ille
1065 3641 1163 3690 autem
1183 3632 1220 3690 ad
1242 3632 1341 3692 diver-

200 3725 264 3767 sum
284 3717 398 3785 tempus
418 3707 520 3781 refert,
540 3727 573 3767 ac
593 3706 688 3768 solum
708 3717 920 3766 commemorat
938 3707 1067 3768 mulieris
1082 3706 1337 3783 exclamationem,

200 3803 289 3862 qnam
314 3803 410 3864 nuper
434 3783 627 3874 exposuimus.
684 3783 796 3843 Verum
820 3783 887 3862 quia
912 3785 1018 3860 scitur,
1046 3782 1251 3874 Evangelistas
1276 3805 1340 3845 non

200 3859 357 3921 admodum
378 3859 503 3921 inserte
523 3873 690 3940 temporum
711 3859 800 3920 fuisse
820 3859 968 3936 curiosos',
995 3881 1093 3943 neque
1114 3873 1202 3921 etiam
1224 3861 1254 3921 iu
1276 3863 1339 3921 sin-

222 3935 277 4006 ulis
297 3935 461 4016 quibusque
481 3937 565 3998 factis
584 3937 631 3999 rel
651 3936 736 3997 dictis
756 3938 1057 4017 persequendiqnon
1077 3938 1118 3998 ita
1138 3937 1269 3999 difficilis
1288 3959 1340 3999 so-

200 3955 274 4076 heio
296 4025 348 4073 est
387 4013 480 4076 Lucas
501 4013 596 4089 enim,
621 4033 681 4093 quo
699 4013 843 4093 temporis
862 4013 987 4075 articulo
1006 4014 1122 4076 venerit
1143 4013 1256 4075 Christi
1276 4037 1339 4076 ma-

204 4099 262 4162 ter,
282 4100 343 4149 non
363 4091 510 4170 exprimit,
528 4091 580 4153 sed
601 4089 680 4170 quod
701 4089 749 4150 alii
768 4089 828 4151 duo
848 4103 969 4151 narrant
986 4103 1055 4152 ante
1073 4089 1196 4151 sationis
1208 4091 1339 4228 parabo-

199 4165 273 4239 lam,
301 4165 352 4227 ille
377 4167 504 4228 subiicit.
563 4166 655 4241 Quod
678 4177 775 4226 autem
801 4167 1000 4236 mulierculam
1027 4189 1062 4230 ex
1086 4167 1173 4228 turba
1198 4189 1339 4230 cammse

200 4239 282 4316 dicit,
302 4241 411 4322 aliquid
432 4244 499 4304 huic
518 4243 682 4304 narrationi
700 4243 789 4304 affine
810 4245 912 4304 babet:
932 4245 996 4306 fieri
1016 4246 1096 4308 enim
1115 4256 1225 4327 potest,
1245 4247 1337 4306 utin·
1399 4311 1400 4318 ,

200 4317 388 4378 considerato
413 4318 530 4382 fervore
555 4319 585 4378 in
605 4339 770 4399 supremum
790 4321 913 4402 gradum
934 4321 1082 4396 extulerit,
1113 4322 1193 4414 quod
1212 4323 1338 4464 putabat

199 4392 285 4456 uineis
304 4413 323 4456 a
342 4393 462 4460 Christo
482 4395 577 4460 defici.
605 4395 645 4457 In
665 4396 723 4459 boc
742 4399 860 4479 quidem
871 4419 980 4480 ,omnes
991 4409 1191 4478 consentiunt,
1241 4399 1336 4461 hristo
