2756 4838
106 240 110 256 ⁴
222 233 425 309 ·(164-65.
474 229 654 314 derogantis
674 229 778 292 Iacobi
798 241 829 291 et
847 232 992 312 Ioannis)
1147 239 1237 302 179-
1356 279 1358 326 p

125 381 225 464 (165.)
265 385 435 451 nuncu.
455 385 523 451 xx.
564 387 617 452 nc.
644 387 686 454 nt
708 409 806 476 quum
829 359 992 456 audissem
1013 388 1133 467 recem,
1153 393 1216 490 n..

52 483 160 571 dignati
180 497 254 551 sunt
272 487 315 553 de
338 487 466 572 duobus
488 487 647 557 frutribus.
690 493 741 557 25.
762 492 851 558 iesus
873 502 979 558 eutem
997 489 1125 557 vocivit
1143 509 1201 555 eos

52 587 86 652 ed
106 609 154 666 se,
182 601 214 654 et
234 583 292 670 eit,
312 591 421 670 Scitis,
443 593 531 678 quod
554 597 717 682 principes
738 597 879 682 gentium
902 596 1108 662 dominentur
1128 589 1202 666 illic,

52 693 148 776 etqui
168 696 273 780 magni
294 706 382 772 suut,
409 705 600 785 potestatem
629 709 799 764 exerceant
819 701 853 762 in
876 719 938 763 ees
980 699 1031 764 26.
1060 695 1136 760 Non
1157 696 1203 758 ita

52 795 103 856 erit
121 797 204 861 inter
225 818 296 875 vos,
328 798 386 863 sed
415 804 599 886 quicunque
621 801 763 866 voluerit
783 805 868 865 inter
888 821 946 866 vos
968 819 1101 885 magnus
1119 797 1204 876 fieri,

50 899 84 960 sit
101 889 204 966 test'er
224 903 382 967 minister:
413 903 464 968 27.
484 903 525 966 Et
548 905 602 988 qui
624 901 768 968 voluerit
790 907 953 971 intervos
976 906 1096 992 primus
1118 920 1200 977 esce,

50 1001 85 1062 sit
101 1013 205 1068 vester
226 1025 353 1069 servus:
393 1006 443 1071 28.
471 1005 561 1070 Sicut
582 1004 684 1072 Filius
705 1005 843 1072 hominis
863 1029 931 1075 nou
952 1008 1057 1096 venit,
1078 1011 1116 1069 ut
1135 1001 1200 1068 sibi

49 1103 246 1184 ministretur,
267 1107 326 1173 sed
348 1119 384 1174 ut
405 1109 474 1194 ipse
495 1111 663 1187 ministret,
684 1119 783 1196 utque
807 1109 862 1176 det
883 1110 1018 1174 enimam
1039 1129 1128 1188 suam
1150 1128 1202 1172 re·

51 1201 256 1292 demptionem
278 1232 338 1297 pro
360 1209 478 1278 multis.

120 1329 258 1410 MARC.
279 1345 316 1408 X.
357 1343 408 1409 41.
432 1343 474 1410 Et
494 1365 590 1430 quum
612 1345 777 1412 audissent
799 1346 929 1424 decem,
952 1354 1131 1431 coeperunt
1151 1346 1201 1410 in·

49 1440 161 1528 dignari
183 1445 225 1511 de
247 1446 365 1515 iecobo
389 1458 421 1515 et
443 1447 572 1512 Ioanne.
615 1447 666 1514 42.
689 1451 779 1515 lesus
802 1461 918 1525 eutem,
939 1469 1036 1534 quum
1056 1457 1201 1514 vocasset

48 1565 98 1608 eos
118 1547 156 1612 ed
177 1571 232 1627 se,
255 1549 333 1614 dicit
353 1547 432 1625 illis,
452 1549 560 1627 Scitis,
582 1551 672 1636 quod
695 1555 750 1640 qui
771 1553 922 1618 videntur
945 1553 1103 1638 imperare
1125 1571 1200 1636 gen·

47 1645 134 1727 tibus,
156 1649 332 1717 dominium
355 1663 505 1720 exercent
526 1654 679 1722 adversus
701 1655 790 1733 illas,
811 1667 843 1722 et
865 1656 919 1740 qui
940 1664 1104 1738 magnates
1123 1663 1200 1720 sunt

47 1751 121 1816 iuter
146 1775 216 1831 ees,
244 1763 434 1839 potestatem
465 1768 615 1823 exercent
642 1762 674 1823 in
701 1757 782 1824 illos.
830 1757 882 1822 43.
908 1758 1031 1820 Verum
1057 1777 1125 1821 non
1152 1758 1200 1820 sie

47 1857 99 1918 erit
118 1858 201 1922 inter
221 1877 296 1934 vos,
319 1857 379 1923 sed
393 1861 589 1948 ,quicunque
613 1861 755 1928 voluerit
775 1862 849 1928 fieri
871 1880 1005 1946 maguus
1026 1861 1111 1924 inter
1130 1847 1199 1938 vos]

48 1957 99 2021 erit
117 1962 261 2026 minister
281 1971 404 2028 vester:
446 1963 496 2031 44.
519 1965 560 2030 Et
580 1969 766 2052 quicunque
789 1989 827 2030 ex
847 1962 944 2029 vobis
963 1959 1105 2028 voluerit
1127 1985 1198 2028 esse
1289 1973 1297 1984 “

47 2063 169 2142 primus,
196 2064 258 2127 erit
281 2066 421 2130 omnium
445 2088 565 2133 servus.
615 2069 665 2134 45.
693 2070 775 2134 Nam
798 2079 830 2132 et
849 2066 952 2132 Filius
974 2065 1112 2131 bominis
1132 2086 1200 2130 non

47 2167 132 2244 venir,
152 2176 187 2231 ut
206 2162 269 2230 sibi
290 2169 493 2247 ministretur,
513 2169 573 2234 sed
596 2180 631 2235 ut
651 2175 721 2257 ipse
743 2173 912 2245 ministret,
934 2190 973 2232 oo
987 2167 1043 2234 det
1064 2169 1199 2232 animem

47 2285 123 2330 suem
140 2267 398 2352 redemptionem
421 2290 481 2354 pro
504 2270 621 2336 multis.

120 2384 222 2451 LUC.
243 2384 341 2447 xxtl.
384 2382 436 2450 24.
460 2385 559 2452 Facta
585 2397 633 2452 est
655 2397 761 2452 auteur
785 2400 816 2453 et
842 2388 1008 2453 contentio
1026 2387 1112 2452 iuter
1133 2409 1202 2464 eos,

48 2489 106 2570 quis
134 2508 172 2553 ex
200 2485 264 2550 illis
290 2483 455 2558 videretur
483 2510 555 2554 csse
582 2492 692 2556 maior.
733 2491 784 2554 25.
812 2491 902 2554 Dixit
925 2498 1030 2554 eutem
1053 2489 1114 2568 eis,
1134 2491 1201 2555 Re-

48 2609 93 2670 ges
115 2592 256 2676 gentium
279 2588 485 2657 dominentur
506 2595 568 2670 eis,
598 2602 631 2656 et
657 2593 712 2678 qui
741 2603 933 2677 potestatem
961 2589 1082 2658 hebent
1102 2613 1201 2679 super

47 2711 106 2770 res,
132 2679 276 2759 benefi'ci
296 2688 458 2760 v'oeaotur.
500 2695 552 2760 26.
581 2696 653 2784 Vos
676 2704 781 2760 eutem
802 2717 871 2762 non
893 2698 956 2775 sic,
981 2693 1040 2758 sed
1061 2695 1117 2780 qui
1135 2715 1202 2758 ure·

47 2792 91 2854 ior
110 2803 155 2860 est
176 2798 210 2862 iu
231 2794 340 2874 vobis,
364 2798 421 2862 fiet
447 2799 528 2863 sicut
554 2799 682 2876 iunior,
707 2809 739 2864 et
766 2802 822 2886 qui
849 2804 1001 2884 princeps
1029 2807 1091 2877 est,
1119 2799 1203 2862 sicut

48 2898 95 2978 qui
114 2901 276 2963 ministret.
326 2900 377 2966 27.
398 2901 481 2966 Nem
503 2912 576 2971 uter
596 2903 701 2968 maior
721 2912 789 2979 est,
812 2904 867 2988 qui
890 2899 1062 2980 accumbit,
1083 2921 1124 2966 ou
1146 2902 1203 2988 qui
1235 2937 1242 2947 ·

49 2999 209 3067 ministret?
250 3001 369 3068 Nonne
392 3006 448 3090 qui
477 3001 659 3073 accumbit?
699 3005 742 3071 At
772 3025 833 3092 ego
861 3006 895 3070 in
924 3003 1033 3072 medio
1061 3015 1202 3071 vestrum

48 3117 115 3178 sum,
135 3115 170 3169 ut
191 3107 247 3192 qui
268 3108 433 3172 ministret.

61 3335 68 3348 ‚
114 3265 217 3330 Mattb.
235 3276 289 3350 Ι24.
338 3270 434 3353 Quum
457 3269 603 3332 milicem
626 3269 729 3330 decem
774 3271 902 3334 Videtur
926 3273 1021 3335 Lucos
1046 3285 1201 3336 concerte-
1273 3263 1278 3270 ⁴

50 3345 150 3432 tionem
172 3345 246 3406 banc
265 3345 380 3408 reterre
400 3348 431 3406 iu
452 3347 531 3409 atiud
550 3359 676 3439 tempus.
716 3348 826 3408 Verum
839 3351 967 3442 quisquis
980 3351 1143 3441 prudenter
1151 3371 1201 3410 ce-

48 3426 96 3544 put
113 3418 181 3480 illud
201 3429 249 3488 22.
270 3425 426 3514 expendet,
446 3424 524 3514 clpre
536 3423 647 3484 vrdebrt
659 3443 810 3514 sermones
823 3427 941 3487 dirersis
954 3427 1136 3562 temporibus
1147 3426 1201 3485 ba·

68 3501 133 3580 lios,
151 3498 289 3581 neglecto
310 3501 430 3574 ordine,
458 3499 542 3558 simui
564 3511 690 3561 contexi.
728 3502 810 3583 Ergo
832 3515 987 3564 contentio
1028 3523 1043 3562 e
1085 3513 1202 3574 rimatu,

49 3583 118 3656 cirrus
137 3575 270 3636 meminit
287 3575 392 3649 Lucas,
412 3575 448 3635 ab
470 3575 528 3636 boc
548 3576 633 3636 sonte
654 3576 789 3656 prosecta
810 3591 862 3654 est,
883 3579 963 3657 quod
983 3578 1035 3638 iiiii
1079 3576 1202 3638 ebedeei

50 3659 145 3715 primes
164 3652 246 3712 sedes
266 3649 296 3710 iu
315 3649 426 3712 Christi
446 3671 541 3734 reguo
561 3651 734 3714 ambierant
762 3655 804 3714 Et
822 3666 921 3714 tamen
942 3652 1002 3714 indi
1047 3655 1107 3714 etio
1127 3651 1202 3742 aiio·

50 3735 106 3778 tum
123 3725 239 3788 minime
260 3727 334 3788 iusta
354 3726 427 3787 suit:
447 3749 514 3789 nam
535 3750 623 3809 quum
642 3729 730 3819 stulte
750 3729 873 3821 ambitio
894 3730 925 3790 in
945 3731 1003 3790 duo
1027 3752 1059 3820 us
1072 3740 1202 3819 grayltqr

49 3799 1202 3962 tttttttttttttt‘ttrttttst{titttitttttttttttttttt

50 3953 167 4086 flgbffdk
174 3957 294 4095 smprppo
306 3977 356 4048 eps
370 3957 695 4093 pungleretpemulatim
713 3957 830 4094 repqlsa
842 3971 1005 4049 tamen-eos
1020 3902 1203 4094 pdacerebde-

52 4094 149 4183 detes.
185 4045 1205 4190 etsttttt'ttt¹trt1ttttt⁰tts'ttttttt't'{¹5³3}ssth
1272 4157 1275 4164 ,

51 4171 119 4236 culte
139 4203 217 4317 spem
238 4189 379 4277 primatus·
397 4187 474 4267 apud
492 4207 524 4246 se
545 4185 679 4246 fovebat:
699 4188 739 4248 its
760 4187 793 4247 fit
811 4188 939 4278 utiqter
955 4207 987 4247 se
1006 4187 1201 4279 invideantur

51 4263 148 4336 conten
169 4275 229 4336 ant,
248 4284 279 4322 m
300 4263 436 4323 orumbus
455 4275 554 4322 umen
573 4273 679 4344 regnet
691 4285 778 4344 prave
792 4265 945 4354 cupiditas.
986 4263 1201 4339 Quodsrrustr-

50 4341 85 4383 us
104 4341 133 4390 et
151 4334 279 4399 obscuris
299 4337 468 4402 bominibus
489 4339 654 4422 ingenitum
675 4340 731 4400 suit
751 4340 940 4414 botritium,
961 4351 991 4400 et
1010 4339 1069 4402 tevi
1088 4363 1121 4404 rc
1137 4341 1201 4400 scre

930 4418 1069 4504 127,
1179 4492 1183 4504 ,
