2766 4834
76 1441 96 1456 ⁹
188 1442 379 1503 revelationis
397 1453 522 1522 tempus.
554 1443 658 1521 Neque
679 1465 757 1506 emm
777 1445 841 1506 sin'e
852 1455 931 1506 certa
944 1441 1002 1502 Dei
1013 1442 1198 1521 providentia

157 209 160 214 “
190 229 244 324 so?
350 219 503 284 SECTIO
524 219 577 283 tv.
615 219 692 283 trau
711 175 961 288 anarrslrvsar
980 231 1160 282 rrnrarro.

136 363 143 380 '
190 373 278 434 mitto
297 370 384 434 vobis
392 371 487 450 Ellam
499 371 686 451 prophetam,
706 383 862 453 antequam
871 371 972 434 veniat
983 371 1045 434 dies
1055 369 1331 453 Dominilmagnus.

192 451 289 524 Itern,
317 469 387 510 eece
412 447 497 508 mitto
519 448 653 508 nuntium
672 471 785 526 meum,
816 448 866 530 qui
882 441 1025 530 purgabit
1044 447 1119 507 viam
1140 466 1239 512 coram
1260 469 1329 508 rue:

190 537 261 586 mne
285 526 386 586 veniet
403 522 445 584 ¹ad
469 523 609 604 ternplum
629 549 711 586 suum
732 527 915 602 dominator,
946 545 1032 618 quem
1053 523 1201 606 quaeritis.
1242 523 1329 598 Quia

190 615 318 682 utroque
338 601 405 660 loco
426 600 532 660 melior
545 601 694 662 Ecclesiae
715 603 848 664 conditio
865 602 1056 682 promittitur,
1076 600 1230 680 quamsnb
1238 601 1329 682 Lege

191 679 305 753 iuerat,
356 677 439 738 rocul
464 675 555 736 dubio
577 691 692 739 exortus
711 679 866 774 Evangelii
886 691 1015 744 notatur.
1054 677 1146 756 Atqui
1164 689 1330 756 antequam

189 757 316 836 prodeat
366 751 479 814 ominus
498 753 534 814 ad
553 755 763 815 restituendam
783 756 959 830 Ecclesiam,
984 766 1122 814 venturus
1143 745 1251 814 dicitur
1271 775 1330 834 ap-

190 832 304 912 paritor
323 830 369 889 vel
391 849 509 910 praeco,
530 832 666 908 quicum
687 833 786 892 adesse
807 831 989 912 pronuntiet.
1029 831 1116 890 Unde
1137 829 1329 912 collegimus,

190 907 263 976 abro
305 907 417 966 tionem
435 907 478 966 Le
502 905 509 921 '
544 920 574 966 et
593 907 710 968 initium
728 909 883 992 Evangelii
903 908 1023 988 proprie
1042 906 1130 968 statni
1149 907 1181 966 in
1201 906 1329 966 Ioannis

189 1002 260 1075 prae
282 981 420 1044 iratione.
495 991 625 1044 aeterua
651 1006 740 1064 quum
760 987 888 1046 Ioannes
909 983 1057 1047 Christum
1079 981 1167 1044 carne
1187 983 1329 1056 indutum
1369 991 1372 998 ⁴

189 1059 386 1131 commendet,
407 1069 437 1120 et
455 1057 590 1121 nativitas
610 1060 671 1120 eius
692 1072 722 1120 et
740 1073 803 1122 tota
824 1057 1011 1122 exhibitionis
1025 1059 1146 1120 historia
1157 1057 1210 1120 sub
1221 1056 1327 1118 Evan-

189 1135 270 1218 gelio
296 1137 475 1196 conficetur.
518 1136 579 1196 Sed
600 1137 648 1196 hic
667 1139 924 1212 cruentaturas,
955 1132 1074 1216 quando
1094 1133 1150 1196 cde
1174 1135 1231 1195 erit
1250 1155 1327 1216 pro-

188 1212 314 1295 mulgari
338 1212 541 1295 Evangeliann.
562 1255 565 1262 .
587 1211 689 1288 Quare
714 1237 777 1276 nnn
792 1226 914 1276 ‘temere
939 1235 956 1274 a
976 1214 1090 1275 Ioanne
1109 1155 1244 1286 orabunt,
1273 1211 1328 1290 qui

212 1289 299 1350 rirnus
320 1278 375 1348 luit
394 1290 455 1350 eius
475 1289 616 1358 minister.
646 1291 746 1372 Atque
760 1292 816 1352 boc
831 1288 956 1352 consilio
969 1289 1063 1352 voluit
1072 1287 1326 1362 coelestisl'ater,

160 1365 165 1380 .
188 1311 258 1425 llitit
278 1365 322 1426 sui
342 1365 430 1426 vitam
450 1363 568 1434 silentio
589 1367 672 1446 quasi
689 1367 832 1460 sepultam
853 1387 931 1442 esse,
961 1366 1057 1426 donec
1077 1360 1196 1426 advenit
1211 1365 1326 1500 plenae

1224 1453 1322 1501 aetum

190 1531 247 1594 est,
264 1529 296 1578 ut
314 1529 504 1599 praetereant
521 1521 727 1602 Evangelistae
747 1533 843 1584 totum
862 1519 1074 1598 illudtempus,
1093 1519 1173 1598 qdod
1187 1517 1323 1580 Ebristm

190 1595 270 1662 domi
297 1595 426 1675 privatus
451 1595 611 1678 transegit,
641 1609 670 1658 et
695 1599 824 1678 aprima
844 1597 905 1658 eius
925 1595 1048 1656 infautia
1070 1616 1135 1654 mox
1152 1593 1192 1653 'ad
1213 1617 1324 1654 annum

186 1669 366 1732 tricesimum
386 1683 544 1746 transeant,
586 1693 624 1732 uo
645 1671 762 1752 publica
804 1692 908 1734 ersona
928 1673 1045 1748 indutus
1065 1667 1251 1750 Redemptor
1270 1691 1324 1750 pa-

187 1745 246 1808 lam
267 1747 412 1808 eahrbitus
431 1759 475 1808 est
493 1694 619 1823 mundo,
639 1750 695 1809 nisi
715 1695 800 1829 quod
814 1751 907 1810 Lucas
926 1748 1075 1828 specimen
1096 1767 1186 1808 unum
1206 1745 1325 1806 laturae

188 1825 251 1898 eius
275 1822 440 1889 vocationis
466 1823 543 1892 circa
567 1847 676 1890 annum
701 1825 1062 1894 duodecimrunbreviter
1086 1823 1218 1906 attingit,
1256 1825 1323 1884 Huc

188 1901 306 1980 quidem
325 1900 362 1958 ad
382 1921 444 1962 rem
463 1901 584 1962 maxime
605 1902 783 1982 pertinebat,
802 1903 889 1976 scire,
908 1901 1060 1962 Christum
1073 1899 1175 1986 primo
1192 1920 1256 1960 esse
1270 1921 1323 1960 ve·

113 1995 120 2000 “
187 1997 252 2037 rum
277 1977 442 2051 bominem,
475 1978 582 2037 deinde
604 1977 745 2040 Abrahae
773 1991 803 2039 et
827 1977 949 2048 Davidis
974 1977 1079 2036 filium:
1120 1975 1149 2038 id
1174 1973 1323 2036 Dominus

79 2117 83 2133 ,
184 2063 323 2114 testatum
343 2052 430 2113 nobis
450 2075 512 2114 esse
528 2054 635 2116 voluit.
673 2055 809 2135 Reliqua,
829 2075 904 2136 quae
924 2055 969 2145 de,
981 2053 1157 2145 pastoribus,
1177 2054 1274 2134 maglr
1292 2063 1324 2112 et

187 2129 343 2198 simeone,
362 2129 532 2204 habuimus,
549 2132 602 2195 tad
634 2131 817 2211 probandam
844 2134 919 2198 eius·
931 2131 1112 2194 drvmrtatem
1138 2129 1323 2209 spectabant.

137 2207 142 2224 ¹
189 2205 282 2281 Quod
301 2227 372 2266 vero
395 2208 430 2267 de
451 2209 564 2278 Ioanne
585 2217 617 2271 et
635 2208 697 2268 eius
712 2221 795 2288 patre
807 2209 948 2270 Zacharia
960 2205 1089 2266 narravit
1099 2205 1219 2280 Lucas,¹
1247 2207 1323 2278 uod-

152 2293 156 2313 *
187 2284 254 2343 dam
279 2278 435 2365 Evangelii
461 2282 644 2364 praeludium
668 2283 732 2344 fuit.
777 2286 813 2344 In
837 2284 935 2346 verbis
955 2282 1117 2342 Malachiae
1138 2227 1324 2341 nibillrabet

187 2357 304 2420 absurdi
334 2380 480 2440 personae
510 2358 648 2420 mutatio:
684 2361 730 2422 sic
762 2363 839 2441 apud
870 2361 1046 2442 prophetam
1072 2357 1154 2418 Deus
1179 2358 1324 2436 loquitur,

186 2437 276 2499 Mitto
294 2436 569 2519 Angelummerun,
590 2437 736 2514 qui'viam
755 2437 989 2518 parabideornm
1009 2436 1126 2502 mmuh
1142 2433 1249 2502 llum
1271 2455 1324 2492 αυ-

186 2525 247 2574 tem
268 2513 356 2574 Pater
374 2513 482 2574 Filium
502 2513 869 2592 conpellanstadmianr.
891 2511 953 2578 Sed
971 2513 1103 2574 videmus
1115 2511 1226 2578 „Marco
1243 2509 1322 2578 nibil

186 2589 264 2650 aliud
284 2589 370 2651 fnisse
390 2589 586 2670 propositum,
606 2611 694 2668 quam
707 2602 744 2651 ut
763 2592 928 2672 prophetae
947 2586 1324 2667 mentem.clarit1s.·expri-

184 2678 288 2726 meret.
333 2665 462 2730 Nomine
488 2666 555 2728 Filii
581 2667 649 2727 Dei¹
668 2666 816 2730 Christum
842 2665 966 2748 insignit
991 2667 1122 2738 Marcus,
1155 2683 1244 2742 quem
1272 2662 1322 2724 alii

185 2743 268 2810 Euan
292 2741 391 2806 eliatae
411 2742 510 2802 testati
527 2755 597 2804 sunt
616 2764 650 2804 ex
669 2745 779 2806 semine
790 2743 927 2804 Abrabae
948 2741 1111 2802 etDavidis
1132 2751 1321 2813 reseratum,

170 2831 220 2899 ,ut
277 2825 317 2878 'aar
336 2837 456 2908 quoque
475 2816 597 2880 bom
616 2833 700 2882 esset
740 2821 801 2884 Sed
820 2817 969 2902 significat
986 2819 1118 2892 Marcus,
1137 2817 1323 2896 redemptio-

186 2917 256 2962 nem
277 2914 414 2960 nonnus
433 2913 450 2958 a
469 2893 628 2961 Filiollei
647 2896 952 2978 fnisseqaeraudam..
1053 2955 1058 2966 ,
1105 2943 1109 2952 .
1231 2905 1235 2913 '

185 3007 188 3014 ι
262 2971 368 3036 Mattlt.
398 2977 426 3036 1·
476 2969 516 3032 lar
549 2971 646 3035 dietus
673 2975 741 3036 ttda.
799 2971 871 3032 Luc.
902 2981 929 3036 l.
979 2969 1076 3032 Aaou
1101 2967 1322 3047 decimoquinto.

185 3049 231 3110 Ex
258 3048 411 3138 lllattbaeo
437 3059 469 3108 et
491 3047 593 3110 Marco
619 3071 682 3142 non
708 3060 827 3140 poterat
850 3047 970 3186 colligi,
1004 3059 1097 3127 quoto
1124 3045 1227 3109 aetatis
1251 3065 1323 3136 suae

184 3123 1325 3282 ἓξὲἶαῑῖοᾞέἳζιῗῖἒὲἓίηὲηὲῗὴέἱῖἲεέἷίηῒ“ἑυιξὲῗ“(Ξίῗὲἒὲἶὲ

185 3276 271 3342 aunis
295 3241 364 3337 arlte
389 3290 512 3340 mortem
536 3279 664 3362 Augusti
682 3291 783 3340 natum
803 3278 907 3354 luisse,
938 3299 999 3340 uno
1020 3275 1083 3338 lere
1102 3297 1249 3338 consensu
1269 3295 1321 3336 ve-

184 3353 256 3416 tusti
280 3354 431 3416 Ecclesiae
454 3355 510 3416 scri
533 3367 614 3418 tores
637 3357 778 3418 tradunt·
803 3357 966 3418 Successor
990 3350 1128 3416 Tiberius
1150 3352 1212 3414 tarn
1237 3351 1322 3412 annis

183 3465 186 3474 ·
209 3430 356 3494 uindeeim
373 3432 489 3513 imperii
505 3377 642 3506 llonani‘
651 3433 762 3513 potitus
781 3444 861 3507 erat,⁴
876 3449 965 3512 quum
985 3431 1063 3492 idem
1083 3429 1212 3494 Ioannes
1232 3449 1321 3506 prae-

187 3451 286 3574 dicare
311 3529 367 3570 coe
390 3509 421 3570 it.
466 3509 634 3571 Conficitur
659 3529 732 3592 ergo
753 3509 829 3570 illud
855 3509 936 3590 qnod
954 3507 1014 3570 dixi
1029 3505 1156 3588 triginta
1174 3517 1322 3567 annorum

189 3595 311 3664 tempus.
329 3587 334 3602 ’
381 3589 438 3649 nde
454 3587 546 3649 etiam
565 3586 713 3666 sequitur,
730 3595 795 3646 hon
816 3584 866 3646 diu
885 3579 1017 3646 iunctum
1039 3603 1100 3644 esse
1120 3581 1253 3646 doctoris
1274 3581 1322 3640 ol-

187 3659 266 3736 ficio,
285 3663 336 3724 sed
356 3665 439 3724 brevi
456 3663 578 3722 Christo
597 3663 730 3724 cessisse:
751 3664 818 3740 quia
877 3662 927 3724 ulo
948 3673 1016 3742 post
1034 3657 1209 3737 videbimus,
1227 3655 1322 3747 Ebri-

186 3749 262 3801 stum
283 3740 368 3803 etiam
380 3761 460 3801 anno
470 3739 572 3800 aetatis
583 3759 653 3800 suae
664 3740 813 3803 tricesimo
824 3684 944 3800 suliulamb
982 3738 1112 3820 tizatum.
1143 3735 1183 3793 At
1205 3746 1318 3794 mtunc

187 3817 226 3876 ad
243 3837 346 3878 munus
366 3819 669 3898 sumperagendum
687 3816 817 3876 initiatus
837 3815 902 3878 snit.
928 3761 1051 3888 'Eleum
1064 3823 1162 3872 autem
1183 3755 1320 3873 doristus

189 3891 242 3954 snt
262 3894 387 3954 iustitiae
400 3895 543 3952 Ioannem
562 3915 645 3956 suum
665 3892 830 3969 luciferum,
849 3893 905 3954 vel·
917 3911 1053 3952 auroram
1073 3909 1141 3948 mox
1154 3887 1322 3976 subsequu-

186 3971 305 4046 tussit,
324 3991 385 4032 non
405 3969 510 4030 mirum
531 3981 585 4044 est,
605 3971 753 4032 loannem
769 3968 930 4043 evanuisse,
950 3987 1010 4046 quo
1030 3987 1076 4026 ma
1100 3966 1123 4024 is
1144 3964 1321 4042 conspicuus

188 4060 265 4109 esset
290 4047 374 4106 unius
402 4045 513 4110 Christi
537 4048 647 4129 fulgor.
691 4048 763 4108 Luc.
801 4047 909 4107 Poeta
931 4045 1037 4104 Rana.
1076 3983 1239 4130 firobabile
1267 4050 1321 4112 est,

188 4127 265 4190 bunc
284 4125 444 4184 secundum
463 4146 573 4186 annum
592 4125 680 4185 luisse
700 4122 801 4188 Pilati:
832 4143 868 4184 err
885 4141 945 4202 quo
966 4120 1045 4180 enim
1065 4119 1091 4176 T
1095 4117 1204 4179 iberus
1224 4117 1320 4198 impe-

102 4248 104 4264 .
187 4205 263 4270 rium
288 4199 466 4280 arripuerat,
497 4214 596 4262 narrat
615 4199 758 4290 Iosephus
784 4199 861 4260 libro
887 4203 934 4268 lE
959 4194 1193 4274 Antiquitatum,
1224 4191 1319 4254 abeo

79 4331 104 4342 ..
188 4289 317 4340 creatum
346 4297 408 4338 esse
436 4279 563 4338 Iudaeae
594 4277 756 4357 praesidem
781 4275 930 4336 Valerium
957 4273 1082 4334 Gratum
1109 4283 1140 4332 et
1162 4270 1320 4330 suffectum

187 4353 289 4420 annio
314 4353 402 4417 nuto.
452 4355 556 4420 Potuit
577 4366 676 4420 autent
701 4354 773 4418 baec
797 4350 971 4433 subrogatio
997 4349 1129 4412 incidere
1153 4347 1185 4412 tn
1209 4367 1321 4410 annun
