2778 4838
147 249 188 315 'tt
376 201 594 304 sedum.
632 251 871 302 praeconans
892 251 1075 302 ssaraouns.

152 394 221 459 cufo
240 413 303 456 noa
323 372 454 490 abesset,
479 395 547 489 qrria
573 395 689 456 honore
693 394 862 486 prosequi
867 391 1018 455 hominem
1037 411 1053 451 a
1074 389 1214 453 carnifice
1234 391 1319 452 ocei-

130 474 132 483 '
151 493 215 534 sum
235 493 298 534 non
317 458 473 556 poterant,
493 472 565 554 quin
585 469 702 556 tyranni
721 470 862 533 rabiem
853 489 885 529 m
904 488 936 530 se
955 479 1164 549 provocarent

233 686 340 766 (131.)
360 685 531 753 ΜΑΤΤΗ.
557 687 643 754 xtV.
685 685 736 751 13
768 684 805 751 fd
832 706 930 772 quum
959 683 1103 748 audisset
1128 684 1250 764 lesus,
1269 706 1321 752 so-

153 793 249 858 cessit
277 788 370 856 illinc
394 791 430 854 in
455 793 533 856 navi
558 790 599 856 ad
624 787 787 855 desertum
816 786 921 854 locum
949 807 1109 852 seorsum:
1152 798 1185 853 et
1219 809 1317 875 quum

153 877 319 984 audissent
338 889 467 968 turbae,
492 903 648 979 sequutae
675 903 751 958 sunt
776 889 867 956 illum
899 893 1015 956 itincre
1036 889 1181 976 pedestri
1202 889 1246 956 ab
1268 914 1319 958 ur-

149 993 258 1064 bibus.
298 995 348 1062 14.
376 995 419 1060 Et
444 1016 591 1082 egressus
611 997 700 1061 Iesus
725 991 806 1058 vidit
832 988 962 1060 multam
984 992 1125 1071 turbam,
1156 1004 1189 1059 et
1216 1005 1319 1062 tactus

152 1109 202 1163 est
231 1097 351 1164 affectu
376 1099 618 1166 misericordiae
645 1119 720 1184 erga
747 1092 837 1172 illos,
868 1097 1056 1182 sanevitque
1085 1117 1123 1160 ex
1149 1095 1234 1175 iilis,
1261 1101 1319 1185 qui

150 1196 235 1266 male
254 1200 436 1268 habebunt
492 1187 543 1268 15
577 1203 682 1269 Ροιιο
714 1221 812 1286 quum
840 1199 1014 1284 appetisset
1043 1220 1193 1287 vespera,
1228 1201 1320 1266 adie-

153 1314 231 1370 runt
252 1325 324 1370 euor
347 1302 497 1391 discipuli
519 1311 602 1384 eius,
628 1303 787 1382 dicentes,
807 1299 963 1367 Desertus
986 1311 1034 1367 est
1054 1299 1161 1382 locus,
1181 1314 1212 1370 et
1233 1304 1319 1370 hora

151 1407 216 1470 iam
237 1412 418 1493 praeteriit,
445 1408 567 1506 dimitte
594 1405 723 1486 turbas,
746 1419 781 1472 ut
809 1405 963 1471 abeant'
954 1425 988 1468 ιιι
1016 1407 1121 1484 vicos,
1150 1417 1182 1472 et
1208 1417 1319 1472 emant

86 1559 109 1568 ..
149 1507 216 1574 sihi
243 1509 373 1576 cibaria.
427 1511 477 1576 16.
504 1513 547 1580 At
572 1512 661 1577 lesus
689 1511 770 1576 dixit
795 1507 873 1588 illis,
905 1509 981 1574 Nou
1015 1519 1063 1574 est
1088 1509 1154 1576 illis
1180 1531 1319 1576 necesse
1385 1535 1386 1550 ¹

151 1610 259 1677 abire:
285 1613 360 1679 date
381 1613 445 1680 illis
466 1635 541 1690 vos,
561 1613 651 1698 quod
674 1614 780 1680 edant
824 1612 873 1677 17.
903 1609 1219 1690 ministrasset,
1241 1613 1318 1686 Non

151 1711 309 1781 hahemus
343 1716 414 1794 hic,
448 1719 511 1782 nisi
543 1718 687 1804 quinque
714 1735 815 1804 panes
842 1724 876 1780 et
902 1713 985 1780 duos
1012 1718 1126 1802 pisces.
1180 1715 1231 1781 18.
1258 1715 1319 1781 Ille

150 1839 233 1884 vero
260 1818 353 1896 dixit,
380 1815 506 1882 Afferte
533 1816 611 1882 mihi
627 1817 713 1896 ¹illos
741 1817 812 1884 huc
861 1817 911 1883 19.
938 1817 981 1884 Et
1007 1821 1096 1885 iussit
1123 1816 1228 1884 turbis
1256 1818 1321 1885 dis·

150 1918 307 1987 cumbere
325 1916 442 2003 ‘super
480 1922 636 2003 gramina,
675 1923 873 2010 sumptisque
905 1923 1048 2008 quinque
1082 1920 1237 2009 panibus,
1280 1943 1319 1986 ae

154 2017 285 2088 duobus
317 2019 474 2108 piscibus,
505 2021 641 2088 sublatis
673 2025 706 2088 in
741 2021 869 2092 coelum
906 2019 1011 2092 oculis
1043 2022 1218 2090 benedixit.
1276 2024 1319 2090 Et

99 2157 108 2172 ·
153 2144 253 2210 quum
281 2124 442 2211 fregisset,
468 2123 559 2192 dedit
584 2123 751 2211 discipulis
772 2148 887 2213 panes,
914 2125 1065 2214 discipuli
1094 2149 1175 2193 vero
1204 2126 1316 2194 turbis
1385 2143 1386 2146 ’

41 2265 45 2275 ›
152 2225 205 2293 30.
238 2228 280 2294 Et
307 2227 518 2295 comederunt
550 2248 676 2306 omncs,
708 2237 741 2294 et
766 2233 900 2296 saturati
926 2240 1015 2309 sunt,
1053 2240 1085 2295 et
1118 2230 1320 2297 sustulerunt

153 2328 261 2418 quod,
278 2331 483 2418 superfuerat
516 2353 535 2397 e
571 2332 770 2416 fragmentis,
800 2317 973 2402 duodecim
1005 2331 1164 2419 cophinos
1190 2332 1317 2421 plenos.

152 2432 205 2503 21.
222 2435 343 2501 Porro
363 2435 430 2522 .qui
465 2434 687 2515 comederant,
728 2437 859 2504 fuerunt
896 2439 1039 2522 virorum
1070 2437 1140 2503 fere
1173 2438 1319 2526 quinque

152 2534 269 2619 millia,
289 2549 420 2626 praeter
438 2537 590 2608 mulieres
610 2561 647 2606 ac
667 2561 812 2630 pueros·

236 2695 377 2764 Mane.
398 2698 455 2762 vt.
515 2699 566 2765 30.
598 2697 640 2762 Et
674 2677 909 2787 congregantur
938 2697 1089 2786 Apostoli
1129 2697 1172 2764 ad
1205 2699 1320 2780 lesum,

20 2841 27 2854 ι
151 2809 186 2866 et
204 2803 471 2866 renuntiaverunt
493 2805 524 2866 ei
545 2803 668 2896 omnia,
696 2811 729 2866 et
754 2815 838 2888 quac
865 2806 1004 2889 egissent
1025 2813 1058 2868 et
1078 2823 1163 2890 quae
1186 2803 1318 2872 docuis

149 2910 233 2968 sent
273 2903 324 2967 31.
348 2901 391 2966 Et
417 2906 461 2968 ait
484 2905 565 2984 illis,
594 2907 715 2969 Venite
745 2925 806 2971 vos
837 2905 902 2972 soli
933 2909 968 2973 in
1002 2905 1164 2972 desertum
1200 2905 1319 2986 locum,

153 3014 187 3070 et
207 3007 401 3092 requiescite
423 3005 584 3092 pusillum.
625 3007 726 3074 Erant
747 3011 832 3073 enirn
860 3008 969 3090 multi,
997 3011 1053 3096 qui
1079 3008 1260 3076 veniebant
1288 3024 1320 3078 et

153 3103 302 3186 abibant,
327 3117 362 3172 ut
390 3129 433 3174 ne
459 3107 567 3174 cibum
595 3109 726 3195 quidem
755 3133 872 3198 capere
897 3121 1036 3178 vacaret.
1091 3114 1142 3180 32
1171 3113 1214 3179 Et
1241 3112 1320 3181 abiit

151 3211 187 3275 in
219 3207 381 3277 desertum
415 3211 522 3277 locum
549 3215 679 3298 navigio
707 3236 861 3281 seorsum.
915 3217 968 3282 33.
1001 3215 1044 3282 Et
1075 3215 1230 3283 viderunt
1262 3239 1320 3284 eos

154 3310 312 3380 abeuntes
337 3313 466 3396 turbae,
493 3325 525 3381 et
553 3327 754 3402 agnoverunt
783 3338 855 3382 eum
881 3317 988 3398 multi,
1014 3328 1048 3384 et
1075 3321 1192 3385 itinere
1221 3321 1320 3408 pede·

150 3421 210 3484 stri
237 3440 276 3484 ex
301 3417 451 3484 omnihus
477 3417 609 3498 urbibus
633 3425 869 3486 concurrerunt
892 3419 983 3502 illuc,
1014 3431 1047 3486 et
1074 3435 1319 3506 praevenerunt

153 3543 228 3601 eos,
248 3533 535 3611 conveneruntque
558 3524 599 3588 ad
620 3522 720 3589 illum.
763 3523 814 3588 st
842 3523 883 3589 Et
909 3545 1056 3610 egressus
1083 3525 1167 3590 vidit
1193 3527 1318 3594 turbam

111 3624 114 3638 '
150 3624 283 3696 tonitam
311 3627 414 3718 lesus,
448 3638 480 3692 et
514 3627 635 3694 affectu
665 3625 907 3692 misericordiae
943 3638 1045 3694 tectus
1073 3638 1122 3692 cst
1149 3649 1222 3715 erga
1251 3652 1320 3709 cos,

152 3731 208 3815 qui
231 3739 322 3798 crant
341 3729 431 3796 velut
453 3751 544 3809 oves,
569 3752 637 3798 non
659 3728 814 3826 trabentes
836 3740 1013 3816 pastorem,
1045 3741 1078 3796 et
1106 3735 1217 3818 coepit
1241 3732 1321 3800 illos

151 3832 275 3899 docere
301 3830 415 3900 multa.
436 3875 438 3880 .
457 3833 509 3898 35.
542 3835 585 3899 Et
615 3855 714 3922 quum
742 3836 803 3898 iarn
832 3831 967 3899 multum
995 3835 1063 3899 dici
1091 3837 1322 3923 praeteriisset,

154 3945 359 4019 accesserunt
380 3935 421 4002 ad
445 3957 518 4002 cum
539 3933 691 4023 discipuli
712 3939 796 4013 cius,
825 3935 984 4016 dicentes,
1014 3937 1174 4005 Desertus
1203 3947 1253 4003 est
1275 3937 1323 4003 lo·

153 4059 226 4116 cus,
253 4049 285 4104 et
312 4041 375 4106 iam
402 4038 536 4106 multum
563 4040 718 4124 temporis
745 4039 878 4106 effluxit·
920 4041 974 4107 36·
1002 4040 1138 4108 Dimitte
1166 4039 1263 4120 illos,
1288 4051 1321 4106 ut

156 4137 276 4206 abeant
293 4141 329 4206 in
350 4144 613 4208 circumiacentes
634 4137 743 4218 villas,
774 4162 814 4206 ac
839 4146 943 4224 vicos,
971 4153 1145 4232 emantque
1175 4143 1241 4210 sihi
1268 4165 1321 4230 pa·

147 4262 226 4328 'nese
258 4263 334 4310 nam
361 4235 452 4332 quo'd
480 4242 579 4309 edant
605 4263 674 4310 non
702 4241 832 4311 habent.
885 4245 936 4312 37.
967 4249 1041 4338 lpse
1072 4268 1154 4313 vero
1187 4268 1322 4336 respou-
1385 4287 1386 4300 ι

86 4403 89 4410 .
152 4343 234 4416 dens
255 4343 333 4414 dixit
353 4343 436 4428 illis,
464 4347 550 4416 Dato
576 4343 642 4414 illis
661 4367 736 4429 vos,
763 4347 854 4440 quod
881 4349 987 4420 edaot.
1028 4352 1071 4422 Et
1098 4350 1251 4434 dinenrnt
1281 4352 1322 4428 ei.
1385 4399 1386 4402 ,
