2790 4838
397 105 403 112 ”
485 103 491 131 l

325 251 389 338 (ts
410 259 491 320 Iesus
512 279 577 320 curn
597 255 760 339 publicanis
779 262 932 338 coenans.)
949 303 951 310 ι
1108 269 1196 330 *213

53 409 142 470 luerit
160 421 193 472 et
211 409 296 471 uude
316 429 411 472 auum
434 422 489 485 tus,
529 432 568 472 uo
588 433 633 472 ma
657 413 731 473 irio
750 434 801 476 sua
833 411 1074 474 ersouaillustret
1084 411 1193 474 Christi
1296 439 1303 448 ·

14 515 15 520 1
103 485 187 545 tiam.
220 487 339 548 Eodem
359 433 450 550 molo
461 433 567 550 Pullus
586 433 716 568 (desim.
726 499 754 566 1,
767 435 841 566 thil,
859 489 966 550 fidelis
985 508 1092 562 sermo,
1112 491 1192 568 quod

14 537 15 630 l
78 564 189 623 hristus
209 564 293 624 Iesus
313 565 396 624 veuit
414 565 451 624 ad
470 578 641 645 peccatores
660 567 834 640 servandos,
861 587 986 647 quorum
1005 565 1114 642 primus
1135 585 1191 647 ego

50 662 119 700 suos.
171 639 268 718 Quod
293 639 410 701 Marcus
434 652 465 702 et
488 641 582 704 Lucas
603 663 670 704 eum
690 641 763 702 leui
782 642 951 716 nominant,
975 661 1012 720 ap
1035 653 1097 700 aret
1116 640 1192 700 istud

52 716 139 776 luisse
160 716 279 797 gentile
300 737 427 790 nomeu,
460 717 511 777 sed
530 719 597 797 quia
617 719 789 798 publicanus
811 731 887 794 erat,
919 718 994 778 hauc
1014 661 1101 776 luisse
1122 738 1191 776 cau-

52 815 118 866 sam,
142 805 179 852 ut
198 793 392 872 peregrinum
413 804 523 852 nomeu
542 793 599 854 sibi
619 807 786 857 arcesseret.
956 816 1008 858 me.
1046 793 1116 852 Nou
1137 793 1212 852 du-.

51 869 127 926 bium
159 879 223 942 est,
252 868 326 947 quin
351 867 482 948 pluribus
507 870 604 930 verbis
632 871 803 951 expresserit
823 871 849 933 C
871 871 971 946 sistus,
1003 889 1141 950 quorsum
1161 881 1192 928 et

50 965 101 1022 qua
123 945 199 1026 lege
220 965 288 1004 eum
307 959 443 1017 vocaret,
472 946 562 1026 idque
583 948 690 1008 certius
709 947 778 1007 colli
802 947 860 1006 itur
878 967 912 1008 ex
931 946 1027 1018 Luca,
1053 946 1102 1025 qui
1123 965 1190 1004 euru

50 1021 192 1080 omnibus
211 1020 324 1080 relictis
342 1022 496 1082 surrexisse
516 1023 588 1084 dicit
605 1025 747 1104 sequendi
758 968 868 1084 Christi
879 1044 972 1084 causa.
1003 1024 1078 1082 Nam
1091 1022 1189 1082 omnia
1290 1075 1295 1087 ,

49 1097 240 1176 relinquere,
270 1096 329 1156 nisi
354 1097 515 1158 domestico
537 1099 646 1160 Christi
665 1098 808 1179 discipulo
829 1111 860 1159 et
878 1100 908 1158 in
927 1121 1009 1180 spem
1028 1098 1190 1179 Apostolu-

48 1185 91 1232 uu
116 1184 244 1246 vocatos
268 1193 388 1234 necesse
408 1195 470 1234 non
491 1185 562 1234 erat.
599 1175 696 1236 Porro
716 1176 747 1236 in
765 1185 825 1235 tam
845 1188 984 1255 prompto
1005 1173 1190 1254 obsequendi
1299 1193 1304 1200 ·

49 1249 147 1309 studio
179 1249 311 1309 divinam
339 1251 419 1312 vocis
452 1249 562 1311 Christi
593 1251 752 1312 efficaciam
776 1251 982 1331 perspicimus,
1020 1271 1082 1310 nou
1107 1249 1187 1328 quod

49 1345 154 1386 omues
198 1345 344 1404 eraeque,
369 1347 495 1405 quorum
520 1326 638 1387 auribus
656 1327 790 1400 insonat,
813 1327 891 1386 intus
911 1325 1019 1386 afficiat
1038 1326 1068 1384 iu
1089 1325 1187 1385 cordi-

49 1401 112 1476 bos,
136 1423 150 1460 s
211 1402 243 1460 in
264 1402 322 1462 hoc
343 1401 462 1462 homine
481 1402 576 1463 voluit
596 1401 729 1464 Chris'tus
749 1401 898 1485 singulare
916 1402 1066 1483 specimen
1087 1402 1185 1474 edere,
1221 1465 1224 1478 ¹

52 1490 80 1537 ιι
98 1478 258 1551 sciremus,
277 1498 340 1536 uon
361 1478 525 1539 humanitus
545 1478 632 1540 luisse
651 1491 797 1540 vocatum.

122 1555 199 1614 Luc.
226 1561 277 1620 29·
315 1553 362 1612 Es
374 1555 456 1634 serit
479 1553 525 1614 :tta
547 1559 714 1620 muttum.
753 1555 879 1616 Videtur
902 1554 939 1614 ab
965 1573 1002 1613 eo
1023 1551 1116 1612 disere
1139 1571 1188 1631 pre

49 1631 130 1710 quod
149 1631 249 1691 relrrt
266 1630 376 1705 Lucas,
406 1631 508 1692 relicta
528 1631 615 1692 luisse
635 1633 672 1692 ab
693 1653 729 1692 eo
751 1632 864 1692 omnia:
894 1631 945 1691 sed
967 1627 1058 1689 facilis
1077 1572 1186 1688 solutio

50 1721 100 1777 cst,
121 1707 303 1786 posthabitis
324 1708 460 1768 omuibus
480 1707 696 1788 impedimentis
706 1709 886 1770 Matthacum
906 1727 938 1766 se
958 1718 1053 1768 toturn
1064 1703 1185 1764 Christo

50 1784 179 1858 dedisse,
209 1782 253 1843 tic
277 1794 376 1843 tamen
401 1796 434 1843 ut
458 1805 504 1844 res
523 1805 588 1846 suas
609 1785 781 1845 domesticos
800 1805 862 1844 nou
882 1781 1031 1843 abiicerht.
1070 1779 1186 1854 Paulus,

49 1860 115 1919 dum
135 1859 266 1918 militum
287 1859 421 1939 exemplo
442 1860 535 1920 Verbi
553 1859 701 1921 ministros
721 1862 871 1934 hortatur,
889 1871 922 1920 ut
941 1859 1029 1922 liberi
1048 1870 1079 1916 et
1096 1855 1185 1916 soluti
1220 1873 1236 1886 ·

49 1935 187 1995 omnibus
216 1935 435 2016 impedimentis
464 1957 585 2017 operam
608 1957 689 1996 suasu
714 1937 863 1998 Ecclesiae
888 1935 1075 2015 impendant,
1113 1932 1185 1992 dicit

49 2013 101 2090 (ll.
120 2011 203 2071 Tim.
224 2017 260 2086 2,
278 2014 339 2090 4.),
359 2014 470 2087 Neruo,
490 2013 540 2104 qui
558 2013 679 2088 militat,
696 2013 828 2095 implicat
845 2033 876 2074 se
895 2013 971 2073 vitae
990 2009 1133 2092 negotiis,
1152 2021 1185 2070 ut

49 2088 223 2168 imperatori
247 2087 377 2168 placeat:
408 2109 470 2148 nou
496 2089 636 2172 intelligit
659 2102 757 2168 certe,
786 2090 955 2169 quicunque
974 2088 1045 2148 dant
1062 2085 1183 2146 uomina

50 2167 84 2225 ad
107 2164 247 2224 militiam
267 2163 479 2244 profitendam,
511 2166 668 2228 divortium
688 2167 785 2226 lacere
805 2187 870 2226 cum
890 2162 1042 2236 uxoribus,
1072 2161 1182 2221 liberos
1274 2165 1278 2172 '

49 2241 201 2317 abditare,
229 2241 367 2302 domibus
385 2241 443 2302 suis
462 2242 492 2301 in
513 2253 608 2301 totum
626 2243 814 2316 renuntiare,
831 2241 884 2302 sed
904 2241 940 2300 ad
958 2251 1073 2320 tempus
1091 2236 1182 2328 absti-

49 2339 116 2380 nere
138 2340 157 2378 a
178 2315 317 2378 domibus
336 2317 410 2391 suis,
439 2330 470 2378 et
489 2319 565 2378 curis
586 2318 722 2378 omnibus
742 2317 927 2390 renuntiare,
956 2327 988 2373 ut
1007 2335 1038 2374 se
1059 2311 1180 2371 mrlrtrae

50 2415 170 2472 prorsus
198 2393 346 2454 addicant.
384 2395 434 2455 Sic
454 2405 485 2454 et
502 2393 681 2452 Matthaeum
702 2393 776 2453 nihil
794 2392 931 2466 retinuit,
959 2388 1114 2469 quominus
1134 2409 1181 2447 se-

49 2483 206 2549 queretur,
230 2490 291 2550 quo
313 2467 446 2531 Christus
465 2469 604 2530 vocabat:
633 2481 664 2528 et
682 2481 798 2542 tamen,
824 2479 967 2547 quatenus
986 2464 1030 2523 illi
1050 2463 1182 2543 permisit

49 2547 222 2608 vocationis·
251 2565 320 2606 suae
357 2547 452 2638 ratio,
509 2545 602 2605 libere
638 2555 672 2604 et
710 2545 800 2604 domo
837 2563 889 2602 sua
928 2552 959 2600 et
996 2537 1181 2618 facultatibus

49 2645 112 2683 asos
139 2635 194 2683 est.
242 2622 373 2683 Telonio
400 2624 517 2704 qudem
542 2620 707 2683 valedicere
732 2611 880 2699 oportuit,
912 2616 980 2695 quia
1004 2615 1065 2674 illic
1091 2634 1180 2673 occu-

49 2713 131 2778 patus
172 2699 285 2760 Christi
321 2719 420 2760 tomes
457 2719 521 2759 non
559 2698 669 2758 luisset
727 2695 904 2756 Conuiuium
941 2712 1080 2779 maguum
1117 2709 1180 2748 uon

49 2789 104 2836 tam
137 2774 176 2835 ad
207 2773 451 2837 discumbentium
480 2775 612 2849 turbam,
650 2793 736 2854 quam
767 2772 804 2832 ad
836 2769 971 2831 ciborum
1003 2787 1118 2856 coptam
1150 2775 1180 2823 et

49 2851 237 2931 splendorem
267 2849 410 2912 refertur:
448 2873 515 2911 nam
546 2850 695 2912 Christum
725 2848 830 2912 scimus
859 2867 921 2907 non
954 2865 988 2904 es
1014 2844 1102 2902 luisse
1126 2860 1179 2930 aus

49 2929 196 3000 steritate,
225 2928 298 3007 quin
322 2949 421 3008 passus
445 2929 498 3003 sit,
528 2927 676 2988 interdurn
699 2947 731 2986 se
756 2923 931 2986 adivitibus
946 2921 1055 3012 lautius
1075 2919 1180 3007 accipi,

49 3005 87 3065 sic
120 3017 218 3063 tameo
246 3015 280 3064 ut
309 3003 433 3065 luxuries
462 3004 586 3064 abesset.
643 3005 762 3063 Interea
790 3021 852 3061 nou
885 2998 1005 3060 dubium
1029 3007 1073 3058 cst
1098 3003 1180 3074 qun,
1221 3013 1226 3032 ι

50 3095 80 3140 ιιι
104 3081 167 3161 ipse
191 3079 342 3161 singulare
366 3093 430 3142 erat
452 3093 510 3140 tenr
535 3078 662 3140 erantiae
688 3077 869 3158 exemplum,
907 3075 948 3135 ita
978 3093 1047 3166 suos
1076 3070 1201 3162 Ιιοιερί-ι

51 3170 91 3218 tes
130 3157 169 3218 ad
206 3156 252 3216 lru
276 3157 351 3216 alem
389 3169 420 3218 et
452 3177 499 3218 me
521 3176 633 3217 rocreru
663 3157 771 3217 victum
803 3154 934 3213 hortatus
964 3162 1012 3210 srt:
1053 3147 1178 3207 lautitias

70 3235 167 3294 uidem
192 3177 329 3314 proCusas
348 3245 378 3293 et
397 3232 550 3296 dissolutas
570 3253 718 3312 nunquam
735 3229 866 3290 tulisset·
899 3227 991 3317 Quod
1011 3224 1081 3315 dicit
1099 3223 1177 3284 blat-

52 3255 150 3370 haeus
174 3310 288 3370 venisse
315 3323 500 3390 peccatores,
533 3309 589 3369 hoc
609 3322 669 3384 est,
700 3308 833 3368 homiues
852 3304 1014 3386 flagitiosae
1034 3312 1110 3360 vitae
1123 3297 1176 3392 'vel

51 3386 165 3447 infamia
190 3398 327 3448 notatos:
356 3386 424 3446 hinc
450 3386 637 3460 factumest,
670 3385 750 3465 quod
770 3379 936 3462 publicani,
964 3399 1051 3469 quum
1073 3387 1103 3436 et
1121 3397 1177 3454 rpst

51 3463 137 3554 vulgo
156 3464 236 3524 exosi
257 3474 289 3523 et
308 3463 445 3542 probrosi
466 3463 575 3537 dorent,
594 3483 655 3522 nou
676 3458 875 3520 abhorrebant
894 3477 910 3515 a
929 3457 1030 3515 talium
1051 3472 1176 3544 consue--

52 3541 162 3600 tudrue:
182 3562 251 3600 nam
271 3539 356 3598 sicuti
375 3539 490 3599 modica
510 3539 657 3599 correctio
679 3537 792 3616 pudore
811 3533 944 3614 humiliat
964 3552 1014 3591 eos
1034 3551 1084 3619 qur
1104 3548 1175 3608 pec-

52 3630 166 3692 carunt,
193 3617 235 3676 ita
261 3615 350 3676 nimia
373 3613 511 3676 severitas
538 3615 678 3694 quosdam
704 3613 740 3672 ad
760 3609 995 3690 desperationem
1016 3617 1113 3695 cogit,
1144 3613 1177 3660 ut

53 3693 128 3753 omni
154 3695 271 3774 pudore
292 3713 411 3752 excusso
437 3692 474 3751 ad
499 3691 710 3772 turpitudinem
735 3709 766 3748 se
791 3685 957 3766 proiiciant.
1016 3679 1173 3740 'l'rrbutum

52 3783 98 3829 aut
121 3771 197 3832 vecti
220 3769 249 3830 al
275 3769 391 3850 erigere
412 3767 522 3827 nullum
542 3779 605 3833 erat
623 3765 732 3828 scelus:
765 3763 815 3823 sed
835 3783 924 3840 quum
943 3781 974 3820 se
993 3755 1075 3818 retici
1093 3743 1175 3812 ride-

52 3861 114 3906 rent
131 3845 285 3928 publrcani
304 3845 385 3924 quasi
404 3844 545 3925 profanos
565 3855 596 3904 et
614 3841 811 3912 detestabiles,
829 3837 965 3900 solatium
986 3829 1126 3922 petebant
1141 3848 1175 3886 ex
1282 3835 1291 3854 ‘
1340 3890 1351 3914 x

52 3943 146 3984 eorum
165 3921 392 3995 consuetudine,
452 3920 462 3979 i
480 3920 594 3980 sinistra
614 3919 689 3978 lama
709 3916 877 3976 laborantes
897 3913 936 3972 ob
955 3903 1175 3998 corprmunefle-
1254 3940 1263 3956 s

52 3999 131 4062 decus
151 4023 205 4062 eos
226 4019 289 4060 uon
308 3942 496 4078 spernebhnt
526 3997 643 4056 Interea
663 4015 694 4054 se
711 3992 874 4053 miscebant
885 3989 1033 4073 adulteris,
1053 3981 1176 4069 ebriosis

54 4089 80 4135 et
95 4079 255 4150 similibus,
280 4095 404 4154 quorum
423 4073 534 4134 scelera
553 4069 783 4151 improbasscnt,
803 4079 833 4126 et
852 4064 956 4151 quibus
976 4061 1098 4148 luissent
1117 4055 1175 4114 dss-

52 4153 167 4232 sioriles,
206 4153 265 4214 nisi
300 4150 419 4231 publico
455 4149 525 4211 odio
556 4160 586 4208 et
617 4147 732 4226 repulsa
762 4145 820 4206 hue
846 4149 1026 4201 necessitatis
1057 4133 1178 4194 luissent

52 4231 225 4368 ἒίΙπῗῘιιιιΙι.
252 4311 298 4370 ll.
343 4303 405 4364 Gur
428 4325 494 4364 oum
513 4297 679 4378 publicanis
702 4299 841 4357 mentor?
889 4288 999 4350 Christi
1020 4285 1176 4426 discipulos

53 4384 222 4448 adoriuntur
243 4381 367 4454 scribae,
385 4392 473 4461 atquc
493 4390 526 4440 ut
544 4379 581 4440 ad
601 4375 799 4437 delectionem
810 4367 981 4454 sollicitent,
1000 4385 1090 4446 cupro
1113 4371 1179 4422 runt
