2790 4838
380 301 441 380 (97.
465 297 546 364 reu
566 275 634 362 nel
654 302 763 384 granas
783 303 868 384 agre)
1011 273 1017 284 “
1107 309 1111 316 ·
1142 313 1200 378 ers

52 452 175 532 quidem
201 461 381 532 perpetuum
408 472 486 528 esse,
515 450 670 543 reprobari
695 455 815 531 aDeo,
840 456 898 549 'qui
916 457 974 518 sibi
988 431 1113 549 placent
1129 460 1196 550 plus
1242 486 1247 494 ·

52 527 1207 702 illisil⁰33uiii⁰lllsiillls‘i‘s'lll’luil'fflliiilillrelifii?y

51 693 140 820 paret
164 683 296 772 maiores·
313 683 404 762 partis
422 683 547 759 malitia,
577 704 620 743 sse
639 686 805 764 promiscue
823 688 955 748 videmus
975 709 1040 748 cum
1062 688 1195 767 proceri·

70 781 104 820 os
134 772 167 820 et
194 779 310 842 magnis
340 780 394 820 suo
419 760 507 820 exitio
533 758 669 840 relinqui.
723 761 835 824 Fateor
858 763 992 843 quidem,
1028 764 1195 836 incredulos
1289 780 1292 792 ·

51 857 158 896 omnes
179 856 320 915 perversa
336 837 383 896 sui
403 835 506 897 fiducid
528 849 663 919 turgere,
692 836 752 898 sive
772 839 931 920 sapientia,
960 841 1020 903 sive
1040 841 1196 921 probitatis

52 914 145 985 tuna,
176 913 239 972 sive
260 911 407 987 honores,
437 913 498 974 sive
518 912 711 974 divitiaeillis
731 915 842 978 animos
863 915 986 980 sociante
1018 937 1075 1000 ego
1096 930 1195 978 tamen

52 989 208 1050 Christum
230 989 280 1050 hic
299 988 471 1069 simpliciter
491 1000 522 1050 et
539 989 603 1050 sine
622 989 686 1050 vitii
706 993 863 1054 notatione
884 1013 985 1054 omnes
998 995 1195 1074 comprehen-

51 1067 122 1126 dere
144 1064 294 1140 arbitror,
326 1067 375 1146 qui
394 1066 517 1150 ingenio
539 1077 568 1125 et
588 1065 722 1127 doctrina
742 1069 881 1148 pollent,
898 1070 982 1130 sicuti
1002 1093 1115 1130 rursum
1134 1070 1195 1130 vir-

51 1142 121 1202 tutis
142 1143 215 1203 loco
235 1163 300 1200 non
342 1143 419 1217 onit,
445 1143 572 1222 aliquem
592 1141 741 1222 parvulum
763 1167 835 1208 esse.
874 1147 949 1206 Nam
970 1147 1024 1206 etsi
1042 1147 1194 1213 humilium

51 1219 196 1310 magister
220 1230 268 1279 est
287 1163 339 1280 Cli

52 1317 117 1430 ques
135 1295 197 1356 sihi
217 1295 327 1375 sapiat:
347 1316 409 1355 non
429 1307 527 1354 tamen
548 1293 595 1354 hic
616 1295 652 1354 de
671 1295 836 1359 voluntaria
857 1298 999 1380 parvitate
1017 1299 1124 1382 agitur,
1143 1299 1196 1360 sed

65 1371 191 1432 ‚hristus
248 1371 335 1432 atiam
354 1371 450 1432 Patris
470 1372 523 1431 hac
543 1371 658 1431 ratione
678 1373 851 1452 amplificat,
882 1374 961 1454 quod
981 1395 1073 1453 usque
1092 1375 1196 1439 adio-

51 1450 133 1510 hmas
160 1471 196 1510 so
235 1469 266 1508 es
291 1447 469 1509 descendere
495 1467 557 1508 non
586 1460 740 1539 gravetur,
776 1461 810 1510 ut
836 1470 870 1510 ex
894 1461 1025 1511 stercore
1050 1472 1196 1536 pauperes

51 1527 158 1618 erigat.
192 1525 255 1585 Sed
275 1523 325 1585 hic
344 1525 470 1606 emergit
490 1537 632 1602 quaestio,
654 1522 754 1599 Quum
774 1524 998 1607 prudentiaDei
1017 1527 1055 1588 sit
1073 1528 1197 1604 donum,

54 1625 103 1682 qur
123 1602 298 1674 conveniat,
318 1621 381 1661 eam
401 1600 489 1661 nobis
511 1621 573 1661 esse
593 1600 764 1678 obstaculo,
782 1623 821 1663 ne
841 1624 993 1666 cernamus
1011 1603 1071 1664 Dei
1091 1604 1185 1666 lucem

52 1700 128 1757 quae
150 1679 182 1739 in
203 1677 370 1770 Evangelio
390 1676 523 1758 affulget.
554 1677 730 1738 Tenendum
772 1676 869 1742 uidem
891 1691 937 1741 est
953 1681 1096 1742 memoria
1116 1647 1197 1761 quosl

52 1757 108 1821 iam
134 1756 213 1830 diri,
244 1753 340 1815 vitiari
359 1753 397 1813 ab
416 1753 574 1844 incredulis
594 1754 733 1847 quiequid
752 1701 809 1816 illis
829 1758 927 1818 datum
947 1769 993 1818 est
1011 1757 1196 1840 prudentiae,

52 1847 141 1912 atque
163 1833 234 1892 ideo
254 1830 403 1912 praeclara
423 1831 543 1914 ingenia
562 1851 611 1894 sae
635 1832 823 1914 compediri,
870 1833 931 1895 uod
948 1855 980 1895 se
999 1835 1037 1896 ad
1058 1834 1195 1896 docilita-

52 1921 112 1970 tem
145 1907 321 1970 submittere
352 1918 511 1986 nequeunt.
563 1906 610 1968 Se
663 1921 802 1988 quantum
828 1856 1070 1992 adpraesentent
1095 1911 1196 1972 locum

52 1992 185 2066 spectat,
215 1984 399 2064 respondeo:
431 1983 561 2063 quamvis
587 1986 780 2064 prudentibus
804 1987 877 2048 nihil
904 1988 984 2049 obsit
1008 2009 1059 2050 sna
1079 1990 1195 2068 perspi-

53 2064 151 2140 cacia,
181 2081 269 2143 posse
288 2072 386 2120 tamen
407 2060 559 2142 Evangelii
578 2060 643 2122 lnce
661 2063 780 2142 privari.
817 2065 893 2124 Nam
913 2085 1002 2144 quum
1027 2066 1130 2125 eadem
1148 2064 1197 2129 vel

51 2159 107 2276 tt
119 2136 658 2292 sfllstffl'lt?bellunum?
667 2159 730 2274 „⁸:2⁰
750 2138 1022 2278 i‘sffiffiisi’iiff
1037 2142 1197 2278 letti

54 2291 233 2360 Corinthios
256 2299 291 2364 1,
322 2297 370 2357 27.
401 2291 489 2352 docet
515 2289 638 2364 Paulus,
676 2236 757 2369 quil
780 2235 892 2353 scilicet
915 2239 1046 2353 inlirrisaP
1055 2306 1085 2353 et
1108 2292 1197 2354 stulu

54 2370 158 2428 mnndi
186 2367 313 2451 clegerit
335 2366 433 2442 Dens,
464 2377 497 2426 ut
521 2365 647 2448 gloriam
671 2366 766 2426 carnis
792 2367 999 2428 confunderet.
1038 2365 1197 2430 Caeterum

335 1219 437 1295 rietus,
468 1219 585 1298 hocque
604 1220 730 1298 primum
750 1233 795 1282 est
813 1222 883 1282 fidei
902 1221 1117 1299 rudimentum,
1147 1224 1194 1284 Ne
1230 1276 1235 1283 .

1301 1341 1310 1374 i
1385 1373 1386 1380 ,

55 2443 125 2505 inde
146 2446 234 2506 etiam
256 2444 437 2584 colligimus,
456 2461 519 2502 non
540 2461 604 2502 esse
623 2442 792 2522 generalem
814 2443 924 2504 Christi
942 2463 1125 2519 sermonem,
1143 2444 1198 2520 ubi
1286 2465 1302 2492 ν

55 2522 141 2596 dicit,
159 2543 175 2581 a
196 2520 323 2602 sapienti
347 2543 379 2580 us
398 2517 541 2580 abscondi
561 2519 717 2598 Evangelii
736 2519 882 2599 mysteria.
913 2519 989 2578 Nam
1009 2521 1034 2580 si
1054 2542 1088 2580 ex
1107 2521 1196 2599 quin-

56 2619 113 2678 que
141 2597 323 2688 sapientibus
350 2609 476 2678 quatuor
502 2592 695 2676 Evangelinm
722 2605 878 2730 respuunt,
906 2615 981 2654 unus
1001 2597 1198 2675 amplectitur,

56 2697 90 2734 ex
122 2675 248 2735 totidem
273 2675 372 2734 idiotis
397 2675 456 2734 duo
481 2671 613 2732 veltres
639 2669 713 2729 liunt
739 2670 764 2733 C
786 2671 850 2730 risti
877 2671 1026 2750 discipuli,
1057 2672 1197 2754 impletur

54 2752 130 2812 baec
148 2749 310 2811 sententia:
331 2751 411 2831 quod
432 2748 518 2808 etiam
539 2746 694 2807 confirmat
712 2745 762 2806 ille
783 2747 867 2808 Pauli
888 2751 981 2822 locus,
999 2770 1085 2830 quern
1100 2769 1197 2828 nuper

56 2829 155 2904 titani,
175 2827 243 2907 quia
265 2847 326 2886 non
347 2847 448 2886 omues
467 2825 614 2906 sapientes
635 2834 666 2884 et
685 2823 800 2884 nobiles
822 2837 851 2886 et
870 2823 1008 2905 poten'tes
1025 2827 1197 2887 exterminat

55 2925 189 2987 aregnp
209 2903 286 2976 Dei,
313 2904 364 2964 sed
383 2914 496 2963 tantum
517 2903 673 2975 admonet,
697 2921 760 2960 non
780 2902 888 2962 multos
909 2923 980 2966 esse.
1019 2903 1082 2962 lam
1100 2902 1197 2964 soluta

57 2995 100 3042 est
127 2981 277 3062 quaestio,
311 2979 391 3058 qnod
421 2978 467 3038 hic
493 3000 554 3038 non
583 2979 738 3037 damnetur
763 2979 936 3058 prudentia,
968 2991 1110 3060 qnatenus
1127 2979 1195 3042 ¹Dei

55 3059 169 3118 donum
188 3068 249 3131 est,
268 3056 321 3117 sed
342 3069 453 3116 tantum
473 3053 648 3134 pronuntiet
667 3053 819 3130 Christus,
838 3059 875 3118 ad
896 3058 982 3117 fidem
1003 3055 1195 3118 obtinendam

56 3133 165 3194 nullius
186 3153 249 3193 esse
269 3133 422 3206 momenti,
442 3131 527 3190 sicuti
546 3151 643 3190 rursus
664 3131 808 3192 inscitiam
821 3156 881 3194 non
896 3133 1093 3206 commendat,
1113 3135 1195 3212 quasi

57 3210 192 3270 homines
213 3210 353 3270 conciliet
371 3209 451 3284 Deo,
471 3209 523 3268 sed
542 3207 606 3267 cius
624 3207 842 3272 misericordiae
862 3210 980 3271 obstare
999 3223 1099 3292 negat,
1139 3231 1196 3270 uo-

56 3289 153 3346 minus
178 3285 266 3347 rudes
292 3297 322 3346 ct
347 3305 458 3346 crassos
480 3284 613 3344 homines
633 3284 754 3346 coelesti
773 3308 803 3346 sa
827 3287 916 3346 ientis
936 3287 1070 3347 illustret
1109 3231 1196 3348 liudo

57 3363 215 3424 dicendum
235 3373 335 3436 restat,
355 3362 424 3440 qnid
443 3361 481 3422 sit
498 3359 626 3420 renense
645 3374 676 3422 et
693 3360 744 3420 ebs
835 3385 874 3423 re.
906 3363 956 3424 De
975 3376 1093 3430 exterum
1107 3383 1196 3444 prae-

57 3438 207 3500 dicatione
233 3439 383 3502 Christum
407 3457 470 3500 non
496 3435 596 3517 loqui,
625 3437 695 3500 inde
721 3452 804 3500 certo
825 3441 989 3524 colligitur,
1021 3439 1101 3520 quod
1121 3455 1194 3520 pro·

56 3515 170 3575 misene
187 3535 224 3576 ae
239 3514 376 3576 omnibus
397 3515 552 3576 doctorem
572 3512 696 3589 obtulit,
717 3526 748 3575 et
766 3516 844 3576 idem
865 3519 947 3578 dudit
964 3516 1117 3608 Apostolis
1136 3516 1195 3576 suis

55 3591 235 3652 mandatum.
251 3592 378 3666 ‘Quare
397 3611 497 3652 sensus
518 3601 576 3663 cst,
599 3591 749 3651 neminem
768 3592 892 3674 proprio
912 3613 1057 3669 acumine,
1075 3593 1127 3652 sed
1147 3613 1194 3651 ar·

57 3689 130 3728 cana
152 3678 264 3728 tantum
285 3669 412 3748 Spiritus
432 3667 647 3728 illuminatione
665 3669 753 3728 fidem
774 3671 928 3750 consequi:
1104 3740 1107 3749 f

131 3749 181 3808 Μ.
223 3746 305 3804 Gerre
328 3744 428 3806 Pater.
467 3745 549 3805 llaec
575 3743 703 3806 clausula
722 3765 821 3806 ansam
841 3746 983 3827 praecidit
1001 3741 1196 3822 inquirendae

57 3819 210 3895 lasciviae,
242 3841 318 3901 quae
342 3819 466 3881 subinde
486 3841 541 3880 nos
560 3820 670 3882 titillat.
708 3822 790 3882 Nihil
810 3825 888 3884 enim
908 3821 1054 3884 difficilius
1073 3839 1089 3879 a
1109 3819 1197 3878 nobis

56 3897 139 3957 Deus
160 3909 326 3979 extorquet,
347 3917 433 3977 quam
452 3907 486 3957 nt
505 3897 566 3958 eius
585 3897 720 3961 voluntas
740 3897 827 3960 nobis
844 3901 883 3961 sit
912 3917 1067 3960 rosnmma
1079 3894 1197 3956 ratione

58 3985 87 4034 et
111 3973 232 4034 iustitia.
277 3975 335 4035 Sae
359 3995 375 4034 e
396 3973 540 4048 inculcat,
569 3995 619 4036 sua
641 3976 746 4037 iudicia
768 3975 875 4066 prolun
898 3997 944 4035 am
964 3993 1025 4034 esse
1046 3972 1196 4052 abyssum:

57 4071 111 4110 nos
139 4061 236 4110 tamen
262 4049 294 4110 in
321 3997 401 4110 illam
425 4051 608 4112 altitudinem
628 4051 782 4134 praecipiti
802 4053 913 4133 impetu
932 4050 1134 4128 irrumpimus,
1166 4059 1198 4109 et

57 4127 81 4185 si
107 4125 178 4206 quid
205 4146 268 4187 non
292 4128 417 4200 arridet,
446 4127 595 4188 tremimus
615 4142 718 4190 contra
740 4129 749 4187 i
771 4151 833 4188 sum
857 4128 904 4188 vel
929 4125 1196 4186 obmurmuramus:

57 4203 144 4263 multi
162 4199 250 4264 etiam
271 4204 302 4262 in
324 4215 439 4284 apertas
459 4205 651 4286 blasphemias
670 4149 840 4342 prosiliunt:
860 4204 942 4283 atqui
954 4203 1101 4263 Dominus
1121 4203 1198 4264 hanc

57 4277 147 4339 nohis
174 4279 307 4362 regulam
354 4281 523 4356 raescribit,
555 4293 588 4340 ut
608 4302 666 4361 quo
707 4282 818 4365 placuit
835 4282 903 4342 Ileo
924 4293 1036 4341 rectum
1057 4299 1118 4340 esse
1137 4293 1198 4340 sta-

56 4368 180 4416 tuamus.
226 4359 295 4417 Hoc
340 4377 436 4418 emurn
461 4357 624 4420 est‘solsrie
643 4379 762 4439 sapere,
790 4355 879 4420 unum
899 4359 959 4418 Dei
977 4355 1197 4437 heneplacitum
1244 4405 1259 4434 ,

58 4453 116 4512 pro
145 4433 227 4496 mille
252 4431 417 4498 rationibus
442 4433 588 4518 amplecti.
627 4435 751 4500 Poterat
770 4447 850 4498 certe
871 4433 1006 4498 Christus
1024 4432 1197 4496 discriminis
1248 4480 1253 4496 ,

926 4511 995 4579 18*
