2766 4840
104 295 109 304 ,
171 237 230 301 326
399 228 616 294 succum.
656 243 788 290 cunrsrr
807 241 924 288 rassin
944 236 987 286 ur
1007 243 1106 288 mors.

172 385 246 446 riam
269 381 313 442 illi
337 381 471 459 abstulit,
496 383 530 443 u't
553 403 614 444 ιιοιι
640 391 791 463 reputaret
810 381 840 442 io
861 381 927 463 ipso
946 391 1117 454 momento,
1140 401 1173 440 se
1195 379 1253 440 bau
1275 379 1342 462 lege
1377 429 1378 438 ,

172 461 291 522 missum
321 479 384 520 esse
414 461 531 520 humani
561 460 677 542 generis
706 459 940 539 redemptorem:
972 458 1057 518 sicuti
1082 457 1183 538 gravis
1208 457 1342 517 anxietas
1377 507 1378 548 q

173 555 263 617 saepe
283 535 438 618 caliginem
459 537 551 597 oculis
570 536 703 612 obducit,
722 557 760 594 ne
779 534 864 595 simul
883 535 914 594 in
935 547 1063 595 mentem
1082 533 1211 594 veniant
1230 533 1343 594 omnia.

174 613 211 674 In
240 633 364 685 summa,
396 613 469 673 nibil
492 613 610 684 absurdi
635 621 694 687 est,
722 611 746 672 si
772 609 803 671 in
826 612 964 703 precibus
989 631 1050 672 non
1075 629 1200 690 semper
1225 611 1343 669 occurit

173 709 312 771 praesens
332 689 462 750 omnium
475 681 578 750 ¹rernm
598 689 734 762 attentio,
752 701 785 747 ut
805 688 955 750 distinctus
971 689 1046 748 ordo
1062 697 1212 748 teneatur.
1246 685 1342 760 Quod

174 785 247 827 vern
274 765 351 846 apud
370 765 500 834 Marcum
521 765 654 828 Christus
679 764 777 826 omnia
798 763 866 826 Deo
894 764 1044 844 possibilia
1070 783 1134 824 esse
1159 763 1252 836 dicit,
1276 783 1342 820 nnn
1362 791 1364 797 v

149 875 150 880 κ
174 842 232 902 lruc
250 853 364 922 spectat
381 855 414 903 ut
433 843 597 924 potentiam
617 841 678 902 eius
697 861 763 902 cum
784 841 957 902 immutabili
975 841 1102 901 veritate
1117 861 1152 901 ae
1170 839 1344 902 constantia

175 919 207 977 in
227 929 375 980 certamen
395 920 568 992 committat,
585 919 637 978 sed
657 918 725 998 quia
745 917 818 979 nihil
839 929 902 978 erat
920 918 982 998 spei
1001 920 1050 997 (nt
1064 917 1100 978 in
1120 915 1213 976 rebus
1233 915 1345 995 deplo-

82 1011 95 1026 '
174 995 245 1056 ratis
269 994 335 1054 fieri
357 995 456 1074 solet)
482 997 512 1055 in
532 994 591 1054 Dei
618 995 754 1055 virtutem
772 1015 805 1056 se
824 993 929 1055 reiicit.
967 993 1072 1054 Posse
1089 992 1263 1056 valentinis
1282 1013 1343 1052 uo-

175 1069 256 1141 mine
276 1070 346 1130 alibi
365 1071 475 1132 dictum
495 1083 540 1132 est
558 1071 655 1132 notari
674 1071 734 1131 Dei
752 1069 984 1150 providentiam,
1004 1089 1080 1150 quae
1099 1069 1144 1130 sin
1189 1069 1224 1128 lis
1244 1069 1346 1129 crucis

178 1159 210 1208 et
228 1146 423 1208 afflictionum
442 1169 606 1210 mensuram
625 1147 784 1226 dispensat,
804 1147 928 1238 perinde
942 1169 977 1208 ac
988 1146 1147 1238 paterlami
1161 1167 1201 1206 ras
1212 1146 1346 1205 demen-

161 1245 241 1286 sum
261 1223 367 1304 cuique
385 1245 470 1286 servo
490 1225 627 1308 assignat,
647 1245 680 1285 ac
699 1224 778 1284 inter
796 1224 905 1284 liberos
918 1235 1072 1302 portiones
1084 1221 1243 1284 distribuit.
1277 1221 1320 1280 V
1314 1245 1348 1281 s-

176 1315 328 1361 rrmtomsn
346 1321 406 1362 ooo
421 1304 498 1362 mmet
512 1323 575 1382 ego.
614 1301 754 1362 Videmus
778 1311 811 1360 ut
833 1299 968 1360 Christus
991 1299 1089 1361 statim
1113 1299 1151 1359 ab
1177 1297 1250 1380 ipsis
1275 1319 1347 1358 ear·

178 1377 294 1439 ceribus
313 1377 453 1440 allectum
471 1401 555 1440 sunm
575 1376 724 1452 cohibeat,
742 1395 833 1456 seque
851 1377 946 1457 ipsum
960 1388 1074 1437 mature
1093 1387 1184 1468 cogat
1202 1375 1237 1434 in
1258 1375 1345 1436 ordi-

177 1473 258 1514 nem.
296 1453 356 1516 Sed
377 1454 501 1536 primum
522 1455 569 1516 bic
590 1454 690 1533 quaeri
709 1463 818 1534 potest,
862 1453 991 1514 uontodn‘
1012 1451 1048 1512 ab
1069 1473 1151 1513 omui
1171 1449 1249 1512 vitio
1271 1472 1347 1532 pura

178 1529 272 1590 luerit
295 1531 357 1591 eius
381 1531 516 1592 voluntas
558 1550 636 1612 quae
653 1541 751 1590 tamen
771 1546 836 1590 cum
889 1529 915 1589 ei
934 1530 1085 1589 voluntate
1105 1549 1169 1590 non
1189 1547 1345 1610 congrue·

179 1607 241 1668 bat.
278 1607 354 1668 Nam
369 1607 399 1670 si
418 1607 504 1670 unica
523 1575 596 1670 boni
616 1618 647 1667 et
665 1606 752 1686 aequi
770 1607 873 1690 regula
894 1617 938 1665 est
955 1606 1015 1666 Dei
1033 1605 1190 1678 voluntas,
1207 1604 1348 1684 sequitur

179 1683 304 1744 allectus
317 1685 500 1765 omnen-qui
518 1686 554 1746 ab
574 1705 606 1745 ea
619 1683 770 1760 dissident,
789 1703 853 1743 esse
864 1682 993 1744 vitiosos.
1022 1681 1219 1762 Respondes,
1262 1703 1346 1741 uam-
1377 1749 1378 1758 q

178 1760 223 1822 ris
248 1761 320 1820 lraec
340 1779 409 1821 vera
428 1760 466 1820 sit
485 1760 650 1838 rectitudo,
672 1761 799 1820 lormare
819 1771 937 1820 nostros
957 1779 1060 1820 omnes
1079 1757 1208 1819 attenua
1229 1778 1247 1818 a
1286 1759 1346 1818 Dei

179 1833 350 1909 arbitrium,
369 1857 431 1898 esse
449 1848 548 1898 tamen
569 1837 712 1916 quandam
733 1835 872 1916 obliquae
892 1835 1079 1898 dissensionis
1099 1833 1250 1915 speciem,
1271 1855 1346 1914 quae

177 1911 267 2045 ¹culpa
283 1922 374 1986 caret,
393 1932 449 1972 nec
468 1913 499 1971 in
520 1923 670 1994 peccatum
690 1913 865 1992 imputatur:
885 1911 1132 1991 quemadmodum
1145 1912 1172 1972 si
1185 1912 1253 1992 quis
1264 1923 1344 1970 tran-

181 1987 233 2066 qui
246 1985 305 2048 lum
325 1998 357 2048 et
374 1987 532 2048 florentem
552 1987 702 2050 Ecclesiae
722 1999 828 2050 statum
849 1999 974 2067 expetat,
992 1989 1017 2050 si
1035 1987 1138 2068 cupiat
1149 1988 1298 2049 aerumnis
1308 1988 1343 2046 li·
1377 2012 1378 2038 ι

182 2063 302 2124 beratos
322 2083 384 2124 esse
403 2064 462 2126 Dei
480 2065 572 2138 filios,
596 2064 724 2125 sublatas
743 2064 878 2138 emedio
899 2085 1000 2125 omnes
1024 2065 1268 2144 superstitiones,
1292 2085 1344 2124 re-

181 2159 311 2220 pressam
336 2140 494 2220 impiorum
514 2141 664 2208 libidinem
685 2161 724 2201 ne
744 2140 815 2220 quid
834 2152 970 2202 noceant.
1008 2141 1092 2201 llaec
1118 2163 1211 2221 quum
1233 2161 1343 2221 perse
1377 2175 1378 2178 =

182 2227 265 2277 recta
283 2218 357 2292 sint,
383 2218 439 2278 rite
465 2230 588 2308 possunt
606 2239 622 2278 a
642 2216 776 2279 fidelibus
796 2217 909 2298 expeti,
933 2217 1062 2298 quamvis
1081 2217 1174 2279 aliter
1192 2218 1261 2278 Ileo
1279 2216 1342 2298 pla-
1377 2229 1378 2246 ¹

183 2303 265 2368 teat,
290 2293 341 2374 qui
361 2294 423 2354 vult
441 2293 546 2355 Filium
566 2315 648 2354 suum
668 2314 793 2387 regnare
810 2290 892 2354 inter
910 2295 1023 2368 hostes,
1047 2315 1119 2355 suos
1139 2295 1275 2356 exerceri
1293 2291 1340 2354 sub

183 2389 283 2445 cruce,
301 2370 369 2432 lidei
390 2365 420 2430 el
428 2371 582 2454 Evangelii
601 2372 753 2432 sictonam
774 2371 927 2430 contrariis
937 2371 1064 2434 Satanae
1074 2371 1342 2432 machinationibus

184 2445 332 2508 illustrari.
372 2447 510 2510 Videmus
530 2447 900 2528 utpiasint'vota,quae
921 2447 1099 2527 inspeciem
1121 2470 1140 2508 a
1161 2449 1225 2508 Dei
1246 2449 1341 2510 solun

169 2531 245 2588 ‚aare
266 2523 360 2586 disne
382 2535 447 2600 ant,
472 2525 539 2604 quia
560 2545 622 2586 non
642 2536 741 2586 exacte
760 2545 876 2604 semper
894 2524 940 2584 vel
959 2524 1134 2604 scrupulose
1157 2546 1175 2585 a
1196 2526 1288 2587 nobis
1303 2526 1342 2584 in·

184 2597 262 2678 quiri
282 2599 344 2661 uult
395 2623 455 2676 eus,
474 2601 544 2682 quid
564 2601 698 2662 statuerit
717 2599 791 2682 ipse,
805 2602 861 2661 aed
882 2599 963 2680 quod
982 2622 1037 2682 pro
1058 2621 1166 2662 sensus
1188 2603 1286 2664 nostri
1302 2621 1343 2661 ua·

135 2683 139 2698 ’
184 2686 239 2756 ptu
262 2677 393 2758 optabile
417 2689 477 2768 est²
503 2677 628 2760 flagitari
653 2697 668 2738 a
693 2698 724 2739 se
747 2677 901 2757 permittit.
938 2677 1078 2738 Nondum
1104 2689 1213 2740 tamen
1235 2699 1345 2761 prorsus

184 2750 281 2812 soluta
302 2764 347 2814 est
365 2765 513 2835 quaestio:
533 2775 599 2814 nam
641 2776 709 2815 uum
729 2773 826 2834 nuper
844 2753 954 2814 dictum
973 2753 1072 2830 fuerit,
1093 2769 1181 2816 recte
1202 2755 1344 2846 composi-

168 2839 233 2900 ,tos
253 2827 341 2890 fuisse
361 2849 464 2890 omnes
484 2829 629 2891 Christis
657 2842 746 2903 ectus,
766 2830 919 2910 quomodo
939 2850 1017 2890 nnnc
1036 2851 1067 2892 se
1087 2830 1191 2911 ipsum
1211 2829 1344 2912 corrigit?

185 2902 228 2964 sic
248 2905 327 2965 enim
347 2905 485 2967 allectum
505 2927 588 2968 suum
607 2907 717 2990 subigit
736 2907 766 2966 in
787 2904 960 2986 obsequium
972 2905 1031 2967 Dei
1052 2909 1138 2988 quasi
1158 2911 1287 2970 modum
1304 2929 1343 2967 er·

187 2981 316 3041 cesserit.
356 2981 447 3044 Certe
470 2982 501 3042 in
548 2983 623 3045 rimo
647 2995 720 3044 voto
740 3003 802 3044 non
821 2995 944 3062 apparet
962 2983 1075 3063 placida
1096 2984 1150 3044 illa
1173 2985 1344 3056 moderatio,

186 3077 274 3147 quam
294 3057 363 3117 disi:
390 3057 458 3136 quia
476 3003 647 3124 Mediatoris
666 3057 768 3132 officio
787 3059 925 3152 defungi,
943 3072 1089 3151 quantum
1109 3061 1143 3121 in
1164 3084 1200 3124 se
1222 3075 1285 3134 est,
1305 3083 1343 3120 re·

186 3144 253 3191 nuit
271 3153 305 3193 ac
324 3133 477 3195 detrectat.
515 3135 710 3218 Respondes,
729 3137 760 3196 in
780 3155 818 3196 eo
838 3135 911 3195 nitu
930 3135 1018 3196 luisse
1036 3137 1101 3196 vitii
1122 3140 1211 3218 quod
1235 3139 1342 3200 obiens

187 3208 292 3269 mortis
310 3219 442 3285 terrore,
460 3211 546 3272 simul
566 3210 665 3274 oblata
685 3224 730 3272 est
748 3211 861 3294 caligo,
883 3223 917 3271 ut
936 3212 998 3273 aliis
1018 3214 1161 3277 omnibus
1183 3216 1298 3276 omissis
1315 3213 1346 3273 ad

185 3295 288 3344 votnm
314 3285 386 3346 illud
411 3288 569 3367 prosiliret.
606 3289 711 3368 Neque
740 3289 788 3352 hic
811 3287 958 3349 subtiliter
982 3289 1132 3369 disputare
1155 3313 1284 3354 necesse
1301 3303 1348 3362 est,

187 3379 226 3420 an
245 3360 289 3420 illi
308 3359 454 3443 obrepere
474 3365 605 3444 potuerit
622 3365 722 3427 salutis
738 3376 860 3426 tenurae
878 3363 1004 3426 oblivio:
1026 3365 1170 3446 quiahoc
1183 3391 1277 3430 unum
1292 3367 1349 3428 sul-
1377 3415 1378 3418 ,

100 3483 102 3488 ·
186 3437 277 3500 ficere
298 3438 386 3500 nobis
411 3439 515 3516 debet,
539 3463 627 3522 quum
653 3442 684 3502 in
709 3441 812 3502 mbrtis
835 3441 1073 3521 deprecationem
1099 3457 1292 3526 erumperet,
1314 3445 1350 3503 de

185 3513 250 3574 aliis
269 3535 330 3575 non
351 3517 495 3599 cogitasse
515 3537 589 3596 quae
609 3518 683 3578 siam
703 3517 880 3579 clausissent.
920 3518 953 3578 Si
974 3519 1038 3600 quis
1058 3521 1205 3600 excipiat,
1224 3521 1350 3602 primum
1377 3527 1378 3586 ξ

187 3602 301 3650 motum
326 3595 340 3671 (
348 3597 435 3672 quem
454 3593 564 3654 frenari
583 3605 739 3674 antequam
760 3594 876 3678 lougius
898 3607 1066 3656 excurreret
1091 3599 1261 3688 oportuit),
1285 3616 1353 3656 non

187 3667 277 3728 luisse
294 3678 490 3749 temperatum
509 3681 544 3730 ut
562 3670 702 3731 decebat:
722 3671 902 3750 respondeo,
921 3691 983 3731 non
1002 3692 1090 3753 posse
1108 3696 1142 3732 ιιι
1159 3676 1211 3736 bac
1225 3683 1353 3732 naturae
1377 3723 1378 3730 ι

187 3755 307 3835 nostrae
327 3746 519 3827 corruptione
539 3747 665 3881 perspici
684 3747 844 3808 affectuum
857 3747 1005 3808 fervorem
1019 3769 1085 3808 cum
1100 3751 1259 3842 temperie,
1278 3771 1350 3828 qna-

84 3839 85 3842 ¹
187 3817 223 3880 lrs
242 3840 273 3878 ιιι
294 3818 413 3882 Christo
433 3823 504 3896 luit,
532 3822 584 3882 sed
630 3843 686 3882 unc
710 3823 838 3884 dandum
863 3843 925 3884 esse
945 3825 1090 3886 bonorem
1109 3825 1191 3888 Filio
1212 3827 1291 3900 Dei,
1314 3845 1352 3884 ne
1377 3841 1378 3878 3

187 3915 255 3956 enm
274 3897 458 3958 aestimemus
478 3917 511 3958 er
532 3897 626 3958 nobis.
665 3899 741 3958 Nam
761 3900 802 3959 sic
822 3901 853 3960 in
873 3899 959 3959 nobis
979 3911 1112 3961 aestuant
1132 3923 1241 3964 omnes
1258 3903 1352 3963 camis
1377 3903 1378 3972 f

187 3971 329 4046 allectus,
350 3985 383 4032 ut
402 3973 555 4053 prosiliant
573 3974 604 4033 in
625 3977 849 4050 contumaciam,
867 3976 913 4037 vel
933 3977 1035 4038 saltem
1055 3977 1169 4056 aliquid
1189 3980 1281 4040 faecis
1301 3980 1353 4037 lsa-
1377 3985 1378 4016 ἒ

46 4099 49 4106 ,
150 4085 153 4090 ·
188 4045 280 4109 beant
304 4050 470 4110 admixtum.
509 4051 560 4112 sic
585 4063 683 4111 autem
708 4063 740 4112 et
765 4052 875 4114 doloris
902 4065 933 4114 et
951 4065 1046 4114 metus
1065 4053 1189 4116 fervore
1210 4055 1352 4117 aestrnrit

189 4120 338 4200 Christus,
357 4138 391 4186 ut
409 4147 441 4188 se
460 4139 558 4187 tamen
579 4128 761 4188 continuerit
779 4129 810 4189 in
830 4151 881 4191 sua
900 4150 1043 4190 mensura.
1082 4131 1151 4192 lmn
1172 4132 1261 4194 sicuti
1282 4131 1352 4192 rani
1377 4139 1378 4146 ’

190 4209 342 4260 cantuset
361 4203 489 4264 interse
511 4203 708 4282 discrepantes
729 4206 804 4266 adeo
824 4205 897 4265 nihil
918 4207 1066 4267 dinanum
1087 4207 1219 4283 babent,
1244 4221 1279 4269 ut
1296 4231 1351 4288 pn

83 4345 87 4352 ,
143 4313 146 4320 ,
189 4269 247 4328 tius
266 4277 442 4338 concinnam
460 4300 637 4361 suavemque
657 4281 838 4342 harmoniam
858 4282 1026 4359 conficiant,
1046 4283 1086 4344 ita
1106 4284 1137 4343 in
1160 4283 1287 4346 Christo
1303 4286 1352 4342 in-

189 4343 273 4423 signe
300 4351 411 4450 esstitit
434 4359 620 4434 symmetriae
646 4357 791 4436 exemplar
811 4360 890 4428 inter
908 4359 1017 4451 Dei-et
1037 4360 1193 4428 bominum
1214 4362 1352 4422 volunta·
1377 4411 1378 4426 ι
