2790 4838
433 253 495 334 (ld
523 251 593 314 Duo
613 251 709 314 lesum
729 255 905 338 sequntnri.)
1126 261 1185 325 tos

55 405 143 484 pitnr,
171 404 243 484 qnia
264 415 441 484 perspectae
460 403 520 464 Dei
537 405 638 466 virtuti
657 405 821 468 tribuentes
840 427 922 468 sunm
942 407 1104 480 honorem,
1122 429 1186 469 non

55 483 137 541 modo
159 480 286 541 reveriti
303 494 373 542 sunt
390 481 504 556 Deum,
527 483 578 544 sed
605 483 714 564 gratias
739 482 781 542 illi
802 495 936 566 egerunt.
977 485 1069 560 Quod
1088 485 1186 544 Deum
1258 487 1261 500 '

54 559 148 617 dirum
168 561 301 618 stemma
314 556 428 632 plebem
444 579 541 635 rrum,
570 579 633 618 non
659 560 695 620 de
720 559 853 651 qualibet
862 555 1042 621 *visitatione
1061 561 1187 642 accipio,

53 635 96 694 sed
115 654 196 714 quae
218 635 299 714 ipsos
320 635 351 692 in
371 634 520 726 integrum
538 635 714 696 restitueret.
764 637 834 697 Non
860 637 951 697 modo
972 635 1118 718 collapsae
1138 657 1186 697 res

53 722 130 771 erant
149 712 184 770 iu
201 711 323 785 Iudaea,
343 711 395 770 sed
414 731 519 772 misera
539 711 738 791 deformisque
757 713 931 774 incubuerat
949 713 1082 788 servitus,
1102 713 1187 793 quasi

53 787 125 847 Deus
149 807 205 848 eos
227 807 290 846 non
309 786 482 867 respiceret.
521 789 589 848 Una
608 809 675 867 spes
695 788 838 866 restabat,
869 789 950 882 quod
968 789 1052 850 Deus
1071 809 1104 852 se
1123 789 1186 850 Re-

53 865 237 944 demptorem
267 863 334 922 iore
366 863 555 944 promiserat,
593 876 747 944 postquam
772 878 906 927 extrernrs
931 866 1054 927 miseriis
1079 865 1184 927 afflicti

53 952 154 1000 urent.
194 939 270 999 lllilri
290 959 366 1021 ergo
386 960 447 1000 non
468 939 588 999 dubium
609 952 667 1016 est,
693 943 763 1020 quin
788 942 930 1004 miraculo
951 942 1093 1003 admoniti
1112 963 1186 1024 pro-

53 1017 191 1096 pinquam
212 1027 304 1076 status
324 1015 368 1074 sui
386 1015 627 1076 instaurationem
651 1018 809 1097 sperarintr
840 1030 953 1080 tantum
978 1020 1009 1079 in
1028 1019 1119 1080 modo
1139 1020 1186 1081 ri-

55 1093 197 1152 sitationis
219 1103 329 1152 errant.
366 1093 442 1152 Nam
462 1093 516 1154 etsi
529 1091 676 1154 insolitam
687 1094 747 1154 Dei
767 1095 890 1176 gratiam
910 1096 941 1154 in
961 1115 999 1156 eo
1020 1105 1187 1178 agnoscunt

54 1183 78 1228 et
95 1169 322 1240 commendant,
342 1169 422 1260 quod
433 1168 584 1260 Propheta
602 1191 725 1252 magnus
739 1172 904 1246 surrexerit,
923 1173 981 1232 hoc
1000 1183 1099 1232 tamen
1119 1173 1208 1234 sto-r

54 1247 126 1324 giem
149 1245 203 1305 lon
228 1265 244 1304 e
265 1243 389 1305 inferrus
409 1257 454 1306 eat
472 1246 501 1305 dr
545 1245 615 1307 itate
636 1259 667 1308 et
685 1247 780 1340 gloria
813 1247 1071 1308 romissilllessiae.
1095 1249 1186 1310 Unde

54 1333 184 1402 apparet,
203 1265 293 1412 idem
313 1321 480 1412 inpopulo
523 1322 553 1383 lo
569 1333 641 1385 tune
654 1324 742 1386 lursse
754 1268 1009 1400 uaileconlusam,
1027 1323 1187 1405 multisque

55 1411 226 1460 commeans
246 1397 428 1478 rmplrcrtarn.
1075 1425 1083 1436 -

88 1683 175 1764 (73.)
216 1680 389 1748 ΜΑΤΤΗ.
413 1683 497 1748 Vlll.
540 1680 591 1751 19.
617 1681 661 1748 Et
688 1681 848 1750 accedens
876 1704 960 1750 unua
980 1682 1085 1750 roribn
1106 1682 1188 1750 dixit

57 1786 96 1859 ei,
128 1784 343 1869 Praeceptor,
368 1804 486 1870 sequar
507 1793 554 1862 te,
580 1803 776 1871 quoeunque
799 1781 927 1850 abieris.
967 1785 1018 1852 20.
1046 1783 1088 1849 Et
1109 1782 1189 1849 dicit

57 1881 98 1947 illi
121 1885 228 1962 lesus,
258 1871 385 1970 Vulpes
406 1883 518 1949 loreas
536 1881 672 1964 habent,
693 1896 725 1950 et
743 1882 895 1952 volucres
916 1884 1001 1951 coeli
1022 1884 1133 1951 nidos:
1154 1893 1188 1954 at

57 1983 155 2048 Filius
177 1983 318 2049 hominis
338 2006 406 2050 non
427 1981 539 2063 habet,
558 1982 617 2050 ubi
638 1995 734 2072 caput
755 1982 900 2051 reclinet.
940 1987 992 2052 21.
1019 1983 1111 2054 Alius
1132 2007 1188 2050 au-

56 2095 114 2148 tem
136 2107 179 2149 ex
200 2083 370 2172 discipulis
390 2088 457 2150 auis
479 2083 557 2150 dixit
579 2087 624 2165 ei,
645 2085 803 2165 Domine,
823 2089 972 2172 permitte
992 2087 1070 2151 milri
1090 2089 1188 2173 prins,

57 2195 88 2248 ut
108 2184 234 2264 abeam,
258 2196 291 2250 et
311 2184 465 2272 sepeliam
486 2197 608 2271 patrem
630 2207 744 2252 meum.
785 2188 836 2254 Ὦ.
858 2188 901 2252 At
920 2187 1010 2252 lesus
1032 2185 1110 2252 dixit
1129 2183 1188 2264 illi,

58 2285 198 2374 Sequere
221 2307 289 2365 me,
315 2300 347 2352 et
368 2289 451 2363 sine,
479 2296 515 2352 ut
535 2289 653 2354 mortui
673 2284 832 2373 sepeliant
851 2299 996 2354 mortuos
1016 2307 1102 2353 suos.

133 2415 239 2486 LUC.
262 2421 314 2486 tx.
355 2421 405 2486 57.
432 2421 565 2486 Factum
589 2429 636 2485 est
658 2431 779 2500 autem,
812 2418 1048 2486 ambulantibus
1069 2419 1133 2485 illis
1152 2421 1188 2488 in

60 2523 111 2599 ria,
132 2521 214 2587 dixit
236 2521 368 2608 quidam
391 2519 433 2588 ad
455 2519 557 2599 illuun,
577 2520 703 2606 Sequar
723 2531 772 2598 te,
793 2539 990 2608 quoeunque
1011 2523 1096 2589 ieris.
1136 2521 1187 2588 58.

60 2621 142 2689 llirit
163 2623 214 2688 illi
236 2624 339 2700 lesus,
372 2621 501 2708 Vulpes
530 2641 684 2686 cavernas
709 2617 845 2699 habent,
874 2630 907 2686 et
931 2619 1082 2686 volueres
1101 2616 1190 2686 coeli

60 2723 164 2788 nidos:
209 2721 315 2814 Filius
336 2733 440 2788 autem
462 2723 600 2788 hominis
621 2718 822 2802 nonhabet,
847 2720 905 2789 ubi
927 2730 1022 2809 caput
1042 2717 1187 2786 reclinet.

61 2823 105 2888 59.
132 2825 189 2889 Ait
216 2829 333 2890 autem'
352 2823 392 2890 ad
419 2822 567 2904 alterum,
598 2821 745 2910 Sequere
773 2843 833 2888 me.
881 2822 940 2890 llle
969 2835 1074 2890 autem
1102 2822 1189 2902 dixit,
1265 2856 1269 2866 x

62 2923 198 2990 llomine
227 2927 375 3011 permitte
402 2924 494 3004 milri,
526 2934 562 2990 ut
588 2927 677 3010 prius
698 2920 812 2988 abeam
834 2944 872 2988 ac
890 2922 1042 3010 sepeliam
1064 2934 1189 3011 patrem

63 3047 170 3092 neum.
213 3027 265 3090 60.
300 3026 389 3091 Dixit
417 3035 521 3090 autem
550 3028 584 3090 ei·
601 3026 705 3103 lesus,
736 3024 813 3090 Sine
835 3035 871 3090 ut
889 3027 1007 3090 mortui
1027 3024 1190 3112 sepeliant
1257 3031 1259 3035 ’

63 3135 203 3194 mortuos
221 3148 315 3193 suos:
338 3137 371 3192 tu
391 3148 472 3192 vero
493 3126 587 3205 vade,
609 3136 641 3192 et
662 3127 815 3191 annuntia
834 3146 966 3210 regnum
979 3126 1054 3194 Dei.
1078 3125 1128 3192 61.
1147 3124 1189 3194 Et

65 3230 101 3292 ait
115 3227 206 3305 alins,
225 3229 351 3312 Sequar
364 3238 406 3304 te,
426 3227 579 3304 Domine,
596 3225 655 3294 sed
667 3229 818 3313 permitte
838 3225 913 3292 milri
935 3228 1032 3311 prius,
1053 3226 1188 3294 utrale-

65 3327 160 3393 diram
182 3329 241 3406 lais,
262 3331 321 3415 qui
339 3339 412 3392 suut
435 3326 521 3393 domi
542 3347 644 3392 meae.
685 3327 737 3391 62.
758 3329 814 3393 Ait
833 3326 874 3393 ad
895 3326 985 3392 illum
1005 3328 1102 3408 lesus
1123 3329 1189 3394 Ne-

65 3449 127 3507 mn,
154 3433 211 3516 qui
239 3449 336 3494 manu
363 3449 421 3494 sua
449 3427 491 3494 ad
519 3439 658 3494 aratrum
687 3427 816 3495 admota
839 3433 1017 3516 respexerit
1043 3449 1062 3494 a
1088 3440 1194 3516 tergo,

65 3540 152 3614 aptus
173 3541 222 3595 est
242 3551 345 3615 regno
367 3531 438 3593 Dei.

136 3688 240 3747 Matth.
260 3693 308 3752 19.
346 3685 388 3746 Et
404 3683 541 3748 medes
559 3707 634 3746 mess
650 3685 756 3747 sor-idm
795 3686 877 3746 Duos
897 3685 945 3746 hic
965 3685 1100 3746 homines
1111 3687 1188 3745 Mat-

67 3762 171 3840 thaeus,
191 3777 251 3824 tres
272 3773 368 3824 autem
388 3763 482 3825 Lucas
502 3762 588 3823 nolis
607 3763 764 3844 proponit:
785 3763 843 3842 qui,
864 3784 953 3853 quum
973 3783 1075 3823 omnes
1094 3763 1190 3841 parati

70 3853 158 3900 cuent
177 3840 299 3902 Christo
319 3859 429 3900 nomen
450 3842 535 3914 dare,
564 3852 654 3919 prout
679 3839 795 3900 diversis
819 3839 895 3900 vitius
916 3837 1189 3919 impediebantura

69 3928 143 3978 recto
169 3938 273 3992 cursu,
302 3917 379 3977 varia
405 3936 545 3995 responsa
570 3915 726 3996 accipiunt.
773 3916 877 3976 Posset
904 3926 1003 3976 tamen
1033 3913 1189 3974 absurdum

70 3993 157 4068 primo
177 4005 300 4074 aspectu
319 3993 523 4072 videri„quod
542 3989 676 4053 Christus
687 3994 770 4060 '‘eum,
790 3991 953 4071 quistatim
974 4001 1004 4050 et
1023 3990 1087 4050 sine
1105 4011 1189 4052 mora

69 4069 102 4128 ad
118 4070 301 4151 sequendum
320 4091 352 4130 se
373 4069 480 4144 oliert,
501 4069 646 4144 amandat,
665 4091 720 4130 nec
743 4070 771 4128 iu
791 4067 1018 4130 contubernium
1038 4087 1121 4128 suum
1140 4089 1188 4128 re-

70 4145 146 4224 cipit:
167 4147 293 4208 alterum
312 4167 395 4221 vero,
414 4146 465 4225 qui
485 4145 653 4206 missionem
674 4147 710 4206 ad
729 4157 841 4236 tempus
861 4142 993 4224 petendo
1013 4143 1127 4204 tardior
1147 4159 1191 4204 est

69 4239 98 4282 ae
119 4224 216 4284 minus
241 4234 410 4304 promptus,
437 4243 536 4283 secum
560 4223 676 4282 retinet
714 4224 803 4302 Atqur
833 4220 992 4299 utriusque
1011 4221 1120 4303 optima
1147 4234 1191 4282 est

68 4299 151 4360 ratio:
181 4301 261 4360 unde
288 4311 368 4360 tanta
391 4299 504 4360 scribae
528 4299 747 4389 promptitudo,
779 4309 812 4357 ut
834 4317 866 4358 se
890 4296 1024 4376 protinus
1044 4297 1081 4357 ad
1101 4299 1190 4359 Chri-

67 4385 135 4436 stum
155 4375 356 4440 comitandum
380 4376 565 4460 accingeret,
593 4374 650 4436 nrsi
674 4376 741 4456 quia
766 4373 884 4438 minime
903 4375 1074 4457 reputabat,
1103 4395 1189 4457 quam
