2764 4846
191 237 232 300 12
363 227 517 316 SECTJO
537 227 577 291 ΙΙ.
615 227 755 292 Ioannis
775 229 966 292 Bamtsras
987 241 1149 291 narrans.

195 383 263 444 dnm
284 393 337 456 est,
356 403 395 442 ne
414 382 488 444 falso
509 381 687 444 concordiae
707 392 860 463 praetentu
879 401 945 444 curn
964 381 1062 464 impiis
1081 379 1169 443 stulte
1188 377 1347 462 implice-

108 501 111 518 .
135 525 137 537 Ι
193 483 268 520 mur.
308 458 388 535 Quia
407 460 570 540 speciosum
592 480 625 518 ac
644 458 799 540 plausibile
819 469 863 519 est
882 476 993 520 nornen
1012 459 1107 539 pacis,
1133 457 1254 540 quoties
1279 477 1346 515 oc-

156 571 160 580 .
195 537 287 598 currit
305 536 337 595 in
358 537 520 616 Scriptura,
539 536 645 616 cupide
665 534 804 614 arripitur
823 555 840 596 a
858 535 984 616 Papistis
1004 536 1041 596 ad
1061 533 1251 596 conflandam
1273 553 1347 592 no-

194 612 240 674 bis
260 610 410 686 invidiam,
429 613 510 691 quasi
530 633 595 685 nos,
615 611 664 690 qui
684 611 823 670 mundum
843 632 859 670 a
879 611 1169 691 perhdadesectione
1181 629 1346 670 revocare

195 692 232 751 ad
244 689 391 758 Christum
411 709 562 761 conamur,
581 687 791 747 discordiarum
810 688 897 748 simus
908 699 1052 748 auctores.
1090 687 1151 746 Sed
1171 686 1232 746 hoc
1254 705 1344 744 con-

193 778 275 826 textu
295 763 396 857 pulcre
417 763 563 824 refellitur
583 783 684 823 eorum
703 763 833 836 inscitia,
854 766 933 843 quod
945 764 1076 846 Angelus
1096 761 1216 822 modum
1238 781 1344 820 verae
1369 825 1370 836 ,

195 855 227 902 et
245 841 394 922 legitimae
414 840 616 900 conversionis
637 840 779 900 definiens
804 839 939 900 fulturam
967 842 1028 900 eius
1052 861 1087 900 ae
1111 838 1264 899 vinculum
1287 837 1342 897 sa-

196 919 237 978 cit
255 918 397 976 iustorum
421 917 618 998 prudentiam,
661 916 817 976 Maledicta
842 934 916 1000 ergo
940 918 979 977 sit
1003 939 1057 998 par
1078 926 1108 976 et
1125 915 1238 990 unitas,
1273 935 1341 992 qua

194 994 274 1053 inter
292 1014 324 1052 se
345 1005 423 1054 extra
442 993 540 1065 Deum
560 993 742 1054 conveniunt
759 993 903 1054 homines.
941 992 1038 1054 Porro
1063 992 1184 1052 minime
1203 989 1340 1050 dubium
1369 1023 1370 1026 =

195 1081 254 1144 est,
274 1069 345 1150 quin
363 1091 420 1162 per
438 1069 581 1130 iustorum
601 1069 785 1150 prudentiam
805 1069 998 1152 intelligenda
1024 1070 1062 1130 sit
1080 1069 1167 1142 lides,
1195 1067 1275 1128 sicut
1297 1088 1341 1127 ex

195 1147 336 1281 opposito
361 1144 568 1208 inobedientes
592 1158 737 1206 vocantur
759 1145 912 1207 increduli.
951 1145 1137 1207 Praeclarum
1161 1165 1232 1203 sane
1258 1143 1339 1202 fidei

195 1223 343 1306 eogium,
364 1245 397 1282 ex
417 1240 476 1302 quo
497 1222 649 1298 discimus,
674 1233 746 1281 tune
764 1243 818 1282 nos
838 1223 895 1282 rite
914 1243 1018 1304 sapere
1039 1223 1075 1284 ad
1095 1221 1252 1297 iustitiam,
1274 1219 1336 1280 ubi

194 1297 387 1380 obsequimur
400 1299 493 1360 verbo
506 1298 638 1358 Dornini.
674 1297 777 1357 Habet
795 1319 875 1360 suam
895 1319 1014 1378 quoque
1035 1297 1220 1380 prudentiam
1239 1317 1337 1354 mun-

91 1429 101 1450 ,
129 1392 134 1404 ¹
195 1375 258 1451 dus,
278 1376 330 1436 sed
349 1396 514 1456 perversam
524 1375 653 1454 ideoque
663 1374 855 1450 mortiferam,
874 1375 934 1436 imo
956 1395 1031 1456 quae
1051 1375 1185 1436 vanitatis
1205 1373 1336 1432 damna-

193 1461 256 1512 tur:
288 1472 454 1544 quanquam
482 1449 603 1531 oblique
622 1450 754 1534 Angelus
774 1451 958 1512 umbratilem
977 1473 1007 1512 sa
1031 1452 1166 1525 ientiam,
1192 1449 1335 1530 quesibi

194 1528 315 1664 placent
333 1528 385 1589 filii
404 1528 529 1602 saeculi,
561 1536 677 1608 pravam
703 1539 734 1587 et
757 1549 855 1588 eoram
874 1529 944 1589 Deo
967 1549 996 1587 m
1027 1529 1151 1589 edictam
1169 1525 1335 1608 significat.

212 1627 258 1669 am
277 1617 428 1679 tenemus,
446 1605 487 1666 sic
507 1606 586 1664 inter
603 1623 635 1663 se
655 1603 857 1664 conciliandos
877 1625 939 1665 esse
958 1606 1108 1680 homines,
1132 1615 1165 1663 ut
1183 1601 1335 1681 imprimis

193 1683 319 1742 redeant
337 1703 402 1744 cum
422 1682 491 1742 Deo
510 1682 541 1739 in
562 1680 760 1742 concordiam.
801 1681 892 1755 Quod
911 1701 978 1742 mox
997 1682 1130 1762 sequitur
1147 1681 1184 1740 de
1196 1679 1334 1758 paranda

194 1757 329 1818 Domino
361 1757 450 1838 plebe
481 1755 614 1837 perlecta
647 1779 712 1816 curn
741 1755 793 1818 illo
822 1757 956 1820 membro
987 1758 1142 1830 cohaeret,
1180 1757 1332 1815 loannem

139 1889 142 1897 ,
196 1831 307 1896 Christi
332 1854 510 1916 praeconem
534 1834 682 1908 futurum,
710 1845 743 1892 ut
768 1845 837 1894 ante
861 1835 966 1894 faciem
998 1836 1058 1895 eius
1084 1833 1226 1894 ambulet:
1260 1831 1335 1892 linis

196 1911 276 1970 enim
295 1910 523 2001 praedicationis
543 1911 604 1970 cius
625 1921 696 1985 erat,
716 1909 835 1990 plebem
853 1911 979 1973 reddere
998 1913 1141 1972 intentam
1161 1907 1334 1970 audiendae
1369 1975 1370 1980 ἵ

152 2031 156 2036 ,
196 1985 308 2056 Christi
340 1987 501 2048 doctrinae.
554 1987 729 2066 Quanquam
762 1987 948 2068 participium
978 1997 1231 2058 κατεσκευασμένον
1262 2005 1333 2044 non

193 2072 255 2124 tam
274 2063 490 2144 perlectionem
509 2074 597 2124 sonat
615 2063 754 2140 Graecis,
806 2085 873 2124 uam
892 2064 1016 2125 sormam
1036 2075 1068 2123 et
1086 2059 1333 2136 concinnitatem,

196 2159 321 2222 quares
341 2141 377 2200 ad
396 2162 478 2202 nsum
497 2161 580 2200 suum
599 2151 744 2222 aptantur.
785 2083 872 2216 hune
890 2141 914 2200 si
958 2131 1067 2200 ilicatio
1088 2137 1236 2220 praesenti
1256 2137 1331 2198 loco

116 2245 119 2258 ·
196 2237 260 2276 non
278 2216 355 2277 male
376 2215 554 2298 quadrabit:·
574 2217 655 2296 quod
678 2215 792 2276 scilicet
815 2161 973 2278 mittendis
1000 2217 1039 2276 sit
1056 2217 1185 2276 Ioannes
1205 2215 1241 2274 ad
1261 2212 1332 2294 plc-

198 2292 266 2354 bem
278 2292 398 2354 Christo
418 2295 573 2376 aptandam
586 2293 633 2354 rel
648 2293 839 2370 formandam,
860 2313 935 2376 quae
955 2293 1024 2356 alias
1041 2293 1121 2356 rudis
1141 2301 1172 2354 ct
1190 2289 1332 2372 impolita

197 2391 348 2451 nunquam
367 2392 399 2434 se
419 2371 546 2434 docilem
566 2369 758 2454 praebuisset

165 2611 187 2640 ‘
237 2639 301 2721 (4.)
321 2639 422 2709 nuc.
443 2642 467 2708 1.
510 2639 559 2707 1s.
585 2641 629 2707 et
656 2640 735 2706 uara
761 2639 932 2705 zachaeus
958 2637 1000 2704 aa
1021 2633 1194 2724 Angelum,
1226 2635 1329 2702 unae

195 2739 260 2806 hoo
280 2745 489 2827 cognoscam?
511 2759 571 2827 ego
593 2743 677 2808 enirn
699 2761 767 2806 sum
782 2761 895 2818 senex,
917 2750 949 2804 et
968 2761 1049 2805 uxor
1065 2759 1135 2802 mea
1152 2747 1328 2822 provectae
1369 2729 1370 2732 '

197 2852 246 2908 est
267 2846 391 2927 aetatis.¹
433 2844 484 2939 19,
509 2842 552 2907 Et
576 2845 777 2928 respondeus
805 2839 947 2927 Angelus
973 2838 1049 2905 dixit
1077 2840 1124 2913 ei,
1158 2837 1228 2922 Ego
1257 2860 1329 2902 sum

198 2941 349 3019 Gabriel,
386 2945 443 3027 qui
471 2941 562 3008 adsto
590 2963 697 3008 coram
722 2941 814 3020 Deo,
842 2945 1021 3026 missusque
1049 2961 1117 3006 suna
1149 2947 1184 3002 ut
1210 2935 1330 3025 loquar

198 3043 242 3109 ad
268 3053 316 3120 te,
360 3051 392 3106 et
418 3042 497 3110 haec
520 3042 579 3108 tibi
607 3042 836 3130 evangelizem.
898 3043 948 3107 20.
984 3041 1026 3106 Et
1054 3061 1129 3104 cece
1162 3039 1224 3103 eris
1250 3042 1329 3114 taci-

195 3157 262 3224 tus,
299 3123 452 3229 ut'loqui
480 3163 546 3208 non
572 3145 677 3229 possis
703 3165 805 3230 usque
833 3141 872 3208 ad
900 3142 1000 3220 diem,
1041 3163 1108 3227 quo
1130 3139 1328 3208 bacchent:
1369 3129 1370 3132 ¹

196 3267 238 3312 eo
260 3243 351 3332 quod
371 3265 438 3311 non
460 3243 625 3334 credidisti
645 3243 755 3310 verbis
775 3247 871 3322 meis,
904 3264 989 3331 quae
1010 3239 1228 3329 implebuntur
1248 3252 1328 3308 tern-

196 3367 279 3434 pore
299 3366 368 3412 suo.

273 3529 321 3592 18.
358 3523 400 3586 Et
421 3523 508 3586 attaris
529 3523 697 3587 lochen-im
724 3523 768 3588 ad
788 3523 945 3602 Angelum.
996 3525 1139 3605 Sequitur
1168 3523 1326 3587 Zachariae
1369 3589 1370 3596 ,

140 3629 142 3632 ·
198 3601 344 3665 dubitatio
370 3612 401 3661 et
424 3624 655 3694 poena,·quam
679 3603 716 3662 de
742 3603 802 3662 eius
827 3602 1000 3664 infidelitate
1025 3601 1147 3682 sumpsit
1170 3601 1324 3663 Dominus.

172 3721 176 3728 ·
197 3680 336 3754 Precatus
358 3679 453 3741 luerat
471 3700 527 3760 pro
547 3679 730 3759 rmpetranda
740 3677 858 3739 sobole:
879 3700 957 3741 nunc
970 3677 1021 3738 ubi
1033 3678 1224 3760 promittitur,
1245 3680 1325 3758 quasi

197 3769 335 3818 votorum
354 3778 473 3816 suorum
494 3749 611 3816 et'fi‘dei
623 3755 742 3830 oblitus,
762 3755 877 3815 diffidit
917 3755 1094 3834 Quanquam
1114 3756 1206 3835 prima
1226 3757 1325 3834 specie

198 3834 292 3894 videri
313 3835 416 3896 durum
429 3843 551 3914 posset,
580 3833 661 3912 quod
686 3832 748 3892 eius
766 3852 812 3892 res
836 3852 910 3892 onso
934 3844 995 3892 tam
1014 3832 1144 3914 graviter
1163 3831 1324 3892 offenditur

195 3911 288 3971 Deus.
328 3910 443 3970 Obiicit
460 3909 573 3970 senium
592 3931 688 3970 suum:
708 3909 786 3969 idem
806 3853 879 3969 licit
896 3907 1054 3984 Abraham,
1074 3909 1154 3968 cuius
1168 3919 1324 3988 tantopere

133 4055 134 4063 ἵ
198 3985 332 4052 laudatur
351 3987 433 4061 fades,
452 3997 486 4046 ut
505 3985 611 4046 Paulus
630 3987 710 4046 dieat
728 3987 830 4065 (Rom.
849 3993 878 4060 d,
898 3987 975 4062 att),
995 4005 1057 4044 non
1076 3985 1239 4064 respexisse
1257 4007 1321 4045 cor-

198 4085 252 4144 pus
271 4085 354 4127 suum
374 4074 553 4138 emortuum,
585 4083 640 4122 nec
662 4061 781 4122 effetam
795 4061 921 4124 uuluam
942 4062 1047 4136 Sarae,
1076 4061 1128 4120 sed
1152 4060 1323 4140 simpliciter

198 4161 213 4199 a
255 4141 377 4201 uievisse
403 4138 433 4200 irt
453 4139 512 4200 Dei
535 4139 661 4200 acritate
687 4150 717 4200 ct
735 4138 879 4232 potentia.
927 4139 1029 4220 Rogat
1046 4135 1216 4211 Zacharias,
1246 4139 1323 4198 unde
1369 4195 1370 4198 ,

197 4239 234 4277 ve
292 4236 330 4275 uo
355 4228 530 4298 argumento
555 4217 665 4278 certior
689 4217 752 4275 fieri
778 4216 897 4296 poterit.
936 4213 1027 4292 Atqui
1047 4234 1110 4272 non
1129 4214 1320 4294 reprehensus

198 4304 243 4353 est
293 4292 383 4350 ideon
403 4293 482 4371 (lud.
502 4295 633 4372 6,17.),
666 4313 755 4372 quum
780 4293 886 4372 duplex
904 4290 1027 4371 signnm
1047 4291 1084 4352 lla
1108 4291 1202 4350 iteret„
1241 4289 1320 4366 Quin

199 4369 288 4436 etiarn
306 4367 514 4452 similiapsulo
534 4381 604 4462 post
622 4369 734 4434 Mariae
754 4369 889 4450 exceptio
913 4367 1060 4444 refertur,
1087 4309 1254 4444 istomodo
1272 4367 1322 4460 het
