2814 4846
174 228 214 308 ts
382 233 499 298 sect.
518 232 603 296 xm.
641 243 815 294 amoses
836 242 878 314 er
898 199 1111 290 insanias.

171 391 252 466 Deo,
271 407 334 450 non
353 387 435 467 quod
447 387 568 448 virtutes
579 379 818 464 repudietDeos,
838 369 965 462 quoiam
980 377 1095 468 laudem
1114 377 1251 468 humanis
1272 397 1341 438 cor-

173 465 259 528 dibus
277 464 438 548 impressit,
455 463 507 524 secl
548 462 595 521 uia
615 459 802 520 abominatur
819 458 917 528 Deus,
945 455 1084 536 quicquid
1126 475 1231 545 roprro
1252 475 1341 546 scarp

173 543 309 606 homines
330 540 486 601 extollant.
561 538 619 598 nde
644 547 782 626 apparet,
813 553 872 670 qno
899 530 968 592 loco
993 531 1089 592 baben
1114 556 1122 591 ι
1147 543 1208 592 sant
1239 531 1341 594 bctxcrr

69 626 71 634 ‘
176 641 279 683 omnes
299 617 408 691 cultus,
434 637 508 696 quos
528 637 581 676 suo
603 613 726 674 arbitrio
746 633 815 670 mun
839 633 870 669 us
890 609 946 668 sibi
967 606 1099 668 fabricat.
1140 607 1340 684 Quantumris

175 695 255 756 enim
274 694 333 756 suis
352 691 557 753 inventoribus
578 690 733 769 placeant,
773 685 906 748 Christus
926 705 989 745 non
1013 686 1105 748 modo
1124 704 1218 748 vanos
1239 706 1340 748 corun

49 785 53 794 '
174 771 259 850 Deo,
279 783 309 832 et
327 767 413 830 nibili
427 787 496 846 ,esse
515 765 699 849 pronuntiat,
717 764 770 848 sed
790 763 876 826 etiam
896 759 1035 824 foetidos.

258 1018 361 1100 (123.)
381 1015 484 1084 tuc.
497 1015 583 1082 xvt.
613 1013 662 1080 19.
682 1009 931 1100 Homoquidant
944 1019 1014 1076 erat
1026 1007 1130 1088 diras,
1147 1012 1204 1098 qui
1227 1009 1342 1076 indue·

174 1121 271 1188 batur
297 1141 438 1210 purpura
467 1129 499 1189 et
531 1117 650 1203 bysso,
693 1126 726 1181 et
752 1111 945 1200 epulabatur
971 1109 1133 1201 quotidie,
1155 1113 1343 1200 splendide.

175 1227 229 1292 20.
250 1225 329 1292 Erat
351 1234 456 1290 autent
478 1219 607 1309 quidam
628 1217 809 1296 mendicus,
835 1217 967 1287 nomine
987 1216 1143 1296 Lazarus,
1174 1220 1230 1304 qui
1253 1219 1343 1283 tuce.

174 1328 233 1395 bot
267 1327 310 1394 ad
333 1311 461 1392 innuant
494 1328 563 1390 eius
597 1320 772 1388 ulcerosus.
814 1321 866 1385 tt.
899 1319 941 1383 Et
970 1311 1267 1405 cupiens'ssturart
1296 1319 1342 1386 de

174 1435 279 1511 micis,
311 1452 394 1519 quae
423 1425 652 1523 cadebantde
680 1445 790 1490 mensa
819 1423 940 1490 divitis:
972 1422 1032 1488 secl
1060 1432 1092 1488 et
1112 1443 1210 1489 canes
1227 1425 1342 1488 venie·

173 1535 271 1614 bant,
300 1557 339 1601 ac
360 1531 525 1621 lingebant
546 1529 656 1596 ulcera
679 1530 756 1593 eius.
796 1526 846 1590 22
875 1523 1002 1590 Accidit
1029 1538 1150 1606 autem,
1178 1537 1214 1591 ut
1235 1547 1342 1592 more-

174 1651 266 1708 retur
292 1636 475 1714 mendious,
508 1643 541 1699 et
567 1625 794 1718 deportaretur
820 1627 863 1696 ab
891 1629 1013 1714 angelis
1040 1631 1074 1694 in
1101 1633 1209 1696 ‘sinum
1239 1628 1341 1694 Abra-

175 1743 253 1808 bae:
282 1751 427 1806 mortuus
457 1745 505 1802 est
526 1745 630 1800 autem
653 1743 685 1800 et
707 1733 812 1810 dives,
834 1753 871 1797 ae
891 1731 1036 1819 sepultus
1059 1743 1114 1800 est.
1155 1733 1219 1798 23,
1233 1735 1341 1819 Atque

177 1843 264 1932 apud
291 1843 416 1908 iuleros
443 1837 577 1906 sublatis
606 1836 709 1902 oculis
740 1837 820 1915 suis,
862 1857 959 1922 quum
988 1845 1072 1902 esset
1101 1837 1137 1902 in
1163 1841 1342 1916 tormentis,

176 1946 269 2013 ridet
289 1945 451 2011 Abrabam
474 1943 610 2017 eminus,
630 1949 664 2005 at
685 1940 842 2004 Lazarum
862 1941 896 2004 in
918 1941 991 2005 sinu
1013 1942 1090 2006 eius.
1131 1940 1185 2005 at.
1205 1939 1250 2004 Et
1272 1941 1341 2025 ipse

177 2047 319 2115 clamans
340 2046 432 2124 dixit,
462 2047 558 2111 Pater
577 2041 753 2123 Abrabam,
782 2045 1035 2122 misereremei,
1069 2052 1102 2109 et
1127 2045 1219 2108 mitta
1241 2041 1343 2130 Laza-

177 2173 263 2230 rum,
296 2161 332 2218 ut
351 2153 486 2237 intingat
507 2159 680 2214 extremum
701 2147 793 2233 digiti
818 2149 869 2212 sui
888 2149 923 2212 in
949 2167 1077 2233 aquarn,
1112 2168 1150 2211 ae
1170 2144 1342 2231 refrigeret

176 2254 319 2341 linguam
338 2276 459 2332 meam,
486 2255 562 2339 quia
584 2254 712 2317 crucior
731 2253 765 2316 in
788 2249 914 2314 flemma
934 2249 1003 2314 bac„
1044 2251 1096 2317 25.
1122 2250 1213 2315 Dixit
1236 2261 1342 2315 autern

177 2357 356 2436 Abraham,
387 2353 468 2434 Fili,
498 2354 689 2434 recordare,
720 2353 819 2442 quod,
835 2354 999 2438 receperis
1024 2350 1112 2418 bona
1139 2361 1194 2417 tua
1222 2355 1256 2420 in
1278 2355 1343 2418 vita

177 2473 241 2541 tua,
263 2472 296 2528 et
312 2463 455 2528 Lazarus
475 2459 621 2530 similiter
640 2455 741 2529 mala:
766 2479 855 2524 nune
877 2466 982 2522 autem
1003 2455 1057 2520 bic
1077 2455 1193 2523 solatio
1216 2455 1344 2535 fruitur,

98 2559 102 2574 ’
177 2575 214 2633 tu
240 2587 320 2632 vero
347 2566 509 2632 cruciaris.
558 2563 610 2629 26.
642 2562 685 2628 Et
712 2558 919 2647 superhaec
946 2564 1069 2639 omnia,
1108 2563 1193 2626 inter
1219 2583 1284 2628 nos
1312 2571 1343 2626 et

177 2689 238 2736 vos
259 2667 364 2733 hiatus
390 2671 503 2754 ingens
530 2665 673 2734 firmatus
701 2675 766 2744 est,
800 2673 848 2744 ut,
879 2665 935 2752 qui
963 2661 1079 2730 volunt
1106 2664 1183 2732 hino
1205 2667 1342 2732 transire

179 2771 221 2837 ad
248 2793 321 2849 vos,
351 2791 421 2837 non
452 2772 591 2858 possint,
623 2755 732 2856 nequo
758 2769 853 2862 iatine
880 2766 944 2834 huc
968 2778 1173 2835 transmeare.
1203 2769 1269 2836 at.
1289 2771 1343 2834 Ait

180 2886 296 2952 autem,
315 2873 411 2958 Rogo
434 2893 511 2960 orgo
534 2885 581 2952 te,
606 2883 714 2961 pater,
744 2879 781 2934 ut
807 2873 911 2937 mittas
940 2893 1013 2937 eum
1033 2873 1068 2938 in
1091 2871 1221 2938 domum
1243 2875 1342 2960 patris

178 2963 259 3044 mei:
321 2975 372 3041 28.
398 2974 516 3045 Habeo
544 2977 629 3041 enim
657 2973 800 3061 quinque
828 2973 957 3054 iratres,
991 2985 1026 3042 ut
1051 2955 1244 3044 testificetur
1270 2947 1341 3054 illis,

179 3099 223 3146 ne
256 3087 288 3143 et
320 3079 383 3164 ipsi
413 3080 545 3144 veniant
577 3079 613 3143 in
645 3073 752 3143 locum
783 3075 1065 3168 hunccruciatns.
1122 3079 1175 3147 29.
1207 3083 1265 3148 Ait
1293 3080 1341 3147 illi

145 3183 162 3196 “
181 3179 360 3260 Abrabam,
388 3179 520 3250 Habent
541 3179 660 3247 Mosen
681 3189 715 3244 et
734 3180 925 3268 Prophetas,
947 3181 1081 3251 audiant
1100 3179 1185 3250 illos.
1227 3185 1280 3250 30.
1300 3185 1341 3250 At

149 3353 154 3358 ,
179 3282 238 3351 ille
260 3282 352 3362 dixit,
381 3283 474 3363 Non,
505 3295 598 3372 pater
619 3279 799 3350 Abrabamt
830 3282 891 3350 sed
910 3287 939 3351 si
959 3289 1031 3373 quis
1053 3305 1093 3350 ox
1119 3288 1255 3356 mortuis
1275 3283 1342 3350 iss·

179 3389 224 3452 rit
243 3386 286 3451 acl
307 3405 378 3467 eos,
399 3389 597 3476 resipiscent.
637 3385 690 3453 31.
715 3385 771 3452 Ait
796 3398 901 3455 autem
922 3387 988 3468 illi,
1012 3387 1048 3454 Si
1068 3389 1188 3455 Mosen
1211 3393 1244 3454 et
1266 3389 1344 3454 Pro·

179 3489 294 3580 phetes
315 3511 384 3560 non
404 3490 554 3573 audiunt,
586 3510 709 3580 neque,
737 3492 771 3574 [si
798 3495 870 3580 quis
898 3515 938 3561 cx
964 3494 1098 3560 mortuis
1122 3493 1343 3569 resurrexerit,

181 3591 326 3664 credent.

258 3749 390 3814 Tametsi
414 3750 469 3812 alia
494 3751 638 3833 quaedam
661 3749 766 3813 inserit
788 3751 898 3828 Lucas,
935 3773 1000 3814 non
1027 3764 1125 3815 umen
1145 3751 1270 3815 dubium
1290 3763 1345 3828 est,

223 3829 256 3888 in
275 3829 332 3890 hoe
353 3827 486 3908 exemplo
506 3827 669 3909 proximum
688 3849 855 3889 sermonem
875 3829 1030 3890 confirmet
1051 3829 1195 3893 Christus.
1227 3829 1342 3891 Osten-

183 3850 229 3967 dil
248 3905 337 3982 enim,
357 3904 448 3985 qualis
469 3924 520 3966 eos
540 3905 672 3966 conditio
685 3916 812 3996 maneat,
832 3905 882 3989 qni
923 3905 1070 3968 ostbabita
1090 3929 1256 3989 pauperum
1276 3925 1344 3967 cura

124 4019 127 4033 ι
181 4003 213 4042 se
232 3993 312 4042 totos
341 3980 515 4070 indalicius
529 3978 729 4074 ¹ininrgitant²
760 4005 811 4064 qur
835 3929 961 4119 craplrlis
982 3995 1012 4044 et
1029 3982 1231 4064 voluptatibus
1253 3979 1345 4046 dediti

180 4057 330 4192 proximos
349 4077 456 4118 misere
467 4058 578 4118 esurire
590 4057 699 4135 sinunt,
719 4081 780 4122 ιιιιο
793 4059 882 4121 crude
895 4071 950 4121 tter
966 4058 1064 4121 inedia
1084 4060 1258 4138 conficiunt,
1279 4059 1345 4141 qni-

69 4175 74 4180 -
203 4153 236 4190 us
256 4151 344 4211 opem
363 4134 443 4194 ferre
463 4133 636 4212 debuerant,
653 4211 660 4225 .
677 4157 747 4196 num
757 4147 929 4217 suppeteret
942 4135 999 4196 illis
1011 4133 1142 4199 facultas.
1164 4133 1346 4218 Quanquam

181 4216 279 4268 antem
299 4208 472 4302 quibusdam
491 4205 614 4302 simplex
632 4157 748 4274 videtur
768 4233 829 4274 esse
849 4211 1007 4294 parabola,
1031 4209 1100 4350 quia
1120 4225 1219 4274 tamen
1238 4210 1345 4274 Lazari

181 4302 292 4374 ponaen
305 4299 497 4365 ¹exprimitur,
521 4299 618 4369 potrus
643 4310 705 4349 rem
731 4297 842 4373 gestam
861 4288 980 4352 'narrari
1004 4309 1037 4350 ar
1059 4289 1143 4350 itror.
1185 4289 1344 4352 Caeterum

183 4380 214 4420 ιιι
234 4379 269 4422 ea
281 4380 321 4446 're
340 4383 444 4444 parum
463 4373 508 4428 cst
517 4363 671 4446 momenti,
688 4367 779 4432 modo
798 4387 940 4430 summam
951 4365 1104 4432 doctrinae
1113 4377 1238 4431 teneant
1246 4366 1345 4430 lecto-
