2764 4854
472 139 475 146 ¹
578 103 586 134 l

315 264 395 340 (ata
435 258 569 321 Christus
588 259 721 319 moritur.
760 258 930 338 Portenta.)
1101 340 1103 348 γ
1139 263 1196 326 381
1236 257 1242 266 ’

38 423 211 494 nippeterct.
249 410 316 496 Ego
336 425 434 475 tamen
453 413 553 506 potius
573 422 757 472 constantem
771 411 874 471 inDei
886 409 1008 470 nomine
1021 404 1190 472 invoeaudd

38 491 279 552 rerseverantiam
300 511 316 549 a
337 491 521 551 Centurione
541 489 687 549 laudatam
705 507 774 551 ‚esse
799 499 882 568 puto.
924 487 1103 566 Quanquam
1125 507 1191 564 pon

38 569 111 628 tolus
131 567 241 628 Christi
261 566 373 626 elamor
393 585 457 626 eum
479 567 600 637 induxit,
620 577 652 625 ut
672 565 708 624 de
729 585 766 624 eo
788 565 953 624 honorilice
974 562 1112 623 sentiret:
1139 563 1192 636 sed

38 647 101 724 puia
120 643 239 704 videbat
258 643 403 724 insignem
424 643 484 704 eius
506 643 643 702 virtutem
664 663 730 700 cum
751 640 928 702 coelestibus
949 639 1096 700 miraculis
1118 660 1192 700 con-

38 717 150 802 gruere,
171 720 243 780 haec
263 720 305 778 illi
326 739 458 799 expressa
481 719 536 778 luit
555 719 713 778 co‘niessio.
756 717 913 778 Caeterum
935 718 1016 795 quod
1035 716 1134 776 Deum
1152 716 1193 775 ti-

38 797 137 856 nuisse
158 795 274 869 dicitur,
294 816 355 855 non
377 796 415 856 ita
436 795 545 874 exponi
564 793 664 868 debet,
685 795 767 874 quasi
789 795 905 874 penitus
916 792 1083 884 resipuerit.
1109 793 1192 852 Tan·

38 895 93 932 :urn
113 871 224 932 subitus
245 884 275 932 et
294 873 432 934 evanidus
451 873 577 950 impetus
598 871 670 944 luit,
696 882 728 930 ut
746 891 835 951 saepe
857 870 1005 962 contingit
1024 889 1114 930 vanos
1124 871 1192 929 -ho-
1209 932 1217 940 ,

38 951 124 1010 nines
145 961 174 1009 et
193 951 304 1008 mundo
325 950 439 1009 deditos
459 947 581 1029 percelli
592 947 651 1007 Dei
662 947 782 1022 timore,
803 945 1193 1008 dumionnrdabilemsuam
1248 986 1252 995 =

38 1027 195 1105 nolentiam
217 1026 333 1086 exserit:
356 1025 407 1085 sed
428 1025 495 1104 quia
517 1045 577 1084 non
598 1023 698 1084 subest
717 1024 782 1084 viva
802 1023 901 1096 radix,
925 1023 1061 1102 protinus
1081 1024 1192 1083 securi-

38 1115 121 1161 atem
142 1102 304 1177 obducere,
324 1122 398 1180 quae
418 1120 534 1162 sensum
555 1099 636 1160 illum
657 1099 831 1182 exstinguat.
869 1099 940 1160 Non
961 1099 1016 1158 tuit
1026 1099 1116 1181 igitur
1127 1121 1192 1159 mu-

38 1192 108 1238 >atus
129 1177 290 1252 Centurio,
309 1190 344 1237 ut
361 1198 392 1239 se
411 1177 480 1237 Deo
501 1178 532 1236 in
552 1177 697 1256 reliquum
717 1178 795 1236 vitae
815 1187 931 1256 tempus
951 1175 1117 1248 addiceret,
1141 1177 1193 1236 sed

38 1267 143 1312 :antunr
155 1253 281 1314 Deitatis
295 1255 406 1316 Christi
425 1266 649 1314 momentaneus
668 1274 777 1334 praeco
791 1253 856 1330 fuit.
898 1253 990 1326 Quod
1003 1264 1100 1312 autern
1115 1253 1193 1331 apud

38 1333 139 1391 bircam
165 1331 290 1391 habetur
316 1343 428 1394 tantum
454 1330 572 1406 dixisse,
596 1353 660 1390 veru
683 1327 731 1390 tte
752 1325 836 1388 homo
856 1333 946 1388 iustus
969 1343 1047 1403 not,
1072 1341 1192 1388 tantun·
1216 1331 1221 1346 ⁴

38 1409 99 1467 iem
119 1407 196 1467 valet
215 1407 274 1467 acsi
299 1421 401 1488 aperte
427 1428 460 1467 ex
483 1406 619 1480 rinreret,
640 1427 702 1468 esse
721 1405 782 1466 Dei
807 1404 930 1480 Filium,
956 1406 1031 1466 sicut
1054 1405 1105 1464 alii
1133 1405 1193 1466 duo

38 1485 235 1565 dvangelistae
268 1496 397 1544 narrant.
448 1429 522 1544 liam
553 1484 659 1565 passim
689 1483 766 1542 lama
818 1482 1023 1556 ercrebuerat,
1047 1481 1193 1554 ,allectum

38 1561 118 1620 'uisse
140 1559 288 1620 Christum
309 1561 465 1640 supplicio,
483 1559 552 1696 guia
572 1581 603 1620 se
625 1581 679 1640 pro
696 1559 776 1618 Filio
789 1503 850 1618 hei
869 1571 1003 1639 gereret:
1024 1579 1103 1618 nunc
1123 1559 1191 1618 dum

39 1638 155 1696 ustitiae
176 1637 290 1698 laudem
312 1638 338 1696 ei
358 1637 463 1697 tribuit
599 1636 607 1651 '
892 1638 898 1648 '

41 1717 100 1774 ium
111 1713 171 1773 Ilei
190 1713 273 1774 simul
293 1713 416 1774 fatetur:
437 1733 500 1774 nou
544 1714 603 1773 laod
616 1713 752 1773 distincte
765 1711 956 1804 intelligeret,
996 1712 1127 1772 uomodo
1138 1732 1192 1794 ge,

38 1793 108 1850 ritus
130 1803 206 1849 esset
227 1790 359 1850 Christus
380 1811 413 1850 cx
433 1791 500 1850 Deo
520 1735 625 1864 intre,
649 1789 700 1850 sed
728 1789 795 1868 quia
822 1789 951 1849 divinum
972 1733 1083 1868 diquit
1103 1787 1133 1848 in
1154 1808 1192 1848 eo

38 1889 93 1928 esse
114 1887 175 1926 non
195 1866 320 1938 dubitat,
340 1868 478 1957 quodque
499 1866 684 1927 documentis
704 1865 855 1925 convictus
876 1885 938 1924 non
958 1865 1110 1945 vulgarem
1131 1882 1192 1925 esse

38 1944 196 2018 nominem,
221 1945 273 2004 sed
294 1944 428 2004 divinitus
454 1944 608 2003 excitatum
627 1941 737 2002 statuit.
778 1941 872 2016 Quod
891 1942 929 2002 ad
947 1940 1048 2001 narbas
1067 1952 1193 2022 spectat,

38 2031 151 2100 rectora
177 2021 346 2094 tundendo,
372 2017 480 2102 piacdii
499 2031 610 2082 reatum
632 2019 668 2080 de
691 2031 806 2078 recatae
834 2029 917 2092 sunt,
943 2017 1024 2098 quod
1049 2017 1194 2079 sentirent

38 2096 177 2176 oiaculum
198 2097 308 2174 iniusta
317 2109 347 2156 et
357 2097 484 2158 nefanda
504 2097 594 2156 caede
636 2041 735 2156 obiice
756 2106 941 2155 contractum
952 2086 1025 2154 ess'c.
1052 2090 1116 2153 Sed
1124 2095 1191 2173 quia

38 2193 92 2232 son
112 2171 188 2232 ultra
197 2171 263 2252 'pro
287 2194 382 2234 ressae
402 2185 480 2244 suut,
500 2171 573 2230 nihil
594 2118 650 2230 iliis
670 2172 784 2250 proluit
794 2192 860 2230 suus
875 2169 1025 2249 plauctus:
1046 2169 1191 2232 nisilorte
1220 2168 1233 2182 ”

38 2247 201 2329 puibusdam
221 2195 352 2307 meiioris
377 2248 579 2327 poenitentiae
604 2247 720 2304 initium
741 2244 786 2306 vel
814 2245 999 2325 praeparatio
1025 2244 1089 2303 tuit.
1129 2245 1191 2305 Sed

38 2325 231 2412 ,nia-tantum
258 2323 428 2414 lamentatio
453 2322 539 2382 nobis
564 2321 754 2394 describitur,
784 2341 870 2400 quam
898 2321 1033 2411 muti?
1058 2320 1127 2380 Filii
1146 2321 1191 2412 sui
1230 2311 1236 2330 ⁸

38 2401 155 2483 gloriam
176 2410 310 2471 extorsit,
337 2399 477 2458 discamus
502 2398 559 2456 hoc
585 2397 736 2477 exemplo,
761 2415 865 2476 parum
889 2407 941 2456 aut
965 2397 1038 2456 urhrl
1064 2417 1142 2470 esse,
1166 2417 1192 2457 sa

38 2477 95 2558 puis
121 2495 154 2534 ex
180 2475 327 2555 praesenti
353 2474 412 2533 Dei
438 2472 570 2552 potentia
597 2473 751 2532 horrorem
777 2472 942 2563 concipiat,
969 2473 1065 2534 donec
1091 2473 1191 2535 sedata
1254 2534 1257 2543 ,

38 2551 270 2614 :onsternatione
290 2549 320 2608 in
341 2551 430 2611 corde
450 2548 609 2628 tranquillo
630 2549 756 2609 resideat
774 2549 832 2608 Dei
854 2560 951 2609 trrnor.

105 2636 153 2694 55.
191 2625 288 2686 Erant
311 2641 404 2688 auam
428 2624 468 2686 ttn·
491 2625 633 2686 mutiam.
680 2625 747 2686 Hoc
773 2625 902 2687 additum
928 2625 1017 2686 luisse
1042 2625 1190 2705 interpre-

38 2727 88 2779 or,
108 2717 142 2764 ut
160 2705 293 2776 sciamus,
313 2725 401 2782 quum
421 2703 478 2762 hnc
491 2702 600 2762 etilluc
620 2701 689 2784 iuga
709 2702 814 2782 dilapsi
828 2712 924 2762 essent
935 2701 1080 2782 discipuli,
1100 2723 1191 2780 quos-

38 2787 94 2844 lam
116 2794 214 2840 tamen
235 2801 268 2840 er
286 2781 402 2840 illorum
423 2789 511 2839 coetu
531 2777 836 2840 retentosaDomino
858 2777 946 2838 luisse
958 2790 1055 2839 testes.
1083 2779 1188 2854 Quan-

38 2881 116 2940 puam
137 2870 234 2917 autem
256 2857 382 2917 loa'unes
402 2857 428 2915 Α
452 2855 564 2916 ostolus
584 2877 600 2915 a
621 2875 708 2917 cruce
729 2876 790 2915 non
813 2855 961 2929 discessit,
986 2853 1065 2915 nulla
1090 2868 1188 2916 tamen

38 2938 77 2995 iic
97 2935 131 2994 lit
151 2935 213 2995 cius
232 2933 359 2993 mentio:
390 2877 448 2994 sed
462 2943 574 2992 tantum
596 2932 751 2993 laudantur
770 2931 924 3006 mulieres,
945 2952 1019 3011 quae
1039 2929 1191 2994 Christum

38 3013 66 3072 id
86 3021 211 3074 mortem
232 3031 323 3090 usque
344 3010 498 3070 comitatae
518 3021 594 3084 suut,
616 3009 695 3090 quod
709 3009 775 3069 viris
788 3009 903 3088 trepide
918 3007 1109 3090 firgieutihus,
1129 3009 1189 3070 cla-

38 3091 89 3148 ·ius
110 3087 215 3148 enituit
233 3086 387 3168 singularis
408 3107 505 3145 earum
526 3087 618 3165 pietas
629 3106 699 3168 erga
710 3085 889 3168 magistrum.
928 3085 1007 3145 Raro
1028 3086 1106 3146 cuim
1127 3097 1188 3146 stu-

38 3167 72 3226 lii
92 3165 197 3229 ardo're
217 3164 362 3244 praeditas
382 3163 469 3223 luisse
490 3183 608 3222 necesse
629 3177 681 3234 est,
703 3181 793 3253 quae,
812 3161 927 3222 tametsi
947 3161 1020 3221 nihil
1039 3174 1189 3242 praestare

38 3242 121 3303 >steti
141 3252 272 3321 possent,
291 3241 322 3299 in
343 3239 476 3300 extremis
497 3245 594 3299 tamen
615 3239 732 3319 probris
751 3239 878 3318 positum
899 3250 1069 3301 reverenter
1088 3239 1189 3302 colere

38 3340 91 3378 ron
113 3317 296 3377 destiterunt
334 3317 440 3396 Neque
460 3328 558 3374 tamen
578 3315 656 3376 viros
677 3336 779 3376 omnes
799 3314 924 3397 fugisse,
950 3335 984 3376 ex
1003 3315 1083 3377 Luca
1103 3317 1188 3377 colli-

38 3396 139 3476 gimus:
172 3393 238 3472 quia
259 3392 345 3466 dicit,
375 3413 472 3452 omnes
494 3395 555 3451 etas
576 3406 659 3452 notos
676 3381 786 3467 hrocul
806 3396 920 3452 marma.
966 3392 1027 3453 Sed
1051 3393 1188 3454 mulieres

38 3492 91 3530 ron
111 3471 175 3530 siue
196 3490 281 3530 causa
300 3468 481 3548 potissimum
503 3467 655 3528 celebrant
673 3466 890 3550 Evangelistae,
911 3469 992 3548 quod
1010 3470 1079 3531 viris
1100 3489 1180 3548 prae·

38 3547 101 3607 'crri
124 3547 229 3627 dignae
250 3557 353 3606 essent.
393 3545 463 3604 Meo
484 3545 600 3635 quidem
621 3545 730 3606 iudicio
752 3545 838 3606 tacita
858 3545 1038 3626 comparatio
1058 3547 1191 3626 graviter

38 3623 189 3702 lpostolos
210 3619 390 3703 perstringit.
416 3621 477 3680 ‘De
495 3642 560 3701 ipso
573 3620 832 3701 corporeloquor:
853 3642 920 3681 nam
941 3621 1008 3700 quia
1027 3641 1101 3680 unus
1120 3633 1188 3681 tan-

38 3723 91 3759 :um
111 3699 242 3759 residuus
261 3708 423 3770 manserat,
455 3698 491 3757 de
512 3718 549 3758 eo
570 3697 669 3776 (sicuti
688 3717 727 3758 uu
751 3719 784 3758 er
804 3697 875 3772 dixi)
900 3707 959 3757 tres
980 3697 1187 3778 Evangelistae

38 3787 136 3835 acent.
174 3775 244 3835 Fuit
255 3785 351 3834 autem
365 3773 464 3833 electis
475 3773 598 3834 testibus
617 3775 673 3834 hoc
692 3718 777 3836 vaide
796 3773 983 3855 probrosum,
1003 3771 1039 3832 ab
1062 3793 1098 3833 eo
1118 3794 1188 3853 spe·

38 3852 144 3913 :taculo
163 3873 195 3912 se
215 3849 393 3926 subducere,
425 3871 460 3910 ex
486 3871 544 3930 quo
570 3849 721 3930 pendebat
743 3851 846 3912 muudi
865 3850 949 3910 salus.
989 3850 1093 3928 Itaque
1115 3851 1186 3910 dum

38 3940 132 4010 postea
151 3926 602 4020 Evangelium·promulgarunt,
622 3929 811 4019 praecipuum
834 3925 973 3988 historiae
994 3938 1082 4005 caput
1100 3947 1119 3986 a
1138 3925 1203 3986 ie·-

38 4004 115 4064 ninis
134 4015 259 4064 mutuari
279 4003 422 4083 oportuit
462 4004 554 4079 Quod
574 4004 629 4064 uisu
653 4005 768 4086 ingenti
787 4003 865 4064 malo
885 4000 1060 4062 mirabiliter
1079 4023 1189 4072 occur.

38 4101 93 4140 sum
113 4092 188 4142 esset
197 4080 255 4140 Dei
266 4080 463 4162 providentia,
482 4080 694 4160 redemptionis
713 4079 820 4141 notitia
838 4098 871 4140 se
891 4089 922 4138 et
940 4098 995 4140 nos
1014 4078 1185 4159 privassent

38 4159 188 4218 Caeterum
208 4159 373 4236 ‹juanquam
394 4155 423 4215 in
442 4156 558 4217 leminis
577 4177 640 4218 nou
658 4157 775 4218 ridetur
792 4166 875 4216 tanta
894 4173 956 4218 esse
975 4155 1144 4234 auctoritas,
1162 4157 1188 4217 si

38 4255 128 4294 tamen
149 4254 182 4294 ex
205 4231 348 4310 eudimus,
367 4244 475 4313 quanta
496 4233 623 4313 Spiritus
637 4233 749 4304 virtute
768 4243 873 4294 contra
892 4229 971 4291 illam
991 4233 1187 4294 tentationem
1265 4299 1268 4304 ,

38 4309 166 4370 tulsnltae
184 4255 312 4382 inerint,
344 4329 405 4370 non
425 4308 483 4370 crit
501 4331 554 4370 cur
571 4308 689 4371 vacillet
707 4309 778 4370 lides
797 4319 913 4384 nostra,
943 4327 1017 4390 quae
1036 4309 1068 4368 iu
1087 4309 1189 4370 Deum

38 4406 130 4448 verum
149 4385 310 4450 testimonii
329 4398 479 4450 auctorem
498 4386 659 4452 recumbet.
709 4387 828 4449 Interea
847 4397 998 4464 notemur,
1016 4385 1185 4449 incredibili

512 1648 836 1715 entur10,‘eunrquea
858 1636 979 1695 crimine
1000 1635 1116 1708 asserit,
1141 1636 1193 1695 Fi·
1279 1681 1282 1690 Δ
