2764 4854
100 270 107 278 -
172 236 255 316 (217.
294 234 431 316 Sepulcri
451 237 586 298 custodes
606 257 623 298 a
642 237 844 300 sacerdotibus
870 238 1028 320 corrupti)
1123 239 1181 306 39⁵

32 387 141 449 exisse:
162 386 384 450 ructantium
404 411 437 453 se
456 390 526 452 illuc
545 391 634 454 fuisse
652 391 755 453 missen
786 401 820 451 ut
836 403 954 454 senato
974 392 1115 458 cadavere
1134 391 1179 452 la-

32 487 100 524 nam
120 464 199 526 illam
222 465 449 549 exstinguerent.
488 467 632 529 Homines
659 489 733 604 ergo
751 435 841 530 'lucro
865 468 990 544 addicti,
1009 469 1069 529 imo
1090 488 1179 550 quae-

32 555 96 602 stum
116 542 248 622 undique
268 555 430 626 captantes,
449 555 604 625 postquam
623 544 680 605 illis
710 556 808 605 ructus
817 566 887 606 suae
900 545 1071 628 diligentiae
1081 546 1181 626 periit,

32 619 165 678 ationem
184 639 292 680 novam
311 621 480 702 excogitant
498 622 701 704 emungendae
721 621 873 701 pecuniae.
914 623 1006 698 Quod
1019 635 1116 684 autem
1134 624 1179 683 di-

32 695 62 754 :it
87 695 268 770 Matthaeus,
299 700 407 758 omisa
435 720 475 758 es:
503 697 563 758 attis
591 697 746 778 quosdam,
776 697 921 758 incertum
948 701 1061 760 est'an
1093 697 1180 781 pauci

32 773 110 832 istuti
136 772 293 834 consilium
312 773 349 834 ab
376 774 440 836 aliis
459 775 695 856 segregaverint,
714 796 752 835 an
771 794 844 836 vero
864 776 944 836 missi
964 775 1076 836 luerint
1096 775 1179 839 com-

32 849 104 908 uuui
130 849 259 908 omnium
285 849 417 913 nonline.
456 853 493 911 In
513 851 589 911 hauc
619 851 776 913 secundam
802 865 914 932 partem
941 874 986 913 ma
1010 853 1033 914 is
1057 853 1181 915 inclinat

32 926 202 999 coiectura,
222 926 289 1006 quia
303 940 412 1020 postea
432 927 504 988 dicit
521 927 687 989 Matthaeus
705 949 767 989 non
788 928 839 989 uni
858 928 905 990 vel
926 873 1057 1007 duobus,
1076 935 1127 993 sed
1147 933 1179 993 in

32 1022 132 1080 :encre
153 1003 247 1062 datam
269 1005 358 1065 luisse
382 1003 523 1065 militibus
548 1007 715 1066 mercedem
740 1005 871 1086 periurii.
896 1003 1033 1066 'Certum
1061 1009 1179 1089 quidem

32 1091 81 1154 est,
106 1077 168 1138 sive
193 1100 295 1142 omnes
315 1080 400 1140 simul
426 1101 497 1142 cons
520 1081 675 1156 iraverint,
698 1083 760 1142 sive
780 1103 846 1162 pars
870 1080 1006 1158 illorum,
1027 1095 1126 1146 tamen
1147 1109 1181 1148 ex
1215 1132 1218 1142 ,

32 1155 135 1215 :rodeli
155 1167 186 1216 et
203 1155 243 1216 im
266 1156 486 1226 lacabili,sacer
507 1169 588 1218 otum
608 1171 712 1220 contra
727 1157 875 1220 Christum
891 1160 961 1220 odio
979 1162 1117 1241 praedam
1127 1186 1179 1225 ve-

32 1244 105 1292 ratos
130 1253 208 1293 esse:
256 1234 342 1294 einde
369 1257 459 1316 quum
477 1235 590 1296 scelere
615 1234 772 1297 obstrictos
796 1247 949 1312 tenerent,
973 1235 1050 1297 mala
1076 1259 1178 1302 eorum

35 1309 201 1370 onscientia
221 1309 257 1369 ad
277 1312 506 1391 extorquendam
532 1311 687 1391 pecuniam
712 1312 801 1373 luisse
828 1310 943 1374 abusos.
982 1313 1058 1374 Nam
1082 1319 1179 1408 (quod
1240 1329 1254 1346 ⁸

32 1386 168 1446 celeratis
187 1385 252 1446 lere
278 1388 415 1450 omnibus
441 1387 603 1470 contingit)
627 1389 795 1450 sacerdotes
818 1388 894 1450 male
913 1389 981 1470 sibi
996 1394 1122 1469 conseri,
1146 1407 1181 1454 ut

32 1463 148 1523 ledecus
167 1483 249 1522 suum
269 1476 417 1546 tegerent,
435 1464 542 1526 milites
562 1465 646 1548 largo
666 1466 765 1546 pretio
786 1487 975 1546 corrumpere
995 1471 1179 1534 coactisunt.

32 1541 116 1600 ὀπο
138 1539 207 1599 hinc
229 1553 318 1620 patet,
338 1542 501 1622 reprobos,
521 1555 676 1624 postquam
695 1563 728 1604 se
748 1544 785 1605 ad
804 1543 987 1634 peccandum
1004 1547 1180 1628 praecipites
1253 1601 1257 1626 ,

32 1613 110 1674 ernel
130 1617 286 1694 dederunt,
306 1625 389 1678 novis
409 1617 534 1679 subinde
546 1618 829 1700 llagitiisimplicarr,
849 1619 938 1698 idque
951 1621 1019 1680 dum
1032 1625 1177 1702 pudorem

32 1713 103 1751 uum
121 1694 200 1754 tueri
218 1695 325 1754 volunt
343 1696 420 1775 apud
440 1695 585 1769 homines,
603 1696 664 1756 Dei
684 1697 800 1757 offensa
819 1716 924 1758 secure
943 1697 1090 1780 neglecta.
1120 1703 1178 1762 Mi-

32 1769 79 1830 eri
98 1769 146 1830 isti
166 1790 228 1832 non
247 1782 361 1832 tantum
380 1771 538 1852 largitione
557 1771 707 1832 redimunt
724 1773 842 1848 milites,
861 1773 913 1834 sed
934 1774 1048 1844 etiamsi
1067 1777 1179 1838 crimen

32 1849 58 1904 n'
71 1847 210 1908 iudicium
229 1849 387 1908 adductum
407 1847 507 1924 suerit,
526 1849 634 1908 sarnam
653 1870 733 1910 suam
754 1862 785 1912 et
803 1861 891 1930 eaput
910 1873 1005 1912 noxae
1025 1851 1180 1914 obiiciunt.

32 1924 105 1997 Quid
125 1937 222 1984 autem
243 1945 294 1986 eos
315 1935 434 2004 praeter
452 1937 583 2017 sumptus
604 1925 744 1987 iacturam
757 1927 793 1988 ad
807 1939 921 1987 tantum
941 1928 1098 1989 discrimen
1109 1931 1179 1989 sub-

32 2001 149 2061 undum
169 2002 266 2083 cogit,
285 2001 341 2074 nisi
362 2001 429 2080 quia
449 2002 612 2062 obstruatur
631 2003 716 2064 furor
736 2023 787 2065 eos
806 2006 999 2066 retrocedere
1017 2025 1079 2066 nou
1099 2007 1179 2085 sinit,

32 2079 117 2150 lonec
136 2090 256 2158 peccata
297 2077 405 2140 eccatis
423 2079 626 2142 accumulent?
685 2121 688 2126 -

78 2161 142 2227 dh.
225 2158 232 2174 “
298 2170 363 2216 ntes
390 2169 432 2216 cst
459 2153 507 2215 hic
529 2177 637 2220 sermo.
681 2155 739 2216 Hic
769 2157 914 2218 vindictae
944 2157 1003 2218 Dei
1034 2172 1178 2221 extremus

32 2231 77 2290 uit
95 2233 231 2304 cumulus,
246 2233 283 2294 ad
303 2231 650 2304 excoecandosludaeos,
671 2232 751 2311 quod
771 2232 894 2292 militum
915 2233 1046 2313 periurio
1064 2237 1178 2316 sepulta

32 2308 76 2368 uit
97 2307 213 2369 Christi
226 2308 419 2383 resurrectio,
433 2318 471 2386 et
489 2317 548 2367 tam
569 2306 654 2368 futile
674 2309 858 2368 mendacium
879 2323 1041 2389 receptum.
1079 2315 1180 2392 Atque

32 2385 89 2445 rinc
110 2396 233 2464 apparet
250 2383 420 2448 voluntario
441 2404 543 2444 errore
563 2383 652 2444 luisse
672 2384 825 2465 deceptos,
845 2385 896 2466 qui
910 2385 1061 2448 Christum
1079 2410 1178 2450 resur-

33 2462 127 2520 exisse
147 2481 209 2521 non
234 2461 393 2542 putabant,
417 2459 502 2522 sicuti
528 2461 653 2520 mundus
672 2474 780 2542 sponte
798 2479 830 2521 se
850 2461 887 2522 ad
908 2461 1065 2524 ludendum
1087 2465 1181 2526 offert

32 2541 147 2598 'satanae
167 2537 344 2630 imposturis.
382 2541 488 2618 Neque
508 2537 603 2611 enim,
622 2537 646 2597 si
667 2539 730 2617 quis
749 2548 863 2610 tantum
884 2538 986 2600 oculos
1007 2562 1021 2598 a
1047 2541 1180 2620 eruisset,
1263 2567 1269 2582 ¹

32 2635 111 2697 nuga
130 2613 161 2674 in
183 2615 321 2676 unitione
342 2637 415 2696 opus
437 2626 507 2676 erat.
545 2615 660 2674 Armati
679 2615 785 2676 milites
810 2614 982 2694 subreptum
1007 2561 1063 2676 siti
1088 2618 1178 2679 fuisse

38 2693 122 2752 ieunt
141 2637 254 2754 Cbristi
273 2713 380 2773 corpus
400 2692 436 2752 ah
458 2690 581 2766 imbelli,
600 2691 736 2772 trepido,
755 2704 787 2752 et
805 2692 928 2774 exiguo,
948 2704 980 2753 et
997 2692 1103 2753 inermi
1123 2695 1178 2756 ho-

32 2769 130 2828 rinum
152 2789 266 2851 grege.¹
295 2769 371 2843 Quis
391 2766 501 2829 eoloris
525 2767 711 2850 praetextus?
748 2769 886 2844 Addunt,
911 2789 943 2828 se
963 2769 1178 2832 dormientibus

37 2867 77 2906 oc
99 2865 161 2906 esse
180 2846 298 2906 lactum.
319 2845 426 2905 1Unde
446 2845 537 2926 igitur
555 2844 682 2904 furatum
709 2843 861 2904 divinant?
901 2847 1018 2922 Quodsi
1039 2867 1094 2926 qua
1116 2859 1180 2908 erat

32 2922 147 3002 ospicio
168 2923 205 2983 de
226 2923 390 3004 discipulis,
415 2944 468 2982 cur
491 2942 554 2982 non
580 2922 652 2984 vesti
675 2921 703 2982 ia
726 2923 842 3001 sequuti
866 2923 952 2984 sunt?
986 2945 1039 2984 cur
1063 2923 1176 2984 nullum

32 2999 173 3080 trepitum
191 3000 367 3061 moverunt?
405 2998 525 3059 Puerile
545 3019 656 3080 ergoe
683 2997 783 3080 ugium
804 2999 862 3060 boc
875 2999 941 3076 luit,
961 3000 1042 3080 quod
1057 3000 1179 3082 impunc

38 3077 73 3148 lis
95 3097 157 3136 non
179 3077 320 3149 cessisset,
339 3075 363 3136 si
383 3097 448 3137 cum
469 3086 551 3136 recto
573 3089 604 3134 et
614 3075 737 3136 cordato
753 3075 891 3138 Praeside
902 3077 1006 3148 luisset
1016 3079 1178 3160 negotium.

32 3154 78 3212 ted
100 3151 210 3212 sactum
223 3165 267 3214 est
278 3151 365 3214 Pilati
386 3151 585 3226 conniventia,
606 3163 728 3213 uttanta
747 3153 921 3232 improbitas
942 3155 1102 3214 evannerit
1129 3155 1178 3215 Si-

32 3230 77 3290 uti
98 3229 230 3290 videmus
250 3229 385 3319 quotidie
403 3229 547 3303 accidere,
566 3239 599 3288 ut
613 3229 733 3308 profani
751 3229 861 3290 iudices
880 3251 942 3290 non
961 3231 1085 3292 multum
1102 3245 1178 3294 sata-
1225 3271 1230 3279 ·

32 3318 106 3380 ant,
131 3307 184 3366 ubi
205 3319 310 3366 veritas
337 3307 439 3368 lraude
460 3318 491 3367 et
509 3304 620 3364 malitia
647 3304 795 3366 obruitur:
822 3305 893 3387 quin
918 3309 1034 3386 potius,
1061 3309 1086 3368 si
1106 3309 1179 3371 nihil

32 3395 155 3442 retuunt
173 3381 370 3458 incommodi,
396 3405 461 3444 curn
487 3382 605 3463 perfidis
632 3381 832 3443 nebulonibus
857 3382 1007 3444 colludere
1032 3384 1178 3445 videntur.

32 3465 197 3538 luanquam
218 3470 316 3520 autem
336 3459 395 3520 hoc
414 3460 518 3520 durum
536 3458 630 3518 videri
650 3471 760 3538 posset,
780 3459 862 3538 quod
880 3461 962 3520 Deus
983 3461 1085 3522 salsum
1100 3462 1178 3521 hunc

32 3555 168 3596 umorem
188 3535 311 3673 grassari
331 3557 430 3617 passus
449 3537 488 3596 sit
506 3537 543 3598 ad
563 3536 654 3598 exstin
678 3538 804 3596 uendam
823 3535 894 3597 Filii
912 3538 956 3597 sui
975 3537 1113 3628 gloriam,
1131 3539 1178 3596 iu-

32 3633 78 3673 ;ae
100 3613 162 3673 eius
182 3613 289 3673 utioni
314 3613 466 3675 habendus
487 3625 545 3689 est,
571 3613 621 3693 qui
669 3612 773 3673 ebetur
798 3613 903 3673 honor.
942 3615 1071 3694 Dignam
1097 3616 1177 3674 enirn

32 3691 106 3750 risse
128 3689 207 3763 illam
226 3701 358 3770 gentem,
378 3711 464 3770 quam
485 3689 611 3750 nebulae
631 3687 696 3750 luce
710 3689 870 3768 privarent,
890 3690 959 3750 hinc
974 3689 1179 3779 perspicimus,

32 3767 99 3826 uod
125 3767 213 3826 inane
237 3765 434 3847 frivolumque
459 3766 644 3828 mendacium
670 3778 729 3825 tam
756 3767 862 3846 cupide
892 3767 1043 3845 arripitur:
1070 3767 1177 3828 deinde
1235 3817 1240 3822 .

32 3845 87 3902 uia
102 3864 204 3904 omnes
216 3843 279 3904 sere
291 3845 479 3926 impegerant
490 3845 521 3904 in
531 3843 658 3924 lapidem
670 3842 859 3916 offensionis,
878 3841 1070 3908 obtenebrari
1086 3863 1177 3923 opor·
1244 3865 1248 3888 ⁸

33 3921 75 3979 rit
96 3918 199 3982 oculos
220 3939 333 3994 eorum,
353 3941 391 3982 ne
404 3921 540 3982 viderent
554 3919 673 3981 calicem
692 3919 845 4002 vertiginis
856 3917 925 4000 ipsis
936 3919 1112 4008 propinari:
1125 3921 1180 3992 de„

32 3998 108 4076 ique
126 3995 157 4056 in
170 4016 259 4056 omne
279 4017 371 4080 genus
392 3997 557 4057 dementiae
577 3997 693 4076 proiici,
712 3995 798 4057 sicuti
810 3997 920 4057 Iesaiae
941 3995 1080 4055 vaticinio
1091 4018 1177 4076 prae-

32 4077 128 4132 ictum
149 4084 214 4133 erat
232 4076 276 4152 (6,
294 4074 349 4152 8.).
386 4073 493 4154 Neque
511 4073 591 4134 enim
611 4073 692 4135 Deus
718 4093 846 4151 uuquam
871 4083 931 4131 tam
957 4070 1045 4132 stulta
1072 4074 1178 4133 credu-
1209 4128 1211 4132 .

32 4161 98 4210 tate
119 4150 200 4230 ipsos
220 4149 320 4230 decipi
339 4170 438 4230 passus
458 4161 544 4225 esset,
562 4150 618 4214 nisi
638 4162 670 4212 ut
684 4149 819 4241 privaret
835 4168 889 4228 spe
907 4146 1021 4225 salutis,
1041 4149 1178 4230 aquibus

32 4247 79 4286 »se
106 4238 303 4306 contemptus·
321 4226 417 4287 luerat
442 4227 639 4318 Redemptor:
669 4226 752 4287 sicuti
784 4224 888 4290 eodem
918 4246 1034 4306 poenae
1066 4247 1178 4312 genere

32 4325 96 4364 runc
116 4301 218 4363 mundi
238 4303 479 4382 ingratitudinem
500 4315 639 4384 castigat,
657 4301 754 4362 laxans
774 4301 910 4380 reprobis
931 4301 1074 4379 habenas,
1094 4315 1126 4364 ut
1146 4305 1176 4363 in

32 4381 100 4442 eius
121 4377 286 4459 proliciunt.
327 4379 485 4446 Caeterum
506 4379 636 4460 quamvis
656 4379 732 4461 apud
754 4379 880 4440 Iudaeos
905 4380 1102 4459 praevaluerit
1122 4381 1179 4442 boc
