2756 4838
399 184 588 266 (tos-roo.
626 147 871 263 liventium.)
1099 81 1112 144 t
1163 187 1221 250 nor

74 357 140 404 ιιιιι
159 338 296 426 ingredi,
337 361 433 427 quem
455 338 586 408 divitem
615 343 649 407 in
670 362 804 428 regnum
825 339 892 408 Dei
912 339 1049 428 ingredi.
1089 339 1140 422 26.
1167 339 1220 406 lili

72 463 141 507 vero
162 463 256 528 supra
278 441 409 510 modum
431 443 577 510 admirati
597 457 684 523 sunt,
707 443 853 510 dicentes
873 446 957 510 intro
978 465 1065 521 sese,
1085 441 1127 507 Et
1148 445 1220 527 quie

71 554 167 630 potest
188 567 258 612 esse
278 547 407 612 salvus?
442 549 493 613 27.
512 549 649 615 Intuitus
672 557 777 613 eutem
799 547 888 614 lesus
909 545 983 614 ilios
1006 546 1097 624 dicit,
1124 544 1219 632 Apud

70 643 207 711 honines
226 645 441 733 impossibile,
474 647 533 720 sed
559 671 627 718 non
656 649 743 736 apud
765 651 887 718 Deum:
918 671 993 718 nam
1015 651 1122 718 omnin
1145 670 1218 735 pos-

69 745 258 813 sibiliosum
280 752 368 838 apud
388 751 505 817 Deum.

140 931 241 999 LUC.
276 937 391 1002 xvttl.
444 936 497 1002 24.
531 936 658 1004 Videon
690 948 795 1004 eutem
829 939 919 1006 lesus
945 937 1037 1005 illurn
1065 933 1217 1004 moerore

67 1031 223 1112 affectum,
257 1035 353 1118 dixit',
387 1035 493 1124 Quam
516 1037 669 1119 difficile,
696 1045 752 1132 qui
774 1043 928 1128 pecunias
949 1039 1084 1119 hebent,
1111 1047 1146 1112 in
1167 1061 1217 1104 re·

66 1155 150 1219 gnum
173 1137 239 1201 Dei
263 1139 436 1206 intrabunt.
479 1144 530 1206 25.
559 1143 699 1208 Facilius
721 1156 769 1210 est
790 1149 890 1223 enim,
912 1143 1068 1210 camelum
1090 1165 1150 1231 per
1169 1143 1219 1206 io-

64 1257 166 1304 remen
194 1261 271 1306 acus
299 1245 448 1323 transire,
489 1267 582 1338 quam
612 1245 741 1313 divitem
769 1252 890 1316 intrare
916 1247 950 1312 in
983 1267 1116 1332 regnum
1144 1245 1218 1310 Dei.

63 1341 108 1404 26.
128 1341 289 1411 Dixerunt
310 1358 416 1413 sutem
438 1351 494 1434 qui
516 1350 692 1428 audierant,
713 1351 754 1415 Et
775 1355 848 1437 quis
868 1360 977 1436 potest
996 1337 1104 1419 salius
1125 1348 1217 1420 fierit

61 1443 106 1508 27.
136 1448 178 1510 nt
200 1447 257 1512 ilie
281 1451 338 1527 nit,
371 1448 466 1540 Quae
488 1446 701 1537 impossibilia
721 1465 795 1520 sunt
817 1453 903 1539 apud
925 1453 1086 1532 homines,
1116 1453 1216 1539 possi·

61 1541 134 1612 bilin
157 1561 231 1616 sont
253 1552 341 1640 apud
362 1552 478 1620 Deum.

129 1779 236 1844 nluttr.
261 1789 309 1852 22
357 1783 451 1848 Ditus
476 1786 605 1872 diffcile
633 1787 760 1854 introbit
807 1790 961 1852 Admonet
989 1787 1122 1856 Christus
1156 1809 1218 1848 non

59 1857 157 1948 nodo,
177 1880 266 1940 quam
285 1863 399 1924 sontica
419 1876 450 1926 et
467 1864 620 1928 mortifere
639 1867 677 1926 sit
718 1865 787 1928 estis
799 1868 929 1944 avaritia,
948 1867 1102 1928 sedetiam
1122 1887 1217 1946 quan-

59 1943 115 1994 tuni
134 1935 379 2030 inpedimentum
399 1939 526 2002 efferant
545 1941 674 2003 divitiae.
694 1888 933 2024 ipudMoseosn
953 1943 1070 2024 quidem
1090 1943 1160 2003 dicti
1173 1941 1218 2002 sui

57 2025 245 2099 asperitatem
262 2027 388 2098 mitiget,
406 2019 476 2078 dum
496 2019 534 2079 nd
554 2039 606 2080 eos
625 2020 706 2081 solos
725 2019 889 2103 restringit,
909 2021 962 2100 qui
973 2021 1004 2079 in
1015 2020 1121 2081 divitiis
1141 2020 1217 2079 fidu-

56 2107 127 2148 cum
147 2087 259 2151 locant.
298 2091 359 2152 Sed
385 2095 430 2154 iris
455 2093 553 2155 verbis
578 2097 709 2175 priorem
733 2097 908 2158 sententiam
934 2097 1102 2157 confirmari
1125 2095 1218 2176 magis

56 2183 139 2300 purus
161 2165 276 2250 corrigi
293 2169 436 2246 existimo,
456 2170 514 2230 acsi
534 2184 667 2252 negaret,
686 2171 796 2232 dehere
815 2171 873 2234 iilis
892 2173 997 2231 mirum
1015 2171 1118 2246 videri,
1137 2172 1219 2250 quod

74 2241 195 2302 rvrtshus
216 2243 380 2323 ingressum
399 2247 431 2306 in
450 2265 574 2326 regnum
595 2249 748 2310 coelorum
767 2259 827 2307 tnnr
847 2247 997 2309 difficilem
1023 2247 1124 2321 saciat,
1150 2246 1218 2326 quia

55 2337 214 2378 commune
234 2319 298 2378 sere
323 2321 459 2381 omnibus
484 2321 592 2381 malum
616 2335 675 2398 est,
704 2322 812 2402 opibus
834 2325 893 2385 suis
922 2323 1081 2384 confidere.
1120 2324 1218 2382 Porro

53 2395 194 2454 omnihus
215 2394 339 2474 perinde
359 2397 437 2458 utilis
453 2409 498 2457 est
510 2399 582 2459 haee
597 2399 741 2473 doctrina,
760 2419 868 2480 nempe
887 2398 1036 2472 divitibus,
1055 2412 1090 2459 ιιι
1107 2398 1144 2460 de
1164 2419 1216 2478 pe-

53 2470 147 2531 riculo
169 2490 227 2558 sup
248 2470 390 2531 admoniti
410 2487 546 2534 caveant:
567 2473 761 2566 pauperibus,
781 2486 813 2534 ut
832 2485 913 2536 sorte
932 2472 982 2536 'sur
1003 2477 1135 2536 contenti
1155 2496 1217 2535 non

51 2547 124 2610 adeo
139 2547 252 2626 cupide
265 2560 418 2629 oppetant,
459 2551 518 2610 uod
537 2551 642 2612 maiori
656 2570 750 2612 noxae
770 2571 857 2630 quarn
876 2550 959 2612 lucro
982 2549 1112 2611 intutum
1133 2562 1217 2611 esset.

51 2623 178 2686 Certum
201 2623 321 2703 quidem
342 2638 402 2702 est,
430 2571 614 2690 divitiosae
634 2639 737 2688 nature
756 2627 877 2688 minime
898 2627 1033 2700 obstare,
1062 2627 1217 2718 quominus

50 2699 148 2766 Deum
160 2721 335 2791 sequemur:
354 2704 406 2766 sed
425 2707 517 2784 (quse
536 2704 709 2766 esthumani
727 2703 840 2786 ingenii
860 2705 1002 2783 pravitas)
1022 2703 1088 2764 fieri
1105 2703 1151 2765 vix
1203 2739 1217 2752 ·

50 2789 122 2855 test,
152 2779 281 2858 qurn'se
301 2778 488 2918 ingurgitent
507 2780 612 2860 quibus
631 2781 763 2861 suppetit
782 2780 893 2862 largior
912 2779 1006 2861 copia.
1045 2780 1091 2840 Ita
1112 2724 1218 2860 quiin:

50 2854 180 2914 affluunt
201 2854 336 2932 divitiae,
358 2877 394 2919 ve
406 2869 441 2918 ut
459 2858 570 2918 eatenis
590 2859 743 2920 devinctos
762 2868 847 2918 tenet
865 2857 973 2932 Satan,
992 2877 1030 2918 ne
1050 2857 1081 2918 in
1101 2857 1217 2918 coelum

48 2932 197 3022 sepirent:
205 2931 331 3068 Sipsolse
352 2935 407 3016 ipsi
423 2934 854 3072 ‘defodiunteteonstringunt
874 2945 1120 3025 toposqueterree
1132 2954 1217 3024 mnn-

49 3010 541 3180 {innitimini
554 3010 1217 3182 tttttttidittdiiigiti‘tgittt

67 3184 134 3223 unm
156 3173 193 3220 ut
213 3183 245 3236 se
265 3163 302 3222 sd
321 3177 480 3248 angustias,
499 3167 530 3225 in
551 3166 734 3245 quibussuos
746 3164 828 3224 Deus
840 3163 984 3241 continet,
1002 3165 1098 3246 redigt
1110 3165 1216 3225 sinant.

73 3239 164 3300 amota·
184 3259 261 3302 voce
281 3239 381 3302 ionem
401 3244 550 3304 nauticum
570 3242 669 3322 potius
689 3261 775 3322 qusm
795 3239 923 3300 bellunm
943 3241 1040 3302 notari
1061 3241 1198 3302 arbitror.

122 3319 174 3384 25.
216 3315 341 3380 Auditis
362 3334 457 3388 metens
485 3318 531 3380 dis
558 3327 748 3395 aperimini.
793 3317 939 3381 Mirantur
968 3318 1118 3398 diseipuli,
1148 3317 1217 3397 quin

46 3415 109 3457 non
130 3415 242 3474 parum
268 3395 418 3456 anxietatis
443 3395 565 3461 iniicere
589 3395 677 3462 nobis
701 3395 759 3455 ison
786 3393 891 3469 debet,
921 3392 1028 3456 divitiis
1052 3395 1217 3474 ingressum
1260 3428 1266 3448 ι

47 3471 166 3532 obstrui
187 3473 222 3534 in
242 3493 274 3532 re
297 3491 367 3532 num
386 3465 460 3537 Dei:
489 3495 557 3534 narn
578 3491 756 3552 quocunqne
776 3479 921 3533 vertamus
941 3471 1060 3545 oculos,
1084 3470 1165 3530 mille
1185 3488 1216 3528 se

45 3549 208 3612 obstacula
229 3491 317 3610 noffis
337 3547 483 3632 ingerent
506 3550 770 3622 Notsmnsautenr‚
789 3547 830 3608 sic
850 3547 1044 3625 admiratione
1087 3543 1216 3606 aculeos

46 3626 151 3704 tuisse,
173 3643 209 3690 ιιι
229 3640 329 3690 temen
349 3645 412 3688 non
432 3627 496 3690 reio
521 3627 598 3698 erint
618 3623 757 3688 nChristi
776 3625 920 3688 doctrine.
942 3623 1034 3684 Secus
1053 3567 1114 3696 iiie,
1134 3620 1215 3680 cuius

45 3726 145 3788 nuper
167 3707 250 3768 iacta
270 3703 327 3764 init
345 3703 466 3764 mentio.
534 3725 579 3766 sm
600 3703 728 3764 siceum
748 3701 880 3762 deterret
893 3698 1044 3780 praesepti
1054 3697 1216 3787 austeritas,
1234 3717 1241 3726 ·
1327 3745 1338 3761 .

45 3795 105 3844 uta
119 3785 251 3848 Christo
272 3779 430 3842 divortium
450 3781 550 3841 iaciat:
571 3779 600 3840 hi
621 3789 728 3855 sutem,
748 3777 876 3857 quamvis
895 3775 1046 3855 trepident
1063 3793 1097 3833 nc
1117 3773 1216 3834 scisci-

44 3869 161 3938 tentur,
183 3862 322 3943 quisnam
334 3857 430 3918 salvus
442 3878 504 3917 esse
517 3869 615 3938 quest,
635 3877 750 3917 cursum
769 3867 866 3916 temen
887 3851 947 3913 elio
967 3871 1029 3912 non
1043 3850 1216 3922 reflectunt,

42 3939 95 4000 sed
118 3962 157 4000 eu
184 3940 254 3999 iunt
269 3933 509 4016 desperationem
528 3935 657 3994 vincere.
696 3932 742 3992 Its
762 3931 849 3993 nohis
889 3928 1003 3996 ruderit
1023 3946 1215 4019 expavescere

44 4014 81 4074 ad
102 4019 166 4077 Dei
189 4013 298 4088 mines,
317 4009 433 4091 quoties
452 4012 535 4072 triste
555 4011 592 4071 nii
616 4011 666 4069 uid
686 4021 717 4068 et
734 4020 852 4068 metues
874 4028 923 4064 om
944 4006 1106 4077 denuntiat,
1124 4004 1215 4066 modo

42 4113 82 4154 ne
103 4094 309 4178 languescant
329 4087 418 4150 anirni
439 4088 548 4164 nostri,
567 4033 617 4148 sed
638 4086 735 4167 potius
755 4083 965 4220 expergefiat.
1102 4156 1110 4170 ι
1194 4156 1201 4169 .

121 4179 177 4237 26.
220 4165 318 4244 Apud
337 4163 464 4227 domes
487 4159 541 4225 doe
563 4161 745 4240 impossibile.
815 4181 859 4220 sm
905 4178 1003 4219 torsus
1028 4177 1111 4217 omns
1134 4155 1217 4218 soih--

43 4249 185 4312 eituffine
209 4243 318 4305 liberat
337 4243 471 4306 Christus
489 4261 610 4304 suornm
629 4251 756 4300 mentes:
779 4236 847 4328 guin
866 4234 922 4301 ilis
942 4234 1078 4302 utilene
1095 4231 1217 4308 sentire,

42 4347 137 4408 quern
159 4322 275 4386 arduus
294 4319 380 4380 sitin
401 4319 517 4382 coelum
543 4337 685 4380 aseensus.
744 4314 891 4388 Primum,
921 4323 954 4372 ut
973 4323 1095 4373 nortatus
1115 4327 1218 4370 omnes
