2766 4834
455 271 606 348 (tt-18.
632 269 796 352 Pastores.)
950 359 956 372 Ι
1151 279 1190 344 bd

39 373 117 510 guod
127 414 215 477 nulla
230 421 388 482 excusatio
408 421 562 504 recipitur,
583 423 655 504 quin
676 435 802 509 cogatur
821 425 932 563 loseph
951 445 1072 486 uxorem
1091 401 1188 508 partili

38 515 165 556 crunam
185 495 326 557 adverso
347 509 487 578 tempore
508 519 608 560 secum
618 499 746 563 trahere.
773 501 928 564 Credibse
947 511 1045 564 autem
1065 517 1118 578 est,
1138 505 1189 586 qui
1254 501 1265 522 ⁴

40 595 69 633 ex
88 571 181 666 regio
204 591 329 654 genere
350 575 504 658 progeniti
526 587 625 652 erant,
654 579 787 659 asperius
812 591 843 640 et
860 577 954 663 magis
974 580 1190 642 contumeliose

38 651 168 728 reliquas
184 647 285 710 inisse
306 661 460 712 tractatos.
497 651 568 712 Non
589 664 653 714 erat
670 666 729 715 tarn
750 655 882 737 stupidus
893 657 1015 738 loseph,
1036 657 1108 737 quin
1127 655 1190 718 sol·
1224 666 1227 676 '

41 727 132 786 licitas
164 737 254 786 esset
281 726 320 788 de
340 740 434 818 partu
460 729 574 789 uxoris:
604 749 696 810 qnare
724 731 856 794 libenter
884 734 959 794 banc
984 734 1189 794 necessitatem
1257 765 1265 793 s

41 805 162 863 vitasset.
208 802 276 864 Sed
297 825 450 894 quianon
470 817 582 886 potest,
602 819 721 870 coaetus
741 809 822 870 cedit
839 829 930 889 seque
945 809 1014 871 Deo
1035 829 1190 872 commen-

44 880 93 938 dat
132 879 264 940 Interea
286 881 438 954 ridemus,
471 882 557 962 quale
577 882 654 944 vitre
676 887 827 946 exordium
848 885 1017 956 lueritllei
1037 886 1132 962 Filio,
1158 897 1190 948 et

45 957 141 1036 quihus
174 967 325 1038 exceptus
353 957 394 1018 sit
424 957 619 1021 incunabulis.
667 961 747 1023 Talis
771 973 870 1024 autem
899 961 942 1024 illi
969 961 1025 1024 luit
1048 959 1190 1024 nascendi
1232 1026 1236 1047 Ι

45 1033 194 1106 conditio,
227 1033 301 1113 quia
329 1033 359 1094 in
385 1033 464 1096 huuc
491 1035 580 1096 finem
611 1059 728 1098 carnem
756 1050 885 1100 nostram
918 1039 1068 1114 induerat,
1098 1051 1132 1103 ut
1155 1060 1189 1101 se

44 1123 136 1170 rostra
157 1129 255 1170 causa
277 1109 452 1171 exinaniret.
491 1112 527 1171 In
548 1112 694 1174 stabulum
716 1135 789 1199 ergo
809 1115 936 1178 reiectus
956 1130 1002 1176 est
1021 1137 1054 1177 ac
1075 1116 1188 1178 locatus
1240 1187 1243 1193 ¹

44 1187 483 1324 l,l;t“3?is÷,”tit‘¹¹ttl‘0
498 1183 1140 1362 llsstttlttlimitelimite
1155 1204 1191 1330 ii

44 1339 211 1400 baereditas
244 1351 380 1420 pateret,
422 1361 456 1406 ao
484 1361 538 1403 nos
572 1342 672 1426 angeli
703 1343 734 1403 ir.
762 1367 845 1416 suum
878 1344 1105 1407 contubernium
1136 1347 1190 1408 ad·
1323 1417 1327 1424 .

45 1418 211 1477 mitterent.

80 1599 164 1678 (17.)
211 1593 320 1662 LUG.
347 1585 393 1662 lli
427 1597 458 1662 ἃ
487 1597 529 1662 Et
554 1607 702 1684 pastores
729 1611 821 1666 erant
847 1603 882 1668 in
913 1603 1048 1688 regione
1076 1599 1191 1666 eadem

47 1697 234 1784 vigilantes,
272 1707 307 1764 et
333 1696 528 1764 excubantes
556 1699 597 1766 sd
619 1699 796 1766 custodiam
822 1723 921 1787 super
940 1723 1069 1789 gregem
1090 1723 1192 1766 suum.

46 1801 74 1862 9.
90 1801 133 1864 Et
158 1820 244 1864 ecce
266 1795 415 1884 Angelus
436 1800 568 1866 Domini
590 1803 688 1866 estitit
707 1800 787 1867 illisa
807 1812 839 1868 et
859 1801 963 1889 gloria
983 1803 1116 1870 Domini
1132 1805 1193 1868 cir-

49 1901 211 1966 cumlulsit
233 1895 325 1977 illos,
352 1907 386 1964 et
410 1899 584 1968 timuerunt
605 1905 720 1969 timore
742 1920 868 1990 magno.
910 1905 959 1974 1⁰.
980 1903 1022 1970 Et
1044 1903 1122 1972 dixit
1144 1907 1191 1969 eis
1306 1941 1312 1972 t

49 2001 206 2088 Angelus,
241 1999 297 2066 Ne
321 2003 474 2068 timeatis:
507 2023 585 2067 ecce
614 2007 700 2070 enim
728 2009 884 2072 annuntio
910 2001 1006 2073 vobis
1037 2003 1191 2090 gaudium

48 2125 213 2188 magnum,
236 2099 329 2188 quod
352 2100 496 2166 fusurum
519 2113 567 2168 est
589 2109 648 2170 toti
670 2096 810 2193 populo,
832 2107 881 2171 11.
904 2104 992 2192 Quis
1013 2104 1114 2172 hodie
1134 2107 1216 2172 vo·'

49 2201 291 2280 bisnatusest
317 2199 481 2282 Salvator,
514 2207 570 2290 qui
595 2215 644 2272 est
664 2205 814 2276 Christus
835 2202 1010 2283 Dominus,
1040 2207 1075 2272 in
1097 2205 1191 2274 Urbe
1237 2251 1240 2258 »

50 2303 161 2368 David.
206 2305 260 2370 12
282 2303 326 2368 m
347 2301 413 2369 hoc
433 2299 528 2371 vobis
541 2309 680 2391 signum:
702 2308 875 2374 invenietis
897 2305 1053 2372 iniantem
1075 2309 1192 2394 pannis

50 2405 248 2480 insolutum,
282 2405 425 2489 positum
452 2405 485 2468 in
509 2410 675 2492 praesepi.
722 2407 772 2472 13.
800 2407 843 2472 Et
865 2403 976 2473 subito
1004 2405 1098 2471 alluit
1119 2429 1191 2474 cum

51 2503 175 2592 hngelo
198 2501 376 2570 mult-todo
397 2503 528 2570 militiae
549 2503 711 2586 coelestis,
729 2503 930 2571 laudantium
951 2505 1068 2585 Deum,
1090 2515 1122 2574 et
1144 2509 1192 2574 di-

56 2611 209 2684 centium,
251 2605 303 2672 14.
332 2603 447 2672 Gloria
468 2606 503 2672 in
525 2603 685 2672 altissimis
705 2605 797 2684 Deo,
828 2613 862 2670 et
886 2607 920 2672 in
943 2616 1029 2672 term
1050 2627 1127 2693 pax,
1156 2611 1192 2674 in

55 2705 240 2774 hominibus
261 2703 516 2794 heneplacitum.

125 2869 155 2931 a
196 2861 241 2924 Et
262 2878 395 2942 peomne
419 2879 510 2928 essm
549 2863 770 2958 Supervacuum
800 2862 902 2925 inisset
932 2861 1082 2926 Christum
1111 2865 1193 2928 nasci

56 2941 85 3001 ix
100 2941 300 3016 Bethlehem,
333 2939 390 3000 uisi
409 2939 467 3002 hoc
487 2942 665 3004 innotuasset
683 2942 804 3002 ntundo.
834 2941 949 3008 Modus
968 2951 1083 3016 tamen,
1103 2961 1193 3023 (prem

58 3019 195 3080 describit
219 3019 330 3092 Lucas,
360 3015 477 3078 ridetur
506 3019 658 3080 hominnm
685 3019 797 3080 iudicio
829 3037 933 3154 garum
965 3031 1194 3082 consentaneus.
1241 3058 1248 3074 ,

60 3095 186 3158 Primum
206 3115 270 3156 nou
291 3095 348 3155 nisi
389 3093 468 3156 aucis
487 3095 611 3156 testibus
652 3095 735 3158 stelit
754 3095 828 3156 Chri
856 3115 900 3170 us,
920 3106 951 3156 et
970 3095 1089 3175 quidem
1111 3097 1196 3159 inter

57 3176 149 3235 noctis
170 3173 326 3234 tenebras.»
361 3113 498 3250 Deinde,
544 3192 612 3232 num
664 3195 714 3234 eus
740 3173 777 3233 ad
796 3191 914 3232 manum
938 3171 1046 3232 multos
1066 3167 1192 3233 haberet
1298 3172 1301 3195 ¹

58 3253 170 3312 honore
190 3249 242 3310 vel
261 3247 435 3311 excellentia
454 3194 603 3332 praeditos
623 3262 724 3325 testes,
743 3249 800 3310 illis
840 3245 1085 3342 psthahitigsolos
1099 3249 1195 3332 elegit

59 3325 758 3468 ussumtestulutum
776 3271 1194 3483 iniustissima

61 3483 175 3541 stainam
190 3493 253 3550 ,est
270 3481 332 3542 Dei
363 3425 502 3563 superine
529 3480 669 3564 quicquid
694 3491 740 3543 est
762 3447 953 3545 ant’videtur
977 3445 1140 3570 sapierltiae
1160 3479 1191 3538 in

59 3560 165 3619 mundo
186 3556 229 3638 (I.
243 3556 316 3618 Cor.
338 3564 366 3631 1,
385 3565 457 3625 25..
489 3555 648 3618 Caetemm
668 3559 740 3619 hoec
760 3577 881 3652 quoque
900 3577 967 3648 pprs
983 3553 1191 3620 exinanitionis

60 3637 125 3708 init,
144 3655 211 3696 non
231 3653 286 3714 per
306 3655 394 3715 quam
413 3633 524 3716 siquid
547 3634 706 3697 decederet
725 3632 836 3696 Christi
856 3633 987 3724 gloriae,
1004 3634 1058 3694 sed
1077 3643 1203 3693 tantum-

61 3725 90 3772 ut
107 3713 144 3772 ad
161 3722 288 3792 »tempan
314 3711 488 3773 abscondita
508 3711 626 3773 iaceret.
664 3711 784 3774 Deinde
803 3711 889 3772 sicuti
910 3709 1016 3774 Paulus
1040 3707 1192 3782 admonet*

62 3789 285 3870 contemptibile
306 3807 369 3850 esse
389 3791 472 3850 Evan
496 3787 583 3850 elium
602 3791 762 3851 secundum
782 3807 917 3864 carnem,
943 3786 980 3878 ht
998 3783 1070 3845 fides
1089 3794 1192 3874 npstra

64 3867 92 3926 in
109 3867 218 3928 virtute
231 3865 371 3946 Spiritus,
391 3884 454 3926 non
465 3807 531 3927 altis
550 3867 713 4000 sapientiae
732 3866 876 3926 hnmanae
894 3859 1071 3952 uerbngvel
1089 3857 1193 3938 aliquo

66 3944 160 4003 mnndi
179 3943 341 4022 splendore
362 3943 482 4022 lundata
501 3943 540 4002 sit
563 3949 575 4022 (
595 3987 602 4002 .
624 3942 697 4005 Cor.
716 3951 745 4018 2,
764 3947 822 4022 t.)=
847 3941 887 4003 ita
908 3941 985 4002 hunc
1005 3955 1194 4018 incomperta
1253 3973 1258 3984 =

67 4019 149 4080 bilem
161 4021 332 4081 thesaurum
342 4019 424 4081 Deus
437 4018 473 4079 ab
494 4018 580 4081 initio
601 4021 740 4101 deposuit
758 4021 789 4080 in
809 4019 883 4082 vasis
902 4013 1051 4088 fictilibus,
1070 4023 1104 4074 ut
1121 4013 1193 4106 fidei
1253 4093 1261 4106 ⁹

68 4109 178 4158 nostrae
198 4096 375 4174 obsequium
398 4096 502 4158 melius
530 4096 680 4178 probaret
720 4097 822 4172 Quare
842 4096 866 4156 si
892 4091 1024 4174 cupimus
1044 4092 1081 4150 ad
1102 4089 1193 4152 Chn-

69 4185 135 4234 stnm
153 4173 274 4246 venire,
303 4193 343 4233 ne
362 4173 465 4258 pigeat
483 4194 539 4236 nos
557 4174 659 4254 sequi,
682 4195 756 4254 quos
774 4172 922 4234 Dominus
941 4169 978 4229 ed
998 4167 1192 4258 deucsendam

69 4251 160 4312 nundi
179 4248 348 4332 superbiam
370 4271 403 4310 es
424 4251 569 4332 pecudmn
588 4263 721 4313 stercore
739 4251 895 4333 magistros
914 4255 1045 4334 sumpsit.

132 4338 162 4398 9-
200 4329 340 4406 Angelus
364 4327 487 4390 Deosisi
509 4331 606 4392 nstitit.
649 4327 734 4389 Dicit
756 4327 882 4409 gloriam
906 4320 1030 4384 Domina
1058 4321 1195 4402 resplen-

70 4405 155 4472 duisse
186 4407 474 4487 circumponunt,
507 4425 541 4468 er
572 4424 630 4486 qua
654 4403 804 4488 Angelum
832 4407 1037 4486 agnoscerent.
1086 4397 1195 4460 Parum
1245 4412 1250 4420 ·
