2756 4838
308 183 484 310 'pre-m.
522 225 571 288 ne
589 227 715 308 repudio
735 237 766 287 er
784 181 951 309 conu'gro.)
1124 299 1128 308 ,
1149 221 1209 301 ano

64 381 160 456 veniat,
179 399 372 462 quaecunque
384 371 418 442 in
432 381 572 466 coniugio
592 379 716 442 molesta
736 392 815 456 sunt,
835 378 1026 446 accidentalia
1045 373 1119 456 esse,
1138 380 1206 462 quii

64 457 229 538 proveniunt
247 478 281 516 ex
301 459 427 519 hominis
447 459 530 519 vitio.
566 457 684 518 Deinde
704 457 938 532 meminerimus,
964 457 1031 536 quia
1050 469 1120 537 post
1138 479 1207 519 cor·

64 547 165 614 ruptam
185 545 317 594 naturam
336 535 481 610 medicina
502 555 564 595 esse
584 534 699 613 coepit,
724 554 787 594 non
807 534 912 593 mirum
932 535 993 593 else
1013 532 1037 594 si
1057 534 1208 597 dulcedini

82 611 220 670 ernistum
242 610 349 670 habeat
371 632 498 671 amarum
517 631 662 692 saporem.
706 609 767 672 Sed
786 610 942 670 ridendum
963 621 1022 684 est,
1054 612 1208 690 quomodo

64 633 128 746 lanc
145 686 295 747 stultitiam
319 687 435 748 refellat
454 688 608 748 Dominus.
662 685 767 748 Omnes
791 687 875 746 huius
901 686 978 747 dicti
997 707 1117 768 capaces
1144 709 1208 750 esse

63 785 171 845 negans,
189 764 336 854 significat
354 763 529 825 electionem
550 785 612 824 non
633 784 695 826 esse
715 763 840 845 positam
860 763 891 821 in
912 784 999 822 manu
1019 775 1129 838 nostra,
1146 765 1207 826 acsi

64 841 139 899 dere
159 837 245 899 nobis
265 839 395 900 subiecta
416 854 492 901 esset
511 840 697 901 consultatio.
735 841 768 901 Si
790 841 853 920 quis
873 839 944 899 utile
963 840 1020 902 silai
1040 861 1100 900 esse
1121 853 1206 922 putat

64 937 141 974 uxore
161 935 275 991 carere,
302 927 390 1007 atque
409 917 450 976 ita
470 917 551 978 nullo
577 919 708 978 examine
727 917 829 977 habito
850 915 1012 977 coelibatus
1031 913 1129 1000 legem
1148 918 1207 979 sibi

63 992 153 1066 edicit,
173 991 263 1084 longe
284 991 403 1054 fallitur.
440 995 521 1055 Deus
542 995 635 1065 enim,
656 994 706 1074 qui
727 993 930 1075 pronuntiavit
949 993 1059 1053 bonum
1080 1015 1154 1070 esse,
1172 1007 1206 1056 ut

62 1069 116 1127 uiro
134 1069 255 1128 adiutrix
274 1069 312 1128 sit
331 1070 451 1144 mulier,
471 1083 588 1131 contem
612 1071 636 1130 ti
654 1070 699 1130 sui
718 1069 829 1131 ordinis
848 1091 975 1149 poenam
995 1069 1105 1152 exiget:
1137 1071 1207 1151 quia

63 1144 169 1204 nimium
188 1145 245 1204 sibi
264 1157 405 1227 arrogant
419 1147 568 1220 mortales,
588 1093 655 1208 dum
675 1167 706 1208 se
726 1167 742 1206 a
762 1145 884 1206 coelesti
902 1147 1058 1206 vocatione
1079 1147 1207 1209 eximere

60 1231 171 1280 tentant.
209 1221 306 1280 Porro
327 1243 392 1282 non¹
415 1243 476 1284 esse
496 1223 632 1284 omnibus
653 1223 793 1298 liberum,
822 1223 934 1304 eligere
957 1233 1055 1282 utrum
1075 1222 1206 1300 libuerit,

61 1297 119 1357 inde
137 1296 246 1377 probat
265 1297 415 1376 Christus,
453 1300 520 1380 quia
539 1300 666 1379 speciale
685 1300 723 1360 sit
746 1299 947 1359 continentiae
972 1297 1097 1359 donum:
1137 1321 1206 1361 nam

60 1394 139 1452 quum
158 1375 240 1448 dicit,
260 1396 321 1435 non
342 1396 444 1436 ornnes
465 1397 526 1436 esse
546 1396 679 1456 capaces,
698 1378 750 1438 sed
760 1375 865 1456 quibus
876 1376 975 1434 datum
987 1386 1040 1450 est,
1059 1376 1137 1436 clare
1151 1378 1206 1438 de-
1265 1369 1275 1389 '

61 1461 192 1510 monstrat
210 1471 274 1510 non
296 1451 430 1513 omnibus
451 1473 513 1514 esse
533 1453 641 1512 datum.
666 1453 754 1513 Unde
776 1450 962 1514 convincitur
981 1471 1083 1510 eorum
1103 1473 1207 1543 snper-

61 1523 113 1602 bia,
151 1527 256 1588 uisibi
276 1548 342 1588 arro
366 1549 415 1588 are
435 1549 497 1589 non
518 1528 663 1606 dubitant,
704 1531 763 1592 nod
783 1539 843 1586 tarn
860 1527 938 1588 clare
951 1527 1083 1588 Christus
1096 1530 1206 1590 adrrnit.

123 1549 224 1663 lliatth.
244 1611 291 1670 12.
356 1620 407 1664 usu
430 1609 505 1665 enim
527 1604 656 1668 eunucdi.
701 1606 768 1666 l'ria
788 1604 990 1664 eunuchorum
1016 1625 1127 1686 genera
1146 1627 1204 1687 po·

57 1678 95 1736 nit
114 1679 253 1740 Christus.
293 1681 355 1756 Qui
373 1693 476 1742 natura
496 1694 564 1744 sunt
582 1705 594 1742 s
617 1685 744 1758 adunes,
773 1680 819 1742 uel
839 1680 889 1759 qni
910 1679 945 1740 ab
967 1681 1133 1742 hominibus
1153 1703 1203 1744 ca-

57 1755 139 1830 strati,
158 1776 208 1816 eos
229 1756 266 1817 ad
286 1759 426 1840 coniugio
447 1771 528 1822 arcet
547 1703 687 1837 delicus,
708 1758 775 1840 quia
794 1757 848 1818 uiri
860 1767 1009 1816 nonsunt.
1035 1757 1119 1819 Alios
1131 1759 1204 1820 dicit

58 1851 111 1891 esse
129 1833 295 1906 eunuchos,
324 1835 424 1925 quise
444 1847 658 1910 castraverunt,
686 1846 721 1896 ut
737 1856 768 1897 se
789 1833 909 1894 liberius
927 1831 996 1893 Deo
1016 1833 1198 1914 impendant:

58 1907 103 1966 ios
121 1909 262 1969 immunes
282 1911 353 1972 laert
371 1933 388 1972 a
406 1913 580 1974 necessitate
592 1913 748 1996 coniugii,
762 1910 851 1972 Unde
860 1909 994 1989 seqnitur
1004 1911 1076 1973 alios
1089 1933 1204 1992 omnes,

56 1983 100 2062 qui
117 2007 133 2045 a
152 1985 293 2068 coniugio
313 1986 486 2063 abhorrent,
505 1990 644 2072 sacrilega
656 1990 776 2050 audacia
796 1987 948 2071 gigantum
958 2007 1041 2049 more
1054 2011 1119 2048 cum
1131 1987 1201 2054 Deo
1254 2006 1261 2025 t

57 2081 185 2142 pugnare.
207 2061 300 2136 Quod
320 2063 456 2144 Papistae
474 2078 583 2148 urgent
603 2067 747 2128 castrandi
766 2086 880 2136 vocem,
901 2064 982 2142 quasi
1001 2085 1055 2124 suo
1076 2066 1201 2128 arbitrio

57 2139 245 2198 continentiae
270 2140 367 2221 legem
393 2142 525 2202 homines
550 2141 721 2221 imponant,
751 2141 835 2205 nimis
861 2140 999 2218 frigidum
1025 2151 1077 2200 est.
1115 2140 1203 2202 Prius

56 2214 124 2274 enirn
144 2226 264 2275 testatus
290 2229 333 2275 est
353 2216 501 2291 Christus,
528 2217 626 2276 Deum
652 2219 708 2277 hoc
734 2216 838 2297 quibus
862 2215 954 2276 risum
981 2227 1025 2276 est
1044 2216 1123 2276 dare.
1160 2220 1202 2278 Et

56 2291 133 2367 paulo
154 2303 223 2371 post
243 2292 347 2350 iterum
368 2305 478 2352 asseret
496 2304 608 2352 temere
628 2294 807 2354 coelibatum
824 2291 906 2372 eligi,
926 2289 977 2350 ubi
998 2291 1062 2370 quis
1081 2293 1203 2370 speciali

56 2366 126 2428 dono
147 2366 296 2448 praeditus
316 2387 378 2426 non
400 2378 451 2428 est.
493 2368 595 2442 Quare
620 2369 691 2430 haec
716 2367 853 2430 castratio
877 2387 940 2426 non
960 2367 1057 2426 libero
1078 2368 1201 2432 arbitrio

56 2443 214 2517 subiicitur,
233 2443 285 2502 sed
304 2443 426 2524 simplex
445 2463 545 2504 sensus
565 2457 619 2520 est,
639 2465 727 2523 quum
748 2456 850 2504 natura
871 2443 931 2522 apti
951 2444 1009 2502 sint
1028 2443 1144 2521 qnidam
1164 2447 1203 2508 ad

55 2519 227 2602 coniugium,
246 2517 316 2578 licet
335 2519 512 2594 abstineant,
531 2539 593 2580 non
612 2533 710 2580 tamen
719 2520 816 2580 Deum
829 2530 954 2594 tentare,
995 2519 1041 2578 uia
1053 2519 1134 2580 Deus
1146 2523 1204 2582 irn-

54 2597 217 2656 munitatem
237 2594 293 2654 illis
313 2597 460 2658 concedit.
498 2603 624 2673 Propter
641 2619 762 2673 Quum
784 2595 937 2658 coelerum.
1014 2595 1089 2656 sulse
1110 2617 1203 2689 equ-

55 2685 122 2730 nunt·
137 2669 234 2747 multi,
253 2671 300 2732 Ad
320 2673 544 2752 promerendam
565 2688 712 2734 aeternam
725 2675 827 2736 uitam:
848 2671 930 2750 quasi
941 2670 1102 2733 coelibatus
1112 2694 1203 2734 merr-
1297 2671 1303 2686 ’

54 2749 152 2808 torium
174 2749 204 2807 in
225 2769 256 2808 se
276 2748 403 2828 aliquem
423 2751 533 2810 cultum
553 2751 715 2825 contineat,
733 2750 818 2810 sicuti
841 2747 976 2828 Papistae
997 2748 1123 2830 fingunt,
1142 2761 1203 2811 sta-

54 2833 107 2884 tum
127 2847 190 2886 esse
210 2825 385 2908 angelicum.
423 2826 516 2906 Atqui
534 2829 607 2887 nihil
629 2827 706 2888 aliud
726 2826 821 2888 voluit
839 2825 982 2900 Christus,
1002 2845 1089 2905 quatu
1109 2827 1204 2887 coeli-

54 2897 100 2960 bes
118 2903 194 2962 hunc
221 2903 309 2962 finem
336 2902 444 2964 debere
471 2903 526 2964 sibi
552 2904 661 2964 habere
686 2902 886 2984 propositum,
916 2913 948 2960 ut
967 2901 1042 2963 euris
1063 2903 1199 2964 omnibus

54 2977 134 3038 soluti
148 3000 213 3040 sese
232 2979 355 3040 alacrius
374 2982 411 3040 ad
431 2980 547 3060 pietatis
567 2981 664 3042 officia
679 2981 844 3062 accingant.
869 2977 965 3038 Stulta
985 2979 1076 3060 igitur
1094 2979 1199 3064 imagi-

55 3055 128 3115 natio
149 3068 202 3130 est,
221 3055 399 3120 coelibatum
419 3077 481 3118 esse
501 3058 654 3132 virtudem,
673 3057 741 3137 quia
760 3077 822 3116 non
841 3055 932 3136 magis
953 3075 1039 3134 quam
1058 3055 1200 3118 ieiunium

55 3147 149 3208 perse
167 3134 238 3194 Deo
259 3133 367 3212 placet,
387 3155 442 3195 nec
463 3134 540 3194 inter
559 3133 717 3214 obsequia,
737 3154 811 3214 quae
831 3152 846 3191 a
867 3131 955 3192 nobis
973 3131 1108 3211 requirit,
1127 3153 1200 3194 een-

53 3207 103 3266 seri
120 3222 264 3284 meretur,
302 3213 353 3271 sed
372 3211 404 3270 in
422 3211 511 3272 alium
531 3211 620 3272 finem
638 3221 772 3302 spectare
799 3207 901 3270 debet:
941 3209 1001 3269 imo
1026 3209 1201 3274 nominatim

52 3285 205 3362 exprimere
217 3285 465 3363 loluitChristus‚
484 3288 554 3348 licet
594 3287 715 3366 uispram
735 3307 752 3346 a
771 3285 950 3346 scortatione
963 3307 1051 3366 purus
1069 3285 1117 3360 sit,
1137 3307 1200 3348 non

51 3367 140 3420 umen
161 3363 222 3424 eius
243 3363 421 3424 coelibatum
442 3363 562 3444 probari
613 3384 665 3439 eo,
702 3362 860 3424 sitantum
880 3363 944 3422 otio
963 3383 1016 3424 suo
1037 3374 1068 3423 et
1087 3357 1201 3424 delitiis

52 3439 195 3516 prospicit,
214 3439 267 3499 sed
286 3451 399 3500 tanturn
419 3441 475 3500 hoc
495 3440 616 3501 nomine
636 3439 774 3513 excusari,
794 3439 817 3499 si
828 3439 864 3498 ad
881 3438 1004 3500 liberam
1023 3451 1054 3499 et
1072 3439 1198 3500 solutam

53 3511 180 3576 coelestis
199 3516 277 3578 vitae
296 3516 519 3577 meditationem
537 3535 567 3576 as
589 3516 653 3576 irat
691 3517 727 3576 ln
744 3537 864 3588 summa,
883 3516 972 3575 docet
983 3513 1116 3575 Christus
1136 3534 1200 3575 non

53 3587 114 3650 satis
133 3611 210 3668 esse,
230 3592 254 3652 si
276 3605 354 3652 caste
374 3592 472 3653 vivant
492 3538 637 3668 coelilcs,
661 3593 716 3654 nisi
736 3592 872 3652 consulto
893 3589 928 3650 ab
949 3590 1087 3652 uxoribus
1107 3588 1199 3649 absti-

52 3679 149 3740 ocant,
169 3689 228 3748 qno
249 3689 281 3728 se
301 3667 456 3748 expediant
475 3669 511 3728 ad
530 3669 653 3730 meliora
673 3667 780 3730 officia.
822 3668 880 3750 Qui
893 3680 988 3742 potest
1004 3687 1123 3741 cupere,
1147 3686 1199 3726 on-

47 3742 114 3810 ntae.
140 3743 203 3805 Hac
224 3743 351 3805 clausula
371 3745 510 3805 admonet
523 3745 667 3820 Christus,
685 3746 805 3804 minime
824 3743 1021 3824 spernendum
1041 3761 1103 3802 esse
1124 3761 1198 3802 con-

51 3812 118 3902 iugii
137 3843 230 3896 nsum,
249 3821 305 3881 nisi
325 3841 416 3881 coeca
434 3822 598 3882 temeritate
618 3843 672 3882 nos
692 3823 722 3882 in
735 3820 852 3882 exitium
863 3818 1037 3899 praecipites
1057 3817 1199 3908 daretvg-
1272 3853 1277 3864 x

52 3886 141 3954 limus:
161 3919 228 3958 narn
249 3897 321 3958 disci
344 3897 415 3970 ulis,
434 3917 508 3976 quos
528 3897 647 3959 videbat
665 3899 729 3960 sine
749 3895 859 3958 iudicio
879 3915 975 3968 ruere,
993 3913 1110 3953 manum
1131 3915 1198 3953 rnu-

53 3987 112 4028 cere
132 3974 273 4052 oportuit
341 3985 471 4034 aeterum
491 3975 568 4034 utilis
588 3974 724 4035 omnibus
744 3973 905 4034 admonitio
925 3981 984 4044 est,
1004 3969 1072 4106 quia
1090 3969 1121 4029 in
1143 3969 1199 4030 eli-

52 4047 143 4131 gendo
163 4051 240 4110 vitae
260 4069 370 4132 genere
390 4048 476 4130 pauci
491 4051 561 4130 quid
575 4051 631 4111 sibi
642 4050 741 4110 datum
754 4051 792 4110 sit
805 4058 951 4132 reputant,
970 4067 1001 4106 se
1041 4047 1200 4126 prosiliunt

51 4139 109 4180 sune
128 4124 258 4202 delectu,
287 4147 466 4206 quocunque
486 4147 538 4188 eos
557 4125 624 4188 tulit
640 4126 873 4188 inconsideratus
894 4121 1005 4182 servor:
1031 4136 1119 4203 atque
1140 4123 1199 4184 uti-

51 4213 113 4256 nam
133 4200 233 4262 luisset
253 4203 322 4264 olim
336 4204 442 4264 audita.
467 4203 529 4264 Sed
548 4203 650 4264 nescio
671 4203 775 4282 quibus
796 4203 922 4260 Satanae
943 4197 1058 4262 lascinia
1079 4199 1199 4263 obstru-

52 4281 110 4332 ctae
131 4276 249 4338 suerunt
268 4301 361 4355 aures,
381 4292 414 4339 ut
433 4280 596 4340 reluctante
615 4291 729 4354 natura,
769 4277 829 4338 ursi
850 4276 943 4335 invito
963 4275 1044 4357 lieo,
1062 4278 1198 4357 laqueum

50 4353 179 4430 perpetui
190 4355 362 4448 xcoelibatus
380 4355 437 4419 sibi
456 4357 616 4446 induerint,
635 4376 710 4437 quos
730 4301 768 4419 ad
782 4351 952 4436 coniugium
962 4351 1044 4417 Deus
1063 4354 1197 4418 uocabat.
