2764 4846
241 297 246 308 ,
352 214 489 312 'Cb-b
513 229 853 314 Angetmrzactutse.)
874 291 875 296 ,
1129 229 1175 306 l7

35 381 95 440 tert
165 379 251 442 flore
272 380 382 444 aetatis
401 381 521 444 sterilis:
548 381 604 453 iam
630 393 765 445 senectus
784 382 872 445 etiam
892 381 1025 444 secundis
1042 383 1173 446 mulieri-

36 459 84 548 ευ,
99 469 224 518 uterum
252 455 379 520 claudit.
428 459 511 542 Ergo
535 458 566 523 in
591 457 705 520 dnobus
738 457 896 538 obstaculis
921 457 1028 540 duplex
1052 473 1174 542 apparet

35 535 135 594 dismas
154 533 285 596 virtutis
306 533 496 610 miraculum,
514 534 603 614 idque
621 536 654 598 in
674 555 740 596 eum
761 535 866 612 finem,
885 529 1073 596 ut'dominus
1093 537 1174 616 quasi
1212 581 1214 593 .

34 625 135 670 menta
157 631 176 670 e
199 610 298 670 coelo
325 632 416 671 mann
435 611 496 670 Pro
519 611 615 672 betam
636 629 651 672 a
672 631 703 672 εε
729 611 846 673 missum
866 623 1003 673 testetur.»
1037 613 1174 674 Nascitur

35 689 139 766 quidem
160 705 199 746 ex
221 687 356 748 terrenis
376 633 517 768 parentib

35 775 58 821 at
80 764 119 822 ita
139 763 276 844 loquar,
306 764 413 827 modus
437 784 501 826 non
525 783 607 830 secus
632 763 714 825 illum
728 766 925 826 'commendat

36 839 155 920 delapsus
176 852 275 899 esset.
1217 882 1221 892 «

93 925 122 982 9.
161 913 345 976 &mnrium
362 913 593 978 monadum
611 915 771 984 sacerdotii.
809 917 949 980 suffitum
968 915 1013 978 bis
1070 916 1173 994 otidie,

33 1014 104 1052 nane
126 993 255 1054 scilicet
290 1003 322 1052 ct
350 991 482 1074 vesperi,
511 995 671 1056 accendere
697 992 910 1056 castanetas
938 938 1173 1070 ,Quoduautem

972 785 1031 826 acsi
1050 784 1067 826 e
1087 761 1173 828 coelo
1253 791 1258 796 ·

517 711 549 748 us
568 688 698 750 mortalis
725 690 833 764 bomo,
861 689 912 750 sed
931 687 1174 842 pnpcrnanrralis,
1272 751 1277 768 „
1376 755 1377 758 ,

35 1067 230 1130 sortiebantur
249 1067 385 1130 interae
404 1069 587 1146 sacerdotes,
612 1071 643 1131 id
662 1071 828 1134 instituerat
844 1069 957 1145 David,
980 1071 1173 1152 quemadmo-
1261 1085 1267 1094 '
1376 1047 1377 1096 3

34 1147 91 1204 lum
106 1145 194 1226 prius
216 1145 392 1206 retulimust
422 1165 454 1206 er
477 1147 594 1228 equod
613 1147 661 1208 bic
685 1149 722 1209 de
740 1146 841 1210 suffitu
863 1144 1006 1222 babetur,
1033 1145 1095 1208 Lex
1111 1147 1172 1209 Dei

33 1221 198 1280 nominatim
227 1220 403 1282 mandabat.
476 1221 570 1301 eliqua
590 1243 607 1282 a
625 1223 740 1284 Davide
769 1223 904 1304 prosecta
924 1233 1024 1298 erant,
1052 1233 1086 1284 ut
1109 1223 1172 1284 sin-

33 1297 105 1378 gulae
123 1297 267 1358 familiae
287 1295 368 1358 sices
387 1317 453 1358 suas
474 1297 632 1373 baberent,
661 1319 829 1378 quanquam
853 1297 926 1359 nibil
949 1298 1005 1360 nisi
1030 1319 1063 1360 er
1081 1299 1171 1381 begis

33 1374 212 1463 praesmipto
224 1373 401 1433 instituerat
412 1373 522 1435 David:
541 1373 668 1434 formam
684 1375 762 1438 enim
780 1385 895 1435 tantum
915 1375 1094 1449 ostenderat,
1113 1395 1170 1454 qua

33 1451 187 1510 minuetum
213 1448 278 1510 sibi
297 1467 315 1508 a
333 1448 404 1512 Deo
429 1470 532 1511 munus
556 1449 666 1532 singuli
710 1461 810 1510 ossent
834 1447 934 1510 obire,
966 1449 1087 1529 Templi
1112 1471 1171 1510 no-

33 1547 89 1584 nen
106 1527 157 1586 bie
180 1545 243 1606 pro
267 1525 381 1585 Sancto
402 1525 557 1604 accipitur:
579 1525 660 1620 ‹puod
679 1471 747 1588 ideo
767 1526 930 1586 notandum
949 1536 1009 1600 est,
1028 1524 1096 1606 quia
1115 1525 1170 1585 ali-

35 1603 139 1682 quando
161 1601 282 1662 atrium
301 1600 398 1686 etiam
412 1621 476 1662 com
499 1601 644 1662 rehendit.
682 1602 835 1663 Zacharias
859 1612 957 1662 autem
977 1601 1007 1660 in
1028 1613 1087 1661 tem
1110 1600 1170 1662 lum

33 1681 168 1760 ingressus
193 1677 324 1750 dicitur,
354 1698 415 1756 quo
434 1622 540 1767 pedem
560 1678 671 1739 inierre
690 1677 777 1740 nullis
801 1677 858 1738 nisi
876 1675 1078 1740 sacerdotibus
1089 1623 1171 1738 iice-

33 1757 83 1812 bat
117 1756 201 1815 ldeo
224 1751 374 1836 populum
394 1752 467 1814 diost
484 1754 577 1815 Lucas
596 1754 700 1834 procul
720 1753 850 1826 stetisse,
868 1753 947 1814 inter
967 1773 1054 1834 qoem
1075 1765 1106 1814 et
1125 1753 1169 1814 al-

32 1843 84 1891 tare
101 1830 228 1892 suffitus
250 1829 303 1890 lon
328 1850 343 1888 a
364 1839 429 1889 erat
448 1830 598 1906 distantia,
619 1830 757 1910 quoniam
776 1830 904 1891 medium
924 1843 987 1890 erat
1005 1830 1113 1907 altare,
1137 1828 1168 1890 in

34 1929 82 1986 quo
105 1907 256 1970 victimae
282 1847 499 1966 offerebantur.
546 1908 591 1968 Ac
616 1909 778 1967 notandum
804 1917 848 1968 est
872 1907 952 1996 quod
976 1906 1046 1968 dicit
1064 1901 1170 1984 Lucas,
1199 1975 1205 1986 „

31 2005 120 2044 m
146 1983 243 2044 Deo:
282 2002 351 2041 nam
384 1981 501 2059 quoties
535 1982 567 2042 in
597 1981 737 2044 Sanctum
759 1982 989 2064 ingrediebatur
1020 1982 1170 2057 sacerdos,

32 2061 104 2140 quasi
121 2059 158 2119 in
177 2058 244 2120 Dei
263 2069 456 2137 conspectum
470 2057 625 2194 lprodibat,
644 2071 678 2120 ut
695 2059 774 2120 inter
793 2069 911 2120 eumxet
928 2058 1072 2140 populum
1092 2069 1169 2118 esset

31 2139 183 2198 mediator.
237 2133 344 2193 Voluit
367 2133 447 2194 enim
502 2135 616 2195 ominus
641 2135 699 2196 hoc
743 2135 835 2216 opnlo
859 2154 913 2196 sno
938 2145 1075 2195 testatum
1095 2153 1169 2211 esse,

32 2213 136 2273 nemini
162 2209 340 2271 mortalium
354 2221 468 2302 'patere
487 2210 595 2271 aditum
615 2210 646 2272 in
666 2155 784 2286 coeios,
814 2209 870 2271 nisi
889 2221 1050 2290 praeeunte
1069 2229 1167 2271 sacer·
1241 2247 1249 2258 -

31 2291 108 2350 dote:
140 2289 228 2364 imo,
258 2286 400 2366 quamdiu
423 2286 525 2347 vivunt
548 2285 682 2348 homines
705 2288 736 2347 in
755 2285 858 2362 terris,
887 2306 951 2350 non
970 2286 1110 2348 accedere
1130 2285 1168 2346 ad

30 2367 170 2427 tbronum
190 2363 373 2436 coelestem,
404 2369 437 2421 ut
454 2361 514 2423 illic
532 2363 656 2445 gratiam
674 2362 840 2438 inveniant,
870 2361 927 2422 nisi
944 2362 976 2422 in
994 2361 1169 2422 Mediatoris

63 2463 167 2504 mona.
207 2441 317 2519 ltaque
335 2459 425 2519 quum
444 2437 528 2498 multi
548 2451 646 2501 essent
663 2439 846 2512 sacerdotes,
865 2457 928 2498 non
947 2437 1063 2499 duobus
1081 2435 1168 2497 simul

32 2464 70 2579 bis
97 2530 180 2592 erat,
206 2515 347 2577 sollenne
373 2513 589 2576 intercessionis
613 2514 743 2575 officium
768 2533 824 2592 pro
849 2512 962 2647 popolo
988 2513 1086 2573 obire:
1115 2513 1168 2577 sed

31 2597 95 2656 ideo
113 2591 272 2655 distributi
292 2601 379 2652 erant
395 2589 428 2650 in
447 2589 567 2665 classes,
592 2601 626 2650 ut
644 2611 719 2650 unus
739 2589 878 2650 duntaxat
919 2585 1100 2647 auctuarium
1120 2587 1168 2646 in-

32 2685 135 2746 traret,
165 2681 260 2749 atque
292 2668 333 2727 ita
357 2687 421 2726 non
449 2667 506 2728 nisi
531 2687 605 2728 unus
635 2666 740 2726 eodem
764 2676 899 2744 tempore
923 2674 1001 2723 esset
1021 2663 1167 2722 sacerdos.

32 2748 124 2809 Porro
142 2747 206 2810 buc
226 2744 383 2826 spectabat
400 2742 573 2826 tbymiama,
592 2753 624 2801 ut
643 2741 874 2803 admonerentur
891 2738 1001 2814 fideles,
1019 2737 1169 2820 precatio-

33 2847 97 2883 num
116 2843 239 2885 suarum
261 2819 387 2882 odorem
408 2839 469 2880 non
489 2819 665 2880 adscendere
684 2817 715 2878 in
736 2816 852 2878 eoelum
865 2815 920 2876 nisi
930 2834 985 2896 per
995 2813 1168 2876 sacrificium

33 2899 213 2961 blediatoris.
253 2895 422 2971 Quomodo
445 2907 542 2956 autem
568 2895 679 2976 figurae
702 2895 775 2956 istae
799 2892 887 2953 nobis
910 2887 1104 2967 comeniaot,
1132 2910 1168 2952 ex
1212 2946 1219 2972 ,

34 2977 154 3056 epistola
174 2975 215 3035 ad
236 2973 394 3033 Hebraeos
414 2973 572 3052 petendum
593 2983 646 3032 est.
944 2991 949 3001 ¹
1246 3043 1247 3050 ἵ

104 3059 150 3119 12.
191 3047 368 3111 loedorias
385 3046 514 3107 turbans
531 3061 580 3108 est.
619 3043 909 3109 Tametsinonideo
929 3042 1018 3104 servis
1036 3043 1093 3104 suis
1112 3061 1167 3124 ap-

36 3142 113 3208 paret
131 3131 238 3201 Deus,
256 3137 289 3184 ot
309 3145 362 3186 eos
380 3133 506 3199 terreat,
524 3123 597 3184 utile
615 3135 729 3197 tameo,
748 3111 808 3182 imo
828 3118 1022 3182 necessarium
1042 3131 1096 3194 est,
1115 3139 1174 3192 eos¹

35 3221 108 3266 metu
134 3203 280 3286 percelli,
311 3213 347 3262 ut
375 3201 406 3260 in
430 3220 461 3260 se
486 3197 601 3261 confusi
624 3197 729 3259 iustum
753 3197 823 3257 Deo
849 3197 992 3256 bonorem
1017 3207 1166 3286 praestare

36 3283 148 3343 ἀίεεειει
188 3281 259 3340 Nec
276 3277 375 3339 solum
395 3286 495 3336 narrat
512 3276 621 3352 Lucas,
644 3274 780 3334 territum
799 3271 887 3334 luisse
907 3271 1090 3347 Zachariam,
1114 3271 1167 3332 sed

35 3361 117 3436 addit,
134 3359 282 3420 timorem
302 3353 423 3416 irruisse
433 3371 521 3432 snper
537 3371 617 3412 eum:
639 3371 699 3431 quo
709 3348 938 3432 significatadeo
950 3348 1167 3429 expavefactum

38 3455 106 3510 esse,
134 3447 169 3496 ut
191 3424 305 3496 terrori
323 3428 536 3489 succumberet.
574 3429 620 3490 Ne
642 3447 679 3486 uo
702 3425 870 3487 bominibus
890 3446 906 3486 a
924 3423 984 3485 Dei
1002 3423 1167 3505 praesentia

36 3525 120 3572 nense
138 3521 263 3572 tantum
282 3504 441 3578 incutitur,
472 3505 521 3584 qni
541 3523 593 3565 eos
611 3448 649 3564 ab
667 3497 871 3564 reverentiam
885 3501 1013 3575 erudiat,
1041 3502 1092 3561 sed
1116 3498 1169 3579 qui

35 3589 162 3648 bumiliet
182 3586 283 3647 carnis
304 3605 338 3644 su
361 3580 489 3656 erbiam,
507 3602 583 3660 quae
602 3591 662 3640 tam
681 3591 819 3658 proterva
839 3589 898 3652 est,
916 3589 949 3636 nt
967 3598 1027 3637 nun
1051 3597 1117 3638 uam
1135 3595 1169 3634 se

35 3667 82 3725 nisi
109 3664 268 3726 violenter
301 3603 417 3719 subacti
446 3656 514 3718 Deo
545 3655 708 3718 subiiciant,
755 3655 845 3716 Unde
874 3653 960 3714 etiam
991 3654 1039 3714 col
1053 3653 1169 3732 'gimus,

35 3763 88 3801 non
108 3741 169 3802 nisi
186 3739 317 3799 absente
327 3735 397 3795 Deo
417 3731 489 3824 (hoc
509 3745 563 3808 est,
582 3753 671 3813 quum
690 3749 722 3792 se
742 3729 778 3792 ab
799 3732 859 3792 eius
878 3741 1039 3811 conspectu
1056 3725 1167 3817 subdu-

36 3829 111 3892 ont)
130 3813 295 3896 superbire
316 3832 351 3871 ac
371 3808 427 3870 sibr
447 3809 583 3871 blandiri.
620 3811 696 3869 Nam
721 3807 746 3870 si
764 3806 862 3868 Deum
881 3817 949 3867 anto
968 3805 1070 3865 oculos
1090 3801 1167 3861 rudr-

36 3915 92 3954 eem
110 3893 277 3962 baberent,
297 3905 419 3949 necesse
437 3897 514 3948 esset
532 3885 666 3967 prbtinns
684 3884 851 3946 concidere.
888 3884 933 3943 Ac
951 3881 975 3942 si
986 3881 1044 3942 boc
1055 3878 1167 3940 Zacba-

36 3971 106 4046 riae,
130 3969 182 4032 cui
200 3965 335 4028 iustitiae
360 3963 423 4022 lans
443 3962 542 4038 datur,
571 3963 608 4024 ad
627 3973 816 4041 conspectum
834 3959 943 4049 Angeli
967 3956 1087 4032 accidit,
1117 3952 1168 4044 qui

38 4047 145 4108 divinae
165 4043 245 4105 lucis
265 4038 395 4102 scintilla
416 4050 470 4116 est,
490 4039 560 4118 quid
580 4039 631 4100 fiet
646 4035 733 4099 nobis
752 4036 873 4111 miseris,
891 4058 916 4096 ει
934 4032 1058 4095 nosDei
1076 4052 1169 4111 mape-
1276 4075 1278 4089 .

37 4137 86 4184 stas
110 4123 149 4184 ad
174 4119 332 4202 fulgorem
357 4135 442 4176 suum
465 4115 627 4194 producat?
670 4115 733 4174 lam
756 4134 829 4176 vero
855 4123 1023 4173 sauctorum
1052 4122 1169 4194 patrum

37 4199 166 4280 esemplo
188 4197 354 4268 docemur,
383 4211 446 4252 non
465 4191 537 4254 alios
556 4191 623 4254 viro
643 4191 757 4252 divinae
777 4187 958 4270 praesentiae
977 4208 1065 4248 sensu
1082 4184 1171 4259 albei,

38 4277 87 4338 nisi
129 4277 161 4336 ui
180 4281 320 4334 oemunt
339 4277 373 4329 ct
391 4267 539 4350 trepidant
557 4269 594 4330 ad
613 4268 674 4329 eius
694 4277 900 4348 conspectum,
922 4265 1171 4351 stupidosrautem

40 4365 65 4414 et
83 4353 119 4417 be
231 4367 309 4426 esse,
327 4343 383 4428 qui
401 4365 468 4410 eum
487 4343 659 4426 loq‘uentem
677 4363 780 4408 secure
798 4341 930 4404 audiunt
