2814 4846
642 41 654 80 ’1

184 234 208 300 s
485 265 490 280 ι
520 224 639 292 sect.
659 224 729 287 m
763 232 979 284 ennoean.
998 233 1019 271 :¹

79 389 83 411 ¹
185 401 286 464 neque
303 380 455 444 insolitum
473 399 538 442 esse
550 375 724 460 exemplum,
742 376 766 438 si
777 375 863 438 multi
873 376 911 438 ad
921 374 1044 438 verbum
1053 369 1114 435 Dei
1126 373 1182 435 obs
1294 393 1334 437 ε.
1397 403 1398 436 ;

183 471 261 522 rent.
284 457 576 552 Propbetaedictum
591 457 657 533 fuit,
668 453 763 539 Vade,
774 471 900 516 excoeca
911 463 1036 527 mentes,
1048 463 1079 512 et
1093 451 1215 512 cordae
1238 451 1334 528 dura,
1397 493 1398 496 κ

183 537 245 598 boc
261 532 539 598 triburtMattbaeur
554 529 746 607 auditoribus,
764 544 798 593 ut
818 529 969 592 coecitatis
987 547 1057 590 auae
1078 539 1109 589 et
1128 527 1250 589 duritiei
1260 529 1333 590 eui-

183 631 254 695 pam
272 613 447 706 souuerse:
467 629 566 692 neque
584 611 661 686 euim
673 609 795 700 aiterum
807 607 847 700 ab
860 607 954 668 attere
975 606 1101 689 disiungi
1121 617 1235 698 potest,
1255 606 1332 686 qnia

184 686 1332 840 ttttttttttttttdttnttttdttuttttt*ttttttt

183 858 248 978 tt
265 839 756 978 *tttt‘i'tittttstttti
775 839 1039 976 ‘'tti'ttttt
1063 837 1332 992 (ῗῖἕέἕὶἷεῖ

183 939 435 1074 adopiionis‘xba'n
447 994 609 1068 -iiiuminat,
629 983 756 1074 ideoque
768 937 862 1053 uueirbo
873 934 932 1052 iibli
946 935 1217 1080 magisqebsoeeart,
1237 1000 1270 1049 et
1279 1002 1328 1050 ta-

160 1089 253 1138 ‚men
272 1069 304 1128 in
324 1068 379 1144 iliis
399 1071 529 1130 residere
550 1070 676 1151 cuipam,
696 1071 763 1150 quia
775 1081 938 1150 spontanea
952 1079 996 1128 est
1009 1079 1188 1128 excoecatro.
1211 1067 1329 1128 Caete-
1397 1095 1398 1098 ¹

181 1163 247 1207 rum
268 1137 336 1206 binc
355 1147 452 1207 Verbi
468 1147 607 1207 ministris
628 1147 755 1227 petenda
775 1158 819 1206 est
837 1144 1023 1220 consolatio,
1054 1145 1078 1205 si
1098 1143 1326 1226 eorum-labori

181 1239 271 1302 saepe
291 1241 325 1282 ex
343 1233 415 1285 voto
435 1243 498 1285 non
516 1243 564 1285 res
587 1225 698 1285 ondeat
715 1241 876 1286 successus:
896 1221 995 1284 multis
1016 1223 1094 1282 adeo
1112 1239 1173 1279 non
1192 1219 1326 1300 prodest

183 1242 689 1384 eomnn¹doet1iqa,·utdeferiorcs
709 1301 792 1360 baut:
825 1300 903 1360 Nem
926 1313 943 1359 'e
963 1297 1021 1359 iilis
1041 1295 1146 1358 accidit
1166 1297 1249 1385 qnod
1267 1315 1324 1355 ex-

181 1386 284 1456 pertus
303 1388 347 1437 est
361 1377 526 1457 Propheta,
541 1381 628 1458 supra
648 1379 816 1470 quem'nbn
829 1319 984 1438 creabunt.
1015 1374 1190 1454 Optendum
1200 1371 1325 1452 quadem
1397 1407 1398 1410 ¹

183 1463 271 1530 esset,
289 1464 323 1512 ut
343 1471 445 1514 omnes
462 1453 644 1516 adducerent
654 1475 685 1514 ιη
697 1453 756 1516 Dei
768 1453 953 1532 obsequium,
972 1463 1003 1512 et
1021 1453 1079 1511 bue
1091 1448 1266 1509 incumbere
1277 1461 1326 1510 at-

183 1545 252 1608 que·
262 1529 336 1590 eniti
351 1530 430 1611 ipsos
443 1530 542 1592 decet:
563 1531 677 1592 interea
688 1551 727 1590 ne
739 1531 893 1604 mirentur,
914 1529 995 1609 quod
1006 1527 1077 1588 oiim
1087 1527 1168 1587 Deos
1180 1525 1325 1592 indicium
1397 1585 1398 1592 ,

183 1605 315 1682 exercuit
334 1627 389 1686 per
405 1607 600 1667 ministerium
620 1607 789 1686 Prophetae
809 1607 1040 1686 bodie'quoqne
1058 1603 1186 1683 impleti.
1214 1601 1323 1676 Quan—
1397 1653 1398 1672 ,

183 1701 271 1762 quam
282 1682 386 1745 sedulo
397 1683 557 1745 cavendum
568 1693 622 1758 est,
643 1703 682 1742 ne
694 1683 808 1764 ignavia
820 1678 1320 1773 nostrapereatEvangeiiiiruetus.

258 1759 349 1820 Marc.
366 1765 412 1824 12.
457 1759 496 1819 Ut
513 1758 638 1819 νὴιὶωιιεε
655 1778 714 1818 oon
731 1757 856 1820 videam.
895 1749 953 1818 lire
981 1757 1111 1818 breviter
1130 1768 1239 1816 notare
1258 1755 1320 1816 sni-

181 1832 272 1908 ficiat,
293 1837 378 1915 quod
390 1834 460 1894 abbi
480 1835 570 1895 fusius
590 1836 752 1916 expositum
773 1848 827 1911 est,
847 1835 1011 1896 doctrinam
1031 1853 1093 1894 non
1114 1848 1177 1896 esse
1197 1833 1321 1912 proprie

181 1927 357 2047 diditi-²
375 1929 494 2049 “tt
511 1925 686 2050 iiiiii?
706 1909 1320 2050 titttttttttttttitttitt

180 2007 476 2152 estquuiff'aique
497 2062 527 2126 id
545 2065 647 2124 vitium
659 2009 715 2125 sobi
728 2066 850 2126 minime
864 2031 1034 2146 impumiur,
1049 2009 1104 2124 {ed
1125 2083 1230 2124 eorum
1242 2059 1320 2122 ocu-

181 2137 232 2201 hs:
251 2150 292 2200 tta
312 2140 393 2218 quod
410 2140 558 2220 reptobos
568 2141 627 2202 Dei
637 2141 758 2204 verbum
772 2154 911 2204 excoeeat
922 2151 954 2202 et
974 2141 1111 2217 obdurat,
1132 2140 1200 2219 quia
1221 2140 1321 2200 fitec-

181 2235 247 2278 rum
258 2217 412 2295 pravitate,
431 2217 500 2299 ipsis
513 2217 666 2298 proprium
677 2230 707 2278 et
757 2219 890 2295 nuinum,
909 2215 1013 2280 Verbo
1027 2229 1124 2277 autem
1137 2215 1322 2278 accidentale

181 2303 236 2352 est.
275 2293 324 2353 Ne
400 2291 458 2354 ado
482 2309 690 2355 comensem
717 2240 812 2356 bites
837 2295 982 2379 particula
1002 2294 1148 2366 ostendit,
1178 2312 1320 2374 quorsum

182 2368 278 2452 prosit
297 2369 325 2432 vi
347 2389 397 2430 ere
417 2381 448 2430 et
466 2370 649 2453 intelligere,
669 2384 703 2433 nt
721 2365 834 2433 scilicet
855 2373 989 2432 homines
1010 2372 1047 2432 ad
1065 2370 1163 2429 Deum
1185 2370 1321 2431 conversi

64 2505 68 2513 x
181 2445 334 2526 vcum'ipso
353 2449 478 2510 redeant
495 2447 526 2507 in
545 2450 679 2530 gratiam,
699 2469 804 2542 eoque·
817 2449 948 2529 propitio
969 2448 1048 2510 bene
1068 2458 1099 2507 et
1119 2441 1321 2508 feliciter'ba-

160 2519 283 2582 *beant
321 2525 405 2607 Ergo
430 2525 462 2584 in
488 2525 567 2586 bunc
591 2525 680 2586 finem
700 2542 823 2606 proprie
847 2525 969 2584 verbum
989 2545 1072 2585 suum
1091 2515 1324 2587 nominarent

204 2599 358 2677 racdieari,
378 2613 412 2660 ut
429 2612 544 2662 mentes
557 2614 595 2678 ,et
613 2603 703 2663 cord'a
724 2601 877 2664 bominum
886 2602 1031 2662 innovans
1044 2615 1096 2660 eos
1107 2600 1164 2660 sibi
1183 2597 1323 2662 reconci-

181 2618 244 2736 bet.
273 2677 321 2736 De
333 2677 468 2757 reprobis
488 2697 559 2740 vero
580 2691 693 2756 eontra
704 2678 945 2759 bic-pronuntiat
957 2671 1075 2760 lesaias,
1093 2695 1133 2737 ne
1152 2678 1324 2738 misericor-

183 2752 261 2825 diam
282 2753 447 2830 obtineant,
467 2775 587 2816 manere
606 2754 638 2813 in
658 2756 726 2834 ipsis
743 2754 888 2836 lapideam
900 2753 1047 2830 duritiem,
1065 2755 1219 2833 verboque
1231 2755 1322 2814 adimi

182 2849 267 2890 suum
287 2827 427 2891 effectum
447 2845 518 2912 erga
538 2849 601 2906 eoa,
620 2851 658 2892 ue
679 2833 716 2891 ad
758 2832 949 2892 senitentiam
960 2831 1051 2891 corda
1061 2831 1201 2893 emolliat
1221 2831 1326 2891 Semo·

181 2907 268 2972 tintus
279 2924 354 2968 voce
367 2907 543 2983 Matthaeus,
559 2908 646 2967 sicuti
658 2851 819 2988 Propbeta,
839 2907 1048 2988 liberationem
1059 2929 1074 2966 a
1086 2907 1169 2967 maiis
1183 2907 1324 2986 omnibus

183 2979 405 3061 complectitur:
425 2983 570 3063 poputum·
578 2984 656 3046 enim
667 3005 756 3044 manu
768 2985 827 3045 Dei
839 2985 981 3047 afflictum
992 2984 1195 3064 metaphorice
1205 2985 1324 3046 bomini

182 3069 310 3140 aegroto
330 3071 524 3139 comparant·
537 3057 611 3120 Ideo
623 3060 779 3126 sanitatem
788 3061 919 3124 conferri
939 3061 1050 3137 dicunt,
1069 3083 1159 3140 quum
1173 3061 1324 3126 Dominus

181 3151 295 3270 poenes
316 3135 433 3195 relaxat.
459 3136 520 3198 Sed
540 3137 608 3217 quia
625 3138 731 3200 semitm
746 3139 799 3200 iste
818 3157 837 3199 a
857 3149 1049 3220 peccatorum
1060 3137 1233 3200 remissione
1244 3159 1323 3218 pen-

203 3221 244 3286 et,
269 3223 338 3291 apte
357 3213 473 3272 Marcus
492 3221 523 3273 et
541 3215 747 3292 seiteecausam
768 3227 798 3276 et
816 3213 1092 3296 iontem-designat.
1131 3213 1221 3276 Unde
1242 3215 1323 3278 enim

181 3305 346 3378 pqenarnm
366 3289 524 3370 iitigatio,
542 3291 599 3351 nisi
620 3292 687 3372 quie
701 3292 848 3353 Dominus
862 3292 950 3355 nobis
970 3290 1101 3372 placatus
1121 3313 1172 3352 sua
1193 3292 1322 3352 benedi-

158 3419 163 3440 s,
181 3373 283 3428 etrone
301 3385 358 3426 nos
376 3366 585 3448 prosequitur?
603 3371 667 3429 Etsi
681 3374 778 3430 antem
791 3368 949 3442 interdum,
967 3379 1052 3428 reatu
1070 3380 1175 3429 nostro
1195 3367 1322 3444 aboiito,

181 3459 238 3500 nos
256 3452 357 3503 tamen
376 3443 481 3522 punire
493 3464 556 3506 non
569 3446 685 3522 desinit,
704 3446 751 3507 sel
764 3457 798 3508 ut
808 3445 901 3528 mdgis
912 3444 1107 3519 humiliemur,
1127 3445 1174 3524 vei
1186 3457 1220 3506 ut
1231 3445 1320 3506 simus

180 3513 213 3576 in
232 3529 382 3610 posterum
403 3520 564 3597 cautiores,
584 3521 652 3605 quia
672 3533 771 3584 tamen
790 3521 900 3584 iavoris
919 3522 964 3582 'sni
983 3521 1067 3606 signa
1087 3523 1248 3600 ostendens
1263 3543 1321 3583 nos

140 3659 141 3667 χ
180 3592 310 3660 vivificat
319 3608 350 3657 et
369 3599 520 3674 instaurat,
541 3599 647 3660 deinde
666 3610 700 3660 ut
719 3599 876 3680 plurimum
892 3610 1007 3662 cessant
1015 3619 1131 3679 poenae
1145 3619 1211 3658 cum
1225 3599 1323 3679 culpa,

78 3739 82 3748 ,
180 3672 287 3733 merito
304 3678 418 3736 sanatio
435 3695 501 3736 cum
513 3676 599 3736 venia
616 3676 814 3758 coniungitur.
836 3676 994 3738 Gaeteruna
1005 3693 1039 3736 ex
1058 3695 1097 3735 eo
1117 3669 1238 3739 minime
1257 3675 1322 3736 col-

181 3745 235 3829 ligi
255 3750 355 3826 debet,
375 3750 590 3832 poeniteutiam
607 3775 670 3814 esse
689 3753 791 3817 veniae
812 3773 938 3829 causam,
959 3753 1041 3833 quari
1056 3752 1138 3812 Deus
1159 3773 1323 3814 conversos

180 3823 212 3914 tp
232 3827 356 3909 gratiam
376 3828 508 3910 recipiat,
549 3829 595 3889 uia
616 3829 674 3902 boc
693 3829 848 3911 promeriti
867 3830 927 3890 sint
946 3833 1028 3909 (nam
1042 3839 1073 3888 et
1084 3824 1146 3909 ipsa
1162 3829 1322 3890 conversio

180 3921 296 3982 srgntun
315 3917 361 3965 est
380 3905 501 3998 gratuiti
519 3850 578 3968 liei
598 3907 735 3985 favoris),
753 3905 806 3967 sed
824 3918 939 3967 tantuna
959 3906 1034 3966 ordo
1056 3918 1086 3965 et
1106 3906 1322 3984 consequentia

181 3989 419 4115 atiqtaqltqr,l·qura
438 3982 521 4044 Deus
540 3995 661 4063 peccata
681 3985 743 4046 sion
763 3983 902 4061 remittit,
930 3983 986 4044 uisi
1006 3983 1037 4042 in
1055 3981 1163 4063 quibus
1182 3983 1322 4044 bominac

181 4073 196 4114 s
230 4075 239 4114 ι
279 4077 323 4136 rsp
337 4069 426 4121 icent.

256 4130 360 4196 Marah.
377 4141 424 4201 1ss
458 4133 561 4195 Vestri
577 4155 644 4196 uero
663 4133 738 4196 bot
755 4135 842 4198 eutii,
872 4137 1001 4196 Videtur
1015 4135 1111 4198 Lucas
1131 4136 1189 4196 bec
1209 4135 1320 4197 dietum

180 4204 211 4264 in
232 4205 311 4266 aliud
329 4220 444 4292 tempus
465 4212 604 4273 reiicere:
624 4211 718 4274 facilis
737 4213 836 4276 tamen
855 4211 964 4274 solutio
979 4224 1033 4287 est,
1055 4212 1136 4348 quod
1148 4211 1208 4272 iilic
1220 4211 1321 4292 piures
1397 4279 1398 4290 ,

180 4284 340 4346 sententias
361 4307 423 4347 uon
445 4288 582 4348 distincti
601 4300 769 4370 temporum
788 4290 866 4351 serie
885 4289 1031 4374 congerit.
1087 4309 1229 4368 equemur
1245 4309 1319 4369 ergo

179 4357 324 4424 ttsmrsi
334 4371 515 4442 contextum,
530 4365 580 4448 qui
590 4365 697 4430 clarius
709 4365 854 4448 exprimit,
872 4367 953 4429 uode
964 4365 1152 4430 occasionem
1164 4365 1321 4450 sumpserit
