2814 4846
66 1551 77 1579 s
164 1535 308 1620 quemad
328 1537 466 1616 cuiusque
486 1547 604 1616 captura
624 1555 680 1620 pru

119 3029 128 3066 Ι

160 210 200 304 ‘dl
288 214 292 239 ¹
377 233 494 300 snct’.
513 233 598 296 XIII.
637 246 809 295 senatorias
828 243 872 291 iti·
885 217 1103 320 xiaaiiitttion'ae.

236 392 285 454 fit·
321 387 510 448 Intellectum
537 385 608 448 haec
631 387 749 447 omnio?
787 383 964 445 Tenendum
993 383 1136 444 memoria
1166 389 1212 445 est
1243 385 1328 466 quod

60 487 63 492 ·
161 464 243 600 prius
258 464 401 538 uidimus,
432 463 587 545 parabolas
607 485 709 524 omnes
733 461 881 541 discipulis
902 461 1035 541 privatim
1060 459 1149 522 fuisse
1170 461 1329 542 expositas.

191 561 249 601 une
276 562 349 603 vero
370 542 530 616 Dominus,
565 553 720 620 postquam
744 537 811 598 ill'os
836 550 895 598 tani
922 537 1104 597 familiariter
1129 558 1164 598 ac
1192 537 1266 598 beni
1292 560 1329 599 ne

161 616 298 694 instituit,
316 618 401 678 simul
421 618 570 693 admonet,
589 637 620 676 se
639 637 702 675 non
720 627 834 674 tantum
853 635 965 696 operae
985 612 1116 695 posuisse
1136 614 1168 674 in
1188 613 1248 674 illis
1268 557 1290 676 d
1311 653 1326 664 -

147 694 279 768 cerdis,
307 705 341 753 ut
359 694 415 755 sibi
435 707 548 754 tantum
567 693 699 773 sapiant,
727 693 778 752 sed
798 704 831 752 ut
846 689 1021 772 impertiant
1040 691 1118 764 aliis,
1133 691 1225 770 ,quod
1247 693 1326 773 apud
1401 761 1402 764 Ἴ

161 768 242 860 ipsos
262 770 428 850 depositum
449 781 501 830 est.
539 772 579 831 ht
602 790 638 829 ue
657 769 715 829 hoc
734 769 824 828 modo
844 769 882 858 ad
901 767 1032 858 discendi
1046 769 1181 858 'studium'
1196 787 1249 858 eos
1266 789 1329 828 ma·
1349 775 1353 786 “

162 847 364 982 percutiar
388 847 535 911 sollicitat.
604 857 722 937 octorcs
747 864 820 928 ergo
840 844 953 936 ‘similes
978 843 1237 934 patribusfamilias
1265 865 1329 906 esse

185 934 251 996 icit,
270 944 320 1002 qni
339 943 401 982 non
423 924 458 984 de
478 945 531 982 sno
552 934 664 982 tantuin
684 933 763 982 victu
781 919 900 982 solliciti
919 931 1002 995 sunt,
1022 920 1074 981 sed
1093 933 1256 1000 repositam
1276 923 1328 982 ha-

41 991 43 998 ’
162 995 236 1058 berit
255 1018 404 1058 annonam
423 1000 453 1058 in
473 999 597 1058 aliorum
617 998 767 1059 alimenta:
799 997 905 1057 deinde
925 1017 987 1056 non
1007 998 1038 1056 iii
1057 997 1135 1057 diem
1156 1018 1260 1058 secure
1279 999 1325 1059 vi-
1401 1023 1402 1032 ¹

161 1085 251 1148 vunt,
280 1076 331 1138 sed
351 1074 442 1156 longe
462 1077 492 1136 in
513 1077 640 1135 sutrinam
661 1088 775 1168 tempus
801 1072 968 1154 provident.
1008 1074 1119 1148 Sensus
1144 1086 1243 1134 autem
1270 1087 1329 1135 est:

161 1148 312 1212 Ecclesiae
332 1152 470 1212 doctores
487 1151 579 1232 longa
600 1153 793 1212 meditatione
813 1150 923 1211 debere
943 1169 1006 1210 esse
1027 1151 1195 1224 instructos,
1215 1161 1250 1210 ut
1267 1153 1329 1210 Ec-

163 1226 270 1287 clesiae
289 1227 480 1310 multiplicem
502 1244 536 1288 es
554 1229 614 1290 Dei
632 1229 725 1292 verbo
744 1227 924 1302 doctrinam,
943 1226 1029 1287 sicuti
1051 1249 1117 1287 usus
1136 1227 1223 1300 leret,
1244 1229 1331 1306 qnasi

163 1321 198 1362 ex
220 1306 425 1384 promptuario
450 1299 643 1384 ministrent'
665 1305 757 1380 Quod
781 1303 864 1363 multi
890 1325 924 1362 ex
949 1303 1098 1364 veteribus
1125 1318 1177 1383 per
1200 1323 1279 1363 nono
1303 1319 1332 1364 et

162 1393 258 1440 nmmo
275 1381 387 1463 Legem
407 1393 438 1441 et
457 1382 653 1464 Evangelium
673 1381 853 1464 intelligunt,
873 1379 945 1439 mihi
963 1380 1080 1441 videtur
1100 1389 1236 1440 coactum
1256 1401 1331 1441 esse.
1401 1405 1402 1408 ¹

163 1457 232 1537 Ego
251 1457 342 1541 igitur
360 1459 518 1538 simplicius
545 1459 659 1540 accipio
708 1478 741 1518 ro
767 1457 847 1518 varia
874 1468 905 1516 et
922 1457 1078 1537 multiplici
1099 1456 1332 1536 dispensatione,
1401 1503 1402 1512 ,

682 1477 787 1599 denter
806 1543 934 1616 apteque
954 1533 1189 1598 accommodant
1401 1539 1402 1548 ’

421 1983 660 2094 SECTIO
701 1979 814 2074 xsst
871 2003 1080 2110 (iae-no.)

349 2159 1156 2258 senii'onasarriiainoniia.

185 2335 190 2364 l

248 2393 355 2478 (112.)
382 2397 483 2468 LUC.
504 2397 576 2466 vit.
630 2397 682 2464 36.
706 2395 855 2484 Rogabat
883 2405 989 2464 autem
1017 2395 1107 2463 illuni
1136 2397 1268 2484 qnidam
1290 2419 1331 2466 eii

163 2497 363 2582 Pharisaeis,
392 2517 428 2570 ut
454 2513 586 2592 caperet
614 2500 720 2568 cibum
748 2523 819 2568 cnm
841 2503 930 2586 ipsos
964 2510 995 2565 et
1017 2501 1179 2584 ingressus
1200 2503 1330 2570 domuin

162 2603 328 2672 Pharisaei
349 2605 510 2674 accubuit.
550 2607 601 2671 37.
621 2607 666 2671 Et
686 2625 763 2670 ecoe
785 2603 902 2670 mulier
922 2605 956 2668 in
978 2605 1127 2681 civitate,
1154 2629 1240 2691 quae
1260 2620 1331 2694 erat

40 2783 46 2795 ¹
161 2714 335 2796 peccatrix,
368 2721 404 2776 ut
423 2709 593 2796 cognovit,
627 2707 718 2796 quod
745 2705 948 2774 accubuisset
975 2709 1009 2772 in
1036 2705 1133 2772 domo
1155 2705 1331 2796 Pharisaei,

35 2796 40 2805 ’
164 2813 270 2879 attulit
295 2811 487 2878 alabastrum
515 2812 686 2895 unguenti:
728 2811 779 2876 38.
813 2811 974 2897 Stansque
1002 2808 1044 2876 ad
1074 2808 1177 2895 pedes
1211 2816 1282 2892 eius
1312 2839 1331 2882 a

162 2923 270 3000 tergo,
302 2916 385 2982 llans
406 2913 557 2998 lacrymis
578 2914 688 2996 coepit
708 2913 813 2994 rigare
838 2913 942 3000 pedes
963 2913 1048 2989 eius,
1078 2924 1111 2977 et
1132 2915 1258 3002 capillis
1280 2941 1333 2985 ca·

160 3019 237 3104 pitis
257 3022 307 3086 sui
330 3013 581 3106 extergebat‚et
602 3013 854 3081 deosculabatur
873 3015 976 3102 pedes
998 3019 1082 3094 eius,
1110 3029 1143 3082 et
1163 3035 1331 3108 unguento

160 3119 314 3207 tingebat.
355 3122 406 3188 39.
437 3117 564 3186 Videas
592 3129 696 3216 putent
718 3118 924 3198 Pharisaeus,
965 3122 1022 3206 qui
1046 3137 1221 3190 vocaverat
1248 3146 1333 3206 eum,

163 3226 210 3290 ait
230 3229 313 3290 intra
333 3244 369 3290 se
391 3215 517 3300 dicens,
544 3221 607 3286 Hic
628 3223 655 3286 si
678 3231 761 3286 esset
780 3221 958 3310 Propheta,
979 3225 1076 3289 sciret
1096 3228 1224 3312 ntique,
1246 3249 1332 3316 quae

163 3335 198 3391 et
218 3325 324 3413 qualis
345 3338 394 3394 est
413 3325 547 3403 mulier,
581 3345 666 3413 quae
693 3325 794 3412 tangit
820 3329 938 3414 ipsum,
972 3326 1062 3412 quod
1090 3333 1252 3416 peccatrix
1282 3337 1333 3401 sit.

143 3429 214 3514 ¹40.
235 3430 279 3495 Et
299 3428 503 3518 respondens
523 3429 612 3496 lesus
639 3428 718 3494 dixit
746 3427 787 3495 ad
810 3427 917 3508 illum,
942 3428 1072 3510 Simon,
1102 3430 1211 3500 haheo
1237 3435 1332 3522 qnid-

163 3531 251 3614 dam,
277 3533 366 3621 quod
389 3531 450 3600 tibi
478 3525 591 3600 dicam.
634 3535 677 3598 ht
702 3529 759 3596 ille
788 3533 845 3612 ait,
874 3533 1043 3618 Magister,
1070 3533 1132 3603 dic
1174 3537 1225 3604 41.
1251 3537 1331 3602 Duo

133 3635 330 3709 debitores
369 3647 462 3704 erant
496 3635 622 3702 cuidam
655 3633 825 3700 creditori:
866 3655 950 3700 unua
993 3635 1137 3702 debebat
1179 3639 1333 3707 denarios

162 3746 371 3830 quingentos,
399 3751 432 3807 et
459 3739 542 3806 alter
568 3741 810 3827 quinquaginta.
851 3738 903 3802 42
931 3739 1041 3825 Quum
1063 3751 1169 3826 autem
1191 3741 1239 3808 illi
1261 3765 1333 3809 non
1401 3755 1402 3816 ἶ

60 3857 64 3860 ’
163 3856 271 3940 essent
291 3837 470 3924 solvendo,
490 3842 688 3910 condonavit
709 3842 863 3926 utn'sque.
896 3841 1020 3908 Horum
1041 3846 1152 3930 igitur,
1173 3845 1238 3926 dic,
1258 3857 1334 3912 nter
1401 3911 1402 3924 ,

163 3969 236 4014 euin
257 3946 394 4034 amplius
415 3943 547 4030 diliget?
589 3947 640 4012 43.
661 3943 876 4030 Respondeas
904 3944 1017 4016 Simon
1044 3949 1141 4026 dixit,
1167 3949 1333 4027 Existimo.
1401 3949 1402 4014 1

161 4049 252 4137 quod
273 4054 333 4131 iss
348 4035 401 4114 cui
426 4046 500 4134 plus
526 4049 730 4116 condonavit
772 4048 817 4113 At
839 4046 898 4112 ille
928 4047 1008 4118 dixit
1035 4055 1082 4131 ei,
1114 4054 1218 4118 Recte
1249 4053 1333 4122 indi-

162 4139 262 4220 casti.¹
295 4152 351 4220 tto
379 4151 421 4216 Et
449 4171 626 4220 conversus
659 4152 700 4219 ad
731 4149 902 4218 mulierem'
936 4153 1013 4221 dixit
1045 4155 1185 4238 Simoni,
1227 4157 1332 4232 Vides
1401 4151 1402 4162 ’

162 4253 247 4319 hano
267 4253 454 4322 mulierem?
480 4258 598 4322 intravi
616 4258 650 4321 iii
672 4256 802 4326 domum
823 4251 924 4339 tilam,
952 4280 1067 4347 aquam
1080 4258 1230 4346 pedibus
1251 4262 1333 4335 ineis
1401 4237 1402 4332 l

161 4373 230 4424 non
251 4353 384 4425 dedisti:
415 4357 496 4424 haec
522 4369 627 4428 autern
653 4357 806 4452 lacrymis
831 4364 943 4449 rigavit
964 4361 1068 4457 pedes
1088 4385 1196 4441 meos,
1225 4375 1258 4430 et
1279 4385 1333 4430 ca·
