2766 4834
32 123 141 178 ·l

90 223 92 226 ¹
192 267 233 329 ot
346 253 500 320 SECTIO
521 253 575 321 tt.
614 254 692 317 lrsn
712 265 897 322 eenrmuos
918 259 961 314 tr
982 238 1163 328 terrimo.

187 87 193 100 ἱ
218 49 230 78 Ι

194 421 304 474 emtam
327 419 360 472 et
382 405 560 476 horrendam
587 405 793 478 contusionem
816 406 936 470 redacta
960 409 1054 466 er'ant
1081 365 1165 466 -Shd
1193 405 1356 484 oportuit

194 505 307 550 crassos
338 484 472 548 homines
502 493 533 542 et
561 483 694 566 stupidos
725 493 845 575 aspectu
865 481 930 563 ipso
957 478 1065 542 deserti
1087 479 1212 545 visibilis
1239 483 1355 564 magis

195 563 296 638 efficii,
315 581 376 644 quo
397 559 507 622 avidius
527 557 659 630 oblatum
677 558 734 619 sibi
754 581 785 620 rn
805 572 903 622 morte
922 559 1021 620 euntis
1042 557 1273 638 promissionem
1289 580 1353 618 ex-

195 641 338 721 ciperent.
411 657 467 697 unc
492 633 642 711 ridemus,
672 655 758 715 quam
784 655 854 696 vere
879 635 911 695 in
935 636 1078 696 Ioannem
1103 645 1258 714 competat
1280 635 1355 696 hoc

194 717 381 788 vaticinium,
411 713 442 772 el
465 713 699 793 quamproprie
725 711 767 772 illi
781 712 918 792 aptetur.
940 711 1071 788 «Parme
1096 716 1172 772 mom
1196 709 1349 776 Domini.

194 794 267 856 Nou
284 790 405 854 dubium
425 800 479 864 est,
499 788 571 868 quin
584 787 695 870 Cyrum
716 800 746 847 et
760 789 864 850 Persas
884 787 1051 867 alloquatur
1070 785 1233 879 Propheta,
1256 810 1349 866 quo-

194 891 260 931 rum
280 861 457 947 opera'bsus
479 864 630 928 estDeus:
650 887 683 926 ac
702 885 802 928 sensus
822 876 875 940 est,
894 863 1057 927 Dominum
1073 863 1200 924 minfica
1219 863 1348 925 virtute

197 946 352 1017 facturum,
372 954 405 1002 ut
422 941 478 1003 ria¹
511 939 602 1022 opolo
622 963 675 1004 suo
691 961 750 1021 per
769 941 865 1002 invios
885 941 985 1015 saltus,
1003 962 1057 1021 per
1076 939 1215 1000 abscissas
1233 962 1348 1020 rupes,

196 1033 228 1082 et
246 1041 300 1100 pet·
319 1018 429 1080 aridam
448 961 637 1078 solitudinem
658 1030 774 1100 pateat,
795 1019 863 1108 qnia
883 1019 919 1078 ad
939 1039 1056 1076 manum
1077 1016 1200 1077 babebit
1219 1019 1346 1154 {retiae

197 1117 267 1158 snae
290 1096 455 1170 ministros,
505 1094 535 1152 ui
562 1095 712 1156 obstacula
739 1115 838 1156 omnia
863 1115 880 1156 e
904 1095 1003 1154 medio
1023 1093 1140 1156 tollant.
1178 1093 1219 1152 Se
1262 1094 1347 1154 illud

194 1171 353 1233 umbratile
371 1170 428 1230 suit
447 1115 657 1252 reiemptionis
677 1171 869 1252 praeludium.
899 1171 960 1232 Ubi
980 1169 1128 1244 autem'in
1148 1167 1245 1230 lucem
1257 1192 1343 1250 pro-

122 1248 142 1268 '
196 1249 241 1311 dit
258 1248 416 1329 spiritualis
434 1246 551 1320 veritas,
569 1248 696 1308 mittitur
719 1247 926 1327 Ioannes,·qui
947 1247 1008 1308 eius
1029 1245 1239 1338 iupedimenta
1253 1269 1343 1308 sum-

195 1337 323 1386 moveat.
366 1326 408 1384 Et
431 1323 564 1403 quotidie
585 1323 703 1386 auribus
722 1324 830 1385 nostris
851 1325 953 1385 eadem
972 1345 1028 1385 vox
1047 1334 1182 1398 rusonat,
1213 1335 1248 1381 ut
1267 1321 1344 1384 Do-

195 1401 278 1462 mino
299 1421 433 1482 paremus
453 1400 546 1476 viam,
575 1401 633 1462 boc
653 1415 713 1478 est,
726 1447 729 1464 .
743 1399 864 1461 sublatis
883 1401 977 1474 vitiis,
1008 1420 1083 1480 quae
1101 1418 1197 1482 reguo
1221 1397 1342 1459 Christi

195 1478 272 1538 viam
299 1477 507 1557 praecludunt,
537 1497 683 1538 accessum
703 1479 806 1540 demur
825 1478 886 1539 eius
906 1476 1025 1559 gratiae.
1063 1475 1179 1536 Eodem
1198 1477 1341 1565 pertinet

136 1579 140 1586 ·
196 1556 278 1646 qupd
296 1554 430 1633 sequitur
448 1551 526 1633 apud
544 1553 730 1634 prophetam,
751 1553 848 1614 Erunt
861 1577 958 1630 prm
975 1556 1008 1612 ἐκ
1025 1550 1143 1614 directa.
1176 1550 1339 1634 Significat
1375 1627 1376 1638 ἵ

161 3157 168 3167 ’
195 3169 369 3220 contentum
386 3155 482 3217 nullas
501 3157 621 3221 delicias
640 3171 779 3240 captasse,
797 3160 848 3220 sed
867 3160 899 3218 in
918 3161 1039 3240 sordido
1060 3173 1090 3220 et
1110 3171 1228 3220 contem

197 1653 276 1693 euun
294 1642 425 1704 tantum,
451 1628 579 1690 salebras
600 1643 630 1690 et
647 1642 798 1692 tortuosos
818 1631 966 1692 anfractus
986 1651 1048 1690 esse
1068 1630 1099 1688 in
1119 1630 1247 1704 mundo,
1281 1632 1339 1691 sed

196 1729 252 1788 per
269 1719 330 1766 tam
348 1706 453 1766 arduas
472 1705 660 1768 difficultates
669 1707 831 1768 Dominum
850 1707 907 1768 sibi
926 1707 1003 1768 viam
1017 1706 1131 1781 ,lacere
1151 1714 1184 1768 ut
1195 1704 1233 1766 ad
1245 1727 1337 1787 pera-

199 1783 326 1867 gendam
346 1781 469 1842 salutem
489 1793 619 1844 nostram
638 1783 805 1844 incredibili
824 1785 914 1844 modo
935 1793 1081 1864 penetret

272 1859 345 1918 Luc.
363 1864 392 1922 6.
433 1857 470 1918 V
466 1856 553 1918 ridebit
574 1863 667 1921 omnis
683 1875 763 1922 curo.
801 1860 912 1924 Sensus
931 1872 989 1934 est,
1021 1857 1151 1920 Salutem
1170 1858 1256 1919 istam
1276 1859 1338 1920 mi-

147 2001 157 2006 „
197 1936 278 1998 nime
303 1934 458 1996 obscuram
483 1935 564 2008 fore,
594 1937 643 1996 vel
666 1936 880 2018 gustandama
922 1937 999 1996 aucis
1019 1929 1132 2004 tautum
1153 1935 1337 2011 bominibus,

155 2049 163 2083 ,ι
196 2013 249 2074 sed
265 2011 460 2102 3¹¹t⁸lf⁰¹¹t9²
480 2011 616 2076 omnihus
636 2033 831 2078 communem.
905 2014 963 2072 nde
983 2013 1131 2092 sequitur,
1159 2013 1335 2102 vaticinium

164 2099 169 2106 “
196 2089 255 2150 boc
278 2106 398 2146 mrnnne
421 2107 453 2147 ru
478 2089 582 2178 populi
604 2090 703 2150 reditu
731 2090 819 2150 luisse
845 2088 1033 2169 completum.
1077 2091 1151 2152 Nam
1179 2101 1233 2149 etsr
1259 2095 1334 2152 tbnc

198 2163 392 2226 memorabile
418 2176 529 2244 gratrae
549 2187 618 2226 suae
637 2169 846 2228 documerltum
867 2165 1003 2246 praebuit
1020 2165 1119 2240 Deus,
1150 2177 1333 2228 nontamen

159 2267 164 2280 κ
195 2243 253 2304 toti
271 2240 382 2300 mundo
402 2239 543 2321 patel'ecit
560 2243 683 2306 salutem
702 2265 793 2303 suant.
825 2243 890 2304 Iruo
902 2242 1070 2322 Prophetae
1090 2241 1244 2302 consilium
1263 2243 1332 2318 suit,

196 2338 291 2378 raram
315 2317 413 2376 salutis
439 2333 513 2396 quae
538 2319 750 2379 manifestanda
778 2331 841 2379 erat
865 2320 1072 2398 praestantiam
1097 2317 1252 2398 prioribus„
1271 2321 1332 2397 Dei

195 2393 348 2455 hedeficiis
372 2413 545 2474 opponere,
576 2408 610 2458 ut
631 2397 742 2456 scireut
767 2395 884 2468 fideles,
918 2410 1069 2484 nunquam
1092 2405 1152 2453 tam
1180 2397 1331 2474 praeclare

194 2483 291 2532 aetum
310 2471 398 2532 luisse
419 2491 484 2530 cum
503 2472 647 2545 Ecclesia,
666 2493 722 2534 nec
741 2485 801 2534 tam
820 2471 975 2554 magnifice
995 2471 1120 2530 illuxisse
1139 2469 1198 2532 Dei
1219 2486 1329 2552 poten-

195 2549 267 2608 tiam
287 2545 318 2608 in
339 2547 498 2608 liberandis
517 2550 584 2610 suis.
631 2551 709 2612 Gneo
730 2551 785 2609 hoc
806 2548 875 2611 loco
894 2548 1030 2610 homines
1049 2549 1112 2608 sine
1132 2547 1194 2608 vitii
1213 2569 1330 2613 conno-

6 2615 7 2642 l
193 2625 307 2686 tatiorm
327 2623 482 2705 siguificat

270 2701 374 2764 Mattb.
399 2707 427 2766 4.
475 2698 602 2760 Ioannes
631 2695 753 2762 habehat
785 2703 984 2762 vestimentem.
1038 2701 1106 2761 Hoc
1140 2701 1328 2784 Evangelista

6 2763 7 2776 ἵ
84 2767 88 2780 ’
194 2797 258 2839 non
288 2787 425 2838 numerat
448 2775 527 2836 iuter
552 2777 722 2857 praecipuas
744 2779 883 2851 virtutes,
922 2779 1002 2858 quod
1028 2777 1094 2837 rudi
1120 2788 1151 2838 et
1174 2779 1328 2840 austeriori

193 2855 313 2916 vivendi
331 2853 445 2913 formae
465 2852 611 2927 addictus,
637 2855 723 2916 etiam
743 2855 922 2919 mediocrem
943 2855 1136 2933 usitatamqne
1156 2853 1327 2916 munditiem

194 2931 226 2992 iu
250 2931 321 3008 erit,
350 2928 401 2988 sed
423 2927 490 3006 quia
510 2929 589 3008 prius
609 2929 734 3007 dixerat,
758 2942 930 2990 montanum
951 2931 1039 2992 luisse
1061 2931 1224 3005 homiuem,
1249 2953 1326 2992 nunc

194 2952 330 3079 subiicit,
359 3004 467 3064 victum
488 3015 520 3066 et
536 3005 673 3066 vestitum
692 3006 867 3068 habitationi
886 3018 1117 3069 consentaneum
1138 3007 1234 3068 fuisse.
1270 3009 1325 3068 hr-

194 3103 253 3164 que
274 3081 330 3142 boc
350 3080 465 3154 recitat,
483 3101 545 3143 non
563 3094 677 3144 tantum
696 3095 730 3144 ut
747 3085 887 3156 sciamus,
904 3083 1053 3149 rusticano
1073 3085 1151 3144 victu
1172 3095 1202 3144 et
1220 3085 1324 3220 t'estptpr

1250 3161 1323 3220 trii

195 3235 298 3296 babitu
323 3233 410 3294 luisse
433 3235 533 3316 magui
556 3237 646 3315 pretii
672 3238 757 3296 etiam
779 3235 857 3296 inter
877 3237 1011 3297 homiues
1031 3231 1125 3296 lautos
1147 3248 1177 3296 et
1195 3181 1323 3316 splendi-
1375 3223 1376 3232 ἵ

196 3313 259 3373 dos.
315 3309 412 3370 Porro
442 3322 475 3370 ut
503 3333 536 3370 su
558 3313 672 3373 erstitio
702 3311 865 3393 perlectam
891 3311 954 3372 lere
979 3313 1117 3373 iustitiam
1142 3313 1173 3373 in
1200 3313 1321 3372 externis

195 3388 282 3458 larvis
301 3388 471 3462 constituit,
494 3332 583 3470 vullgn
604 3401 761 3469 putarunt,
785 3387 931 3449 cumulum
950 3389 1110 3452 sanctitatis
1131 3389 1217 3452 soisse
1236 3389 1321 3449 talem
1375 3411 1376 3420 ¹

63 3501 67 3522 .
162 3484 166 3490 ·
195 3463 419 3526 continentiam.
456 3465 535 3526 Huic
555 3466 649 3524 errori
669 3466 757 3526 affine
777 3465 833 3526 luit
851 3465 976 3526 alterum
994 3467 1111 3540 vitium,
1132 3467 1211 3554 qupd
1228 3466 1318 3556 huxe-

195 3555 282 3616 runt,
312 3542 461 3603 bominem
485 3542 515 3601 in
540 3541 600 3601 vita
624 3541 754 3606 solitaria
780 3541 966 3602 abhorruisse
992 3563 1007 3604 a
1033 3561 1182 3612 commum
1208 3543 1319 3602 vivendi

104 3680 105 3689 ,
195 3639 295 3692 more,
324 3619 568 3698 quemadmodum
590 3613 729 3680 eremitae
749 3629 779 3678 et
797 3619 935 3678 monachi
954 3618 1012 3682 boc
1031 3639 1091 3678 nno
1113 3617 1269 3692 excellunt,
1296 3620 1319 3678 si
1365 3626 1367 3631 ’

197 3695 338 3756 differant
362 3715 378 3754 a
404 3694 533 3774 reliquis.
571 3693 704 3754 Tandem
726 3695 847 3756 accessit
865 3695 949 3755 nimis
969 3716 1062 3756 crassa
1083 3693 1213 3766 inscitia,
1243 3697 1319 3774 qood

197 3793 231 3832 er
254 3772 322 3852 pilis
349 3771 484 3832 lecerunt
508 3770 652 3850 integram
662 3769 789 3852 ¹pellem.
827 3771 919 3850 Atqui
939 3792 1001 3833 non
1022 3771 1141 3843 dubium
1162 3783 1222 3845 est,
1251 3773 1318 3850 quin

195 3849 244 3908 hic
266 3859 440 3908 montanum
464 3845 615 3906 bominem
639 3847 786 3908 describat
809 3847 1013 3930 Evangelista,
1044 3846 1080 3907 ab
1108 3847 1189 3906 omni
1209 3845 1317 3915 urbano

195 3925 294 3986 nitore
320 3936 351 3984 et
372 3921 493 3984 lautitiis
518 3934 681 4015 remotum²
712 3945 767 3984 nec
789 3925 881 3999 modo
900 3925 979 3985 victu
998 3923 1122 4005 parabili
1142 3933 1317 3999 contentum,

193 4003 247 4065 sed
275 3997 446 4064 vescentem
471 3999 566 4060 solum
591 4001 693 4064 nativis
717 3999 804 4074 cibis,
834 4011 868 4060 ut
889 3999 979 4062 melle
1005 4001 1127 4083 agresti',
1158 3999 1237 4060 cuins
1260 4001 1316 4060 illic

195 4078 325 4169 suppetit
340 4077 414 4139 satis
439 4076 518 4136 bona
539 4076 641 4155 copia,
669 4089 699 4137 et
718 4077 854 4152 locustis,
885 4098 1007 4156 quarum
1028 4076 1115 4137 etiam
1135 4075 1238 4138 fertilis
1258 4089 1316 4138 erat
1347 4135 1352 4152 ,

195 4175 294 4234 regno:
313 4151 360 4212 vel
380 4154 447 4232 quia
465 4152 536 4214 utile
556 4153 622 4227 luit,
641 4155 790 4216 bominem
810 4153 1062 4237 contemptibilem
1083 4165 1113 4214 et
1132 4151 1313 4214 nullonitore

195 4229 356 4310 gratiosum
375 4229 495 4308 prodire
515 4230 546 4289 in
565 4231 722 4304 theatrum,
741 4243 775 4290 ut
791 4229 854 4290 sola
874 4229 904 4288 in
925 4251 961 4292 eo
973 4229 1166 4312 fulgeretDei
1178 4229 1312 4304 maiestas,

195 4323 270 4382 quae
290 4313 387 4364 tamen
408 4304 438 4364 iu
457 4306 502 4364 sui
522 4305 749 4383 admirationem,
765 4325 868 4366 omnes
887 4318 1015 4385 raperet
1052 4306 1221 4369 Notandum
1241 4307 1311 4366 enim

194 4390 239 4440 cst
259 4381 337 4457 quod
355 4381 481 4456 additur,
498 4401 636 4462 maguum
657 4385 785 4464 undique
805 4381 909 4462 populi
927 4401 1102 4446 concursum
1122 4402 1184 4446 esse
1197 4383 1305 4444 sactum.
