2756 4838
477 42 484 74 l

138 210 141 221 “
247 229 436 307 <ana-ma
473 231 559 292 narn
579 231 802 295 erasmus-am
822 234 1068 316 repsonsum
1152 243 1211 308 aas

65 377 234 460 spiritualem
252 399 285 442 se
303 382 439 442 nominet
456 382 496 463 (l.
518 384 590 446 Cor.
610 393 639 460 1,
659 393 705 452 15.
744 385 820 448 Phil.
839 393 869 460 2,
888 387 962 466 22),
979 387 1138 450 videndum
1158 403 1212 464 est,

65 456 205 535 quomodo
232 457 261 517 id
288 457 446 518 conveniat
466 482 531 521 cum
553 459 662 522 Christi
682 462 788 544 verbis.
828 463 923 522 Verus
945 484 1017 555 ergo
1037 485 1137 548 sepsos
1159 476 1213 542 est,
1328 489 1336 516 s

63 545 207 668 paternum
227 532 371 594 honorem
393 535 465 598 lalso
485 537 576 598 tribui
594 539 779 612 bominibus,
795 539 822 599 si
841 540 900 600 Dei
920 539 1044 619 gloriam
1066 540 1212 601 obscurat.

79 609 95 668 d
112 609 269 683 autemlit,
291 611 407 690 quotics
426 615 556 674 mortalis
578 615 667 674 horno
687 627 817 675 seorsum
838 637 854 676 a
873 617 941 675 Deo
963 628 1099 678 censetur
1117 629 1214 696 pater,

63 707 144 820 guum
168 685 204 746 ab
230 708 291 746 uno
311 689 379 748 Deo
406 709 459 768 per
479 689 628 752 Christum
649 692 798 770 pendeant
818 713 919 752 omrres
939 692 1125 774 cognationis
1144 714 1214 784 gra-

82 785 125 833 us,
148 783 181 822 ac
205 763 247 823 sic
266 759 394 824 intir'se
415 768 607 842 cohaereant,
633 780 667 828 ut
684 768 767 828 Deus
786 770 908 849 proprie
928 769 1005 829 solos
1025 771 1062 830 sit
1081 791 1215 830 omnium

62 849 147 916 pater.
184 841 259 900 Ideo
283 843 414 902 secundo
438 846 583 924 repetitur
608 845 745 924 superior
762 846 909 905 sententia
930 847 967 906 de
988 845 1098 906 Christi
1118 847 1213 928 magi-

62 916 159 984 sterio,
179 929 212 974 ut
230 917 352 977 sciamus
373 917 449 980 hunc
471 941 532 981 esse
552 921 716 999 legitimum
737 923 882 996 ordinem,
901 922 925 980 si
946 921 1082 982 omuibus
1102 923 1214 1002 praesit

61 993 229 1066 unusDeus,
247 999 432 1074 paternoque
453 997 515 1056 iure
536 1010 566 1057 et
585 999 623 1056 inr
648 998 711 1058 erio
731 998 871 1077 potiatur,
893 997 1026 1058 Christus
1046 1010 1143 1058 autem
1157 1001 1214 1060 do·

63 1068 169 1158 etripae.
184 1073 253 1130 snae
274 1091 375 1130 omnes
395 1072 547 1149 subiiciat,
573 1085 601 1134 et
623 1019 729 1134 habeat
749 1073 915 1154 discipulos.
956 1075 1214 1149 Quemadmodum

61 1143 125 1202 ahhr
146 1143 267 1220 dicitur,
298 1145 446 1208 Christum
467 1170 528 1210 esse
549 1151 666 1210 unicum
687 1150 777 1210 t'otius
798 1151 946 1212 Ecclesiae
968 1151 1165 1230 caputdpr.
1186 1160 1215 1226 1,

60 1225 126 1298 Ph),
146 1223 213 1301 quia
233 1221 345 1284 scilicet
363 1237 459 1286 totum
480 1247 585 1306 corpus
607 1227 634 1288 ei
654 1225 773 1287 subesse
794 1237 824 1285 at
844 1241 948 1306 parere
968 1228 1136 1287 conveniat.
1240 1237 1244 1270 t

55 1329 61 1342 ¹
128 1306 173 1363 11.
268 1304 644 1382 'monimtoeestuestrurm
685 1303 748 1362 Hac
775 1303 901 1362 clausula
928 1303 1071 1378 ostendit,
1100 1323 1130 1362 se
1151 1323 1216 1362 non

60 1373 211 1452 sophistice
244 1377 361 1458 itigasse
382 1379 418 1438 de
438 1380 571 1453 vocibus,
591 1381 641 1439 sed
663 1400 725 1438 rem
746 1380 842 1458 potius
862 1392 1018 1459 spectasse,
1039 1399 1076 1438 ne
1089 1381 1215 1458 quisor-

60 1449 129 1512 dinis
148 1453 191 1512 sui
212 1453 322 1514 oblitus
342 1456 406 1533 plus
427 1477 513 1534 quam
534 1477 587 1535 par
607 1466 652 1516 est
669 1456 724 1516 sibi
746 1467 874 1535 usurpet
914 1455 1092 1516 Pronuntiat
1113 1455 1216 1537 igitur,

59 1547 190 1588 summam
209 1529 240 1588 in
253 1529 385 1590 Ecclesia
406 1532 579 1614 dignitatem
600 1553 663 1592 esse
683 1551 745 1590 non
765 1532 931 1612 imperium,
950 1532 1001 1591 sed
1013 1531 1215 1591 ministerium.
1287 1547 1292 1558 '

19 1655 20 1660 ,
61 1603 194 1686 Quisquis
220 1607 251 1664 in
276 1607 330 1666 hac
356 1629 491 1668 mensura
517 1629 547 1668 se
568 1609 718 1681 continet,
748 1629 803 1666 nec
823 1610 891 1668 Deo
911 1629 967 1668 nec
988 1606 1109 1669 Christo
1131 1607 1215 1687 quic-

60 1701 141 1758 quam
161 1683 267 1762 eripit,
286 1703 463 1764 quocunque
485 1697 607 1744 ornetur
626 1683 723 1744 titulo.
762 1685 858 1744 Sicuti
879 1705 993 1744 rursum
1014 1685 1119 1744 frustra
1138 1684 1216 1744 servi

60 1755 154 1838 elogio
175 1759 292 1819 fucatur
311 1773 452 1839 potestas,
472 1783 545 1840 quae
558 1755 668 1820 Christi
689 1761 858 1842 magisterio
873 1760 1008 1842 derogat.
1042 1760 1124 1834 Quid
1137 1761 1216 1820 enim

59 1837 191 1912 prodest,
216 1838 298 1916 quod
316 1838 397 1918 Papa
423 1838 583 1918 tyrannicis
609 1835 730 1919 legibus·
745 1857 935 1917 oppressurus
956 1837 1075 1898 miseras
1095 1836 1217 1910 animas,

58 1931 87 1969 se
104 1933 219 1972 servum
239 1933 389 1974 servorum
408 1913 468 1974 Dei
488 1915 653 1994 praelator,
683 1913 738 1972 nisi
763 1927 795 1974 ut
821 1913 916 1992 palam
936 1914 1055 1980 insultet
1071 1913 1159 1998 ¹Deo,
1176 1921 1216 1971 'et

58 1987 220 2048 hominibus
239 1989 385 2070 probrose
404 1991 526 2052 illudat?
547 1991 705 2051 Caeterum
725 2001 758 2050 ut
777 1991 898 2050 vocibus
918 2011 981 2051 non
1001 1988 1108 2050 insistit
1124 1989 1216 2050 Chri-

58 2075 128 2138 stus,
155 2066 195 2126 ita
221 2067 351 2146 praecise
371 2069 428 2128 hoc
448 2069 506 2128 suis
526 2068 660 2140 mandat,
686 2087 724 2125 ne
744 2065 829 2126 altius
849 2068 984 2145 aspirent
1001 2066 1049 2126 vel
1069 2063 1225 2126 coruscen·'

59 2141 124 2202 dere
145 2153 297 2232 appetant,
319 2163 405 2222 quam
426 2155 458 2201 ut
476 2144 530 2204 sub
551 2144 638 2202 Patre
659 2142 781 2202 coelesti
801 2143 964 2220 aequaliter¹
983 2141 1140 2200 fraternam
1161 2161 1215 2200 co-

58 2215 117 2277 lant
135 2229 318 2293 socretatem,
339 2231 370 2280 ct
389 2220 439 2297 qui
459 2219 575 2278 honore
595 2216 721 2306 pollent,
743 2237 774 2276 se
795 2217 859 2276 aliis
880 2217 1039 2276 exhibeant
1057 2216 1215 2276 ministros.

57 2293 199 2374 Adiungit
218 2293 296 2354 illam
314 2295 460 2378 insignem
479 2304 665 2369 sententiam,
684 2313 759 2372 quae
779 2291 849 2352 alibi
870 2292 1000 2372 exposita
1021 2292 1091 2352 luit-z
1114 2291 1164 2371 qui
1182 2311 1215 2350 se

56 2367 172 2445 exaltat,
193 2368 403 2445 humiliabitur,
423 2381 479 2429 etc.

138 2699 242 2780 (aso.)
284 2700 454 2766 maren.
481 2677 593 2764 xxrtr.
643 2697 693 2763 13.
725 2698 798 2762 uae
827 2706 932 2761 aaran
961 2691 1222 2762 vanescamus

57 2813 88 2869 et
107 2799 274 2869 Pharisaei
294 2805 500 2891 hypocritae,
530 2803 605 2889 quia
627 2798 775 2866 clauditis
796 2821 929 2885 reguum
951 2798 1118 2866 coelorum
1143 2807 1220 2862 ante

58 2907 216 2973 homines:
237 2918 297 2973 tos
319 2911 402 2988 enim
424 2927 491 2974 noo
513 2907 650 2981 intratis,
672 2925 733 2968 nec
750 2902 960 2970 advenientes
974 2905 1076 2971 sinitis
1088 2903 1217 2966 intrare.

58 3013 106 3075 11.
138 3014 211 3077 Vae
239 2989 344 3076 autbm
370 3010 465 3076 vobis
491 3007 626 3074 Scribae
655 3018 687 3072 et
713 3007 878 3072 Pharisaei
905 3006 1109 3092 hypocritae,
1143 3006 1220 3092 quio

60 3115 224 3182 comeditis
244 3113 357 3181 domos
377 3113 554 3188 viduarum,
575 3111 674 3198 idque
696 3121 862 3198 praetextu
882 3109 1025 3196 prolixae
1049 3111 1221 3173 orationiss

59 3231 191 3306 propter
225 3219 287 3283 boc
317 3221 444 3303 gravius
465 3219 657 3303 'puniemini
707 3217 756 3278 15.
788 3216 859 3278 Vae
894 3211 989 3277 vobis
1018 3210 1150 3278 Scribae
1188 3221 1222 3306 et

59 3323 219 3390 Pharisaei
241 3319 441 3406 hypocritae,
463 3323 536 3407 quia
558 3319 698 3389 circuitis
719 3339 806 3384 mare
829 3327 861 3383 et
883 3315 1020 3392 aridam,
1042 3331 1077 3380 nt
1097 3306 1221 3380 faciatis
1294 3339 1300 3356 ,

59 3444 153 3494 unum
181 3425 398 3514 proselytum:
427 3435 459 3491 et
486 3445 583 3510 quum
613 3421 708 3488 luerit
735 3422 853 3499 iactus,
884 3419 988 3484 lacitis
1018 3431 1090 3486 euin
1117 3417 1222 3484 filium
1264 3414 1266 3426 '

60 3531 224 3617 gehenuae
247 3527 349 3614 duplo
371 3531 479 3614 magis,
500 3548 595 3612 quam
615 3547 675 3590 vos
698 3529 782 3590 estis.

128 3702 281 3791 11111116.
303 3721 371 3786 Xll.
412 3721 463 3785 to.
487 3719 555 3805 Qui
576 3717 734 3784 devorant
756 3717 870 3784 domos
892 3713 1076 3788 viduarum,
1106 3715 1140 3772 et
1159 3701 1221 3770 sub

61 3837 225 3944 praetextu
256 3823 405 3911 prolixae
439 3825 608 3902 orationis,
641 3823 676 3888 hi
701 3823 861 3908 accipient
887 3819 1077 3961 graviorem!
1094 3808 1225 3928 damna-¹

62 3939 191 3998 tionem.
241 3979 244 3994 .

140 4063 326 4192 LUC.'Xl.
388 4121 440 4190 52.
482 4121 553 4184 Vae
584 4113 687 4196 ¹vobis
726 4112 947 4200 legisperitis,
996 4109 1071 4196 quie
1107 4101 1224 4175 tulistis
1255 4151 1261 4164 .

63 4221 183 4292 clavem
216 4229 384 4318 scientiae:
415 4227 478 4312 ipsi
510 4241 577 4288 non
609 4221 780 4295 introistis,
819 4225 852 4279 at
883 4233 940 4280 cos
975 4214 1031 4298 qui
1062 4206 1235 4275 intrabant.

62 4327 279 4412 prohibuistis.
326 4331 393 4397 XX.
420 4331 470 4394 47.
494 4327 562 4414 Qui
585 4323 743 4391 devorant
764 4319 878 4386 domos
900 4315 1085 4395 viduarum,
1105 4331 1145 4378 ac
1165 4329 1227 4400 per

89 4403 469 4483 cananae-‚naahas
484 4431 584 4480 vatur.
983 4401 1022 4463 16
