2764 4846
422 177 534 336 (ti-'13
562 234 696 318 Angelus
715 233 857 319 blaciae.)
1061 221 1070 236 ⁵
1163 253 1203 316 17

51 387 190 468 ingratia
220 387 408 468 reputanda
435 399 481 450 est
504 387 656 448 bominum
680 387 854 450 fecunditas.
898 389 962 453 Nec
985 412 1057 456 vero
1082 395 1202 480 exignus

51 475 152 522 estant
170 463 322 546 vulgaris
343 464 457 539 bonor,
478 465 568 555 qnod,
589 485 678 600 qaum
698 463 779 526 Dens
798 467 879 526 solus
899 468 937 527 sit
957 479 988 528 et
1007 472 1119 532 censeri
1137 497 1200 536 me·
1233 513 1234 518 κ

48 553 136 600 rentur
166 553 287 622 pater,
321 553 423 601 terrae
450 540 526 602 filaos
550 541 581 600 in

48 616 149 676 Sedulo
178 619 291 700 igitur
318 617 452 678 tenenda
473 628 518 677 est
537 617 687 691 doctrina,
717 620 797 698 quod
816 618 904 680 liberi
923 622 982 681 sint
1002 623 1202 688 baereditasa

47 693 102 752 lieo
122 693 324 768 obveniens,
346 705 376 754 et
396 713 502 754 munus
523 694 584 754 eius
604 693 715 754 fructus
734 696 844 756 ventris
865 696 955 775 (Psal.
967 703 1036 774 137,
1053 701 1107 780 3).
1140 703 1201 764 Sed

46 770 120 828 altius
140 771 295 852 respexit
314 769 483 843 Elisabeth,
503 771 571 849 quia
591 781 709 851 praeter
728 783 901 833 consuetum
922 787 1044 837 naturae
1064 778 1200 841 ordinem

47 847 141 905 sterilis
162 859 198 906 et
222 846 337 906 vetula
356 847 402 907 sin
426 846 501 906 ulari
521 845 663 906 miraculo
684 861 873 928 conceperat.

115 921 157 982 Ut
176 927 336 1004 masma
513 945 616 982 meum.
646 917 717 983 Non
737 923 801 984 sine
822 946 905 986 causa
925 920 1030 1008 probri
1042 928 1111 990 loco
1122 951 1199 992 sem-

113 999 226 1060 babitu
257 999 322 1060 snit
346 1000 501 1074 sterilitas,
533 1021 621 1078 quum
648 999 724 1060 uteri
751 1000 926 1069 benedictio¹
942 1004 1021 1066 inter
1040 1007 1198 1088 praecipua

48 1019 124 1134 bidui
151 1076 282 1136 amoris
309 1076 482 1136 testimonia
507 1087 686 1136 numeretur.
727 1075 855 1151 Quidam
882 1079 940 1140 boc
966 1083 1060 1142 veteri
1084 1085 1198 1166 populo

106 1154 114 1167 '
144 1175 163 1214 e
188 1154 294 1214 luisse
315 1164 440 1234 putant,
494 1152 541 1212 uia
562 1173 596 1212 ex
614 1152 725 1212 semine
743 1153 881 1216 Abrabae
901 1159 1101 1236 procreandos
1122 1171 1199 1222 esset

46 1153 185 1290 dlibius.
237 1229 341 1310 Atqui
372 1229 432 1289 boc
463 1174 499 1288 dd
523 1229 615 1289 solam
639 1227 750 1288 tribum
775 1229 847 1290 luda
871 1233 1032 1311 spectabat.
1077 1235 1198 1298 Rectius

47 1305 102 1381 alii,
132 1307 226 1388 qnod
259 1306 358 1366 fausta
380 1305 509 1384 felixque
528 1317 605 1368 esset
624 1304 729 1384 populi
749 1306 842 1366 sancti
860 1308 1082 1388 multiplicatio,
1110 1313 1198 1374 sicuti

46 1383 179 1444 Abrabae
209 1382 333 1444 dictum
362 1380 477 1456 luerat,
507 1382 574 1441 Erit
598 1400 698 1441 semen
723 1392 805 1440 tunm
830 1383 906 1442 sicut
925 1401 1014 1444 arena
1032 1389 1135 1464 maris,
1166 1402 1199 1452 et

48 1459 139 1520 sullae
166 1460 269 1522 coeli.
316 1457 479 1521 Caeterum
503 1457 646 1540 coniungi
670 1455 748 1517 inter
773 1480 804 1518 se
825 1457 938 1519 debent
954 1461 1122 1524 universalis
1141 1465 1196 1524 be-

50 1536 187 1612 nedictio,
235 1555 296 1596 nae
318 1535 357 1596 ad
377 1547 474 1594 toturn
516 1556 587 1594 enus
608 1535 766 1594 humanum
787 1535 970 1609 extenditur,
991 1547 1021 1597 et
1039 1541 1195 1618 promissio

51 1613 180 1674 Abrabae
209 1559 301 1686 data,
335 1629 414 1691 qnae
438 1554 586 1694 Ecclesiae
611 1609 670 1670 Dei
687 1609 844 1700 peculiaris
864 1624 909 1672 est
928 1611 1030 1692 (Gen.
1050 1619 1195 1696 13,15.).

50 1687 167 1750 lliscant
193 1691 205 1750 i
232 1689 296 1749 itur
321 1699 462 1768 parentes
487 1708 543 1768 pro
568 1698 709 1770 susceptu
729 1687 827 1748 liberis
846 1687 915 1748 Deo
972 1690 1013 1752 ati
1033 1711 1112 1769 esse,
1144 1693 1196 1774 qui

51 1777 138 1826 artem
168 1711 288 1828 sobole
344 1764 492 1838 deantur,
533 1764 586 1826 bac
616 1763 647 1823 in
678 1775 761 1854 parte
790 1784 823 1823 se
849 1765 929 1824 humi
941 1766 994 1825 rari
1019 1783 1193 1850 agnoscant,

50 1839 196 1902 Probrnm
215 1863 295 1904 vero
318 1785 378 1901 boc
398 1839 436 1900 ad
455 1840 588 1902 homines
607 1839 760 1922 restringit
772 1839 937 1919 Elisabeth,¹
955 1843 1022 1924 quia
1041 1858 1193 1927 tempora-

50 1916 141 1980 lisest
161 1919 343 2002 castigatio,
363 1916 403 1978 ob
426 1938 512 1999 quam
531 1917 604 1980 nihil
625 1917 712 1978 nobis
732 1918 762 1977 iu
783 1937 877 2008 regno
899 1919 1051 1983 coelorum
1066 1922 1191 1986 decedit.

83 2231 145 2311 (s.)
179 2227 295 2298 LUC.
315 2229 340 2294 l.
382 2228 432 2294 26.
455 2229 491 2296 ln
511 2251 623 2298 mense
644 2225 751 2298 autem
771 2243 860 2302 sexto
881 2235 995 2302 missus
1016 2245 1065 2303 est
1085 2235 1191 2326 Ange·

51 2329 95 2394 los
119 2330 272 2398 Gabriel
301 2353 320 2396 a
346 2329 425 2396 Deo
450 2334 484 2397 in
511 2330 625 2399 urbem
653 2331 838 2413 Galilaeae,
873 2339 926 2400 cni
946 2357 1066 2404 nomen
1086 2339 1191 2406 Naza-

50 2431 127 2510 rctb,
161 2433 220 2499 27.
249 2432 306 2498 Ad
327 2428 484 2518 virginem
506 2433 699 2518 desponsam
720 2438 806 2513 viro,
833 2437 884 2498 cui
906 2457 1026 2503 nomeu
1048 2451 1118 2504 erat
1138 2441 1191 2510 Ie·

51 2533 143 2618 seph,
166 2534 214 2600 de
238 2533 340 2600 domo
362 2532 487 2613 David,
508 2555 545 2598 ac
565 2553 685 2599 nomen
705 2534 836 2620 virginis
856 2533 970 2599 Maria.
1010 2539 1061 2604 28.
1081 2538 1123 2604 Et
1141 2542 1190 2605 in-

51 2653 174 2716 gressus
205 2633 368 2730 Angelus¹
390 2634 442 2702 ad,
459 2655 543 2710 eam,
577 2631 671 2709 dixit,
701 2632 787 2712 Ave,
820 2636 954 2716 gratiam
981 2650 1190 2723 consequuta,

54 2731 212 2801 Dominus
241 2747 365 2814 tecum,
398 2733 571 2800 benedicta
592 2741 627 2798 tu
648 2731 914 2798 intermulieres.
955 2735 1006 2802 29.
1026 2734 1086 2801 llla
1106 2751 1187 2806 vero

53 2856 143 2919 quum
166 2835 322 2916 vidisset,
348 2834 477 2902 turbata
499 2846 547 2900 est
568 2853 668 2920 super
688 2838 836 2902 oratione
859 2837 945 2914 eius,
967 2849 999 2903 et
1020 2837 1189 2926 cogitabat,
1281 2888 1285 2896 -

54 2935 152 3019 qualis
176 2948 266 3003 esset
285 2940 347 3002 ista
369 2936 528 3003 salutatio.
570 2936 620 3000 30.
641 2935 683 3000 Et
704 2939 749 3002 ait
770 2933 913 3022 Angelus
935 2939 974 3017 ei,
995 2938 1047 3004 Ne
1067 2942 1189 3020 timeas,

54 3034 167 3102 Maria:
198 3048 297 3105 nacta
328 3059 364 3104 es
391 3040 476 3104 enim
504 3040 636 3122 gratiam
657 3037 744 3124 apud
765 3038 883 3105 Deum.
923 3039 976 3106 31.
1003 3041 1090 3106 Ecce
1110 3065 1189 3110 con-

55 3137 149 3222 cipies
170 3140 205 3203 in
228 3149 340 3216 utero,
373 3148 406 3203 et
427 3143 533 3225 paries
554 3137 673 3217 filium,
701 3148 734 3202 et
754 3137 887 3204 vocabis
908 3159 1028 3206 nomen
1050 3145 1119 3208 eius
1138 3145 1188 3210 le·

54 3257 127 3303 mm.
168 3240 221 3304 32
243 3239 308 3304 llic
329 3239 391 3304 erit
412 3261 557 3326 magnus,
589 3251 622 3306 ct
642 3239 745 3305 Filius
765 3239 918 3306 Altissimi
940 3239 1125 3321 vocabitur,
1153 3255 1186 3310 et

56 3335 138 3404 dabit
155 3335 204 3404 illi
216 3341 381 3406 Dominus
393 3338 485 3406 Deus
497 3340 613 3407 solium
625 3339 733 3406 David
744 3343 844 3426 patris
853 3343 965 3428 ipsius,
985 3343 1036 3408 33.
1057 3343 1186 3430 Regna·
1243 3345 1247 3356 ’

56 3433 161 3526 luitque
181 3461 284 3527 snper
305 3439 438 3506 domum
459 3441 559 3508 lacob
579 3443 614 3508 in
636 3451 817 3520 aeternum,
848 3452 891 3506 et
911 3446 1002 3528 regni
1025 3445 1094 3510 eius
1115 3465 1183 3510 non

57 3542 111 3604 erit
131 3541 216 3606 linis.

124 3753 171 3814 26.
203 3747 243 3808 ln
267 3769 365 3808 mense
388 3762 482 3808 mam
505 3763 599 3808 sexto.
643 3749 718 3809 Mira
745 3723 977 3828 divinis'co'nsilii
997 3748 1185 3824 oeconomia,

58 3833 85 3880 et
102 3845 174 3915 quae
195 3847 210 3884 a
230 3825 384 3888 communi
405 3825 555 3886 bominum
575 3824 683 3885 iudicio
703 3825 787 3889 valde
807 3823 964 3900 abhorret,
994 3827 1074 3904 quod
1094 3825 1183 3888 nobi-

627 540 691 602 uins
716 543 844 602 nominis
868 541 1041 607 societatem
1066 547 1201 612 admittit.
1303 609 1305 618 s

58 3897 106 3959 lius
130 3923 159 3961 m
187 3923 338 3982 praecone
363 3902 563 3982 generationis
587 3901 702 3962 initium
722 3903 804 3962 Deus
824 3923 887 3963 esse
905 3901 1013 3976 voluit,
1037 3921 1130 3992 'quam
1151 3902 1183 3960 iu
1284 3919 1285 3922 ’
1339 3967 1344 3974 ,

59 3973 129 4035 l'ilio
150 4001 213 4038 suo.
240 3977 435 4038 'vaticinium
462 3977 498 4038 dc
523 3979 637 4037 Ioanne
657 3979 686 4037 in
706 3979 818 4059 templo
839 3978 949 4039 editum
969 3999 1073 4058 passim
1093 3978 1182 4040 iuno-
1219 4053 1224 4060 x

60 4053 121 4111 tuit:
151 4055 288 4116 Christus
313 4054 423 4136 virgini
447 4055 628 4134 promittitur
647 4054 677 4114 in
699 4056 826 4117 obscuro
847 4057 973 4122 Iudaeae
995 4055 1122 4150 oppido,
1153 4059 1184 4115 el
1225 4059 1229 4068 ’

59 4129 216 4192 raticininm
236 4133 296 4191 boc
316 4131 347 4190 in
369 4131 435 4190 sinn
454 4131 569 4210 puellae
589 4131 674 4191 unius
694 4153 724 4191 se
748 4132 850 4192 ultum'
860 4143 968 4191 manet.
1008 4133 1068 4192 bed
1089 4151 1183 4210 opor-

61 4207 109 4263 tuit
126 4208 234 4269 scilicet
254 4207 313 4266 iam
333 4228 350 4266 a
373 4206 482 4268 Christi
502 4206 646 4268 natalibus
667 4155 745 4269 illud
758 4209 889 4288 impleri,
915 4209 1005 4282 Quod
1026 4209 1107 4267 Deus
1128 4223 1183 4288 per

61 4281 198 4344 stultitiam
228 4284 327 4346 salvos
356 4281 461 4344 fecerit
492 4284 645 4344 credentes
665 4286 709 4364 (l.
731 4285 803 4346 Cor.
823 4293 856 4358 1,
881 4287 958 4363 21)
998 4283 1182 4344 Thesaurnm

62 4378 123 4417 vero
146 4360 275 4442 mysterii
305 4359 390 4420 buius
414 4361 455 4422 sic
479 4361 558 4442 apud
581 4360 725 4442 virginem
751 4361 902 4442 deposuit,
932 4371 965 4420 nt
989 4361 1107 4420 tandem
1127 4379 1181 4420 suo

83 4457 167 4506 ιιι-ιιι
179 4477 263 4510 ou.
278 4463 304 4507 ιιι
317 4461 399 4506 uon.
414 4461 457 4514 nv.
473 4464 525 4510 vor.
537 4463 558 4506 1.
965 4443 986 4502 2
1041 4477 1059 4508 κ
