2764 4846
204 253 226 314 t
377 208 593 306 stretton.
631 237 772 304 loturus
792 239 983 300 Barrmrne
1002 251 1167 302 aarum.

209 395 350 545 gasteble
370 405 425 480 est,
443 405 562 478 temque
581 391 688 460 adDei
700 391 820 470 cultum,
839 411 926 476 mam
946 391 984 454 ed
1002 389 1130 454 caritatis
1150 389 1251 452 officia
1270 409 1353 474 per-

235 492 296 543 net
332 479 409 542 Nam
427 491 529 554 aton,
558 495 634 562 quae
657 484 763 542 statuta
787 487 838 540 aut
856 470 976 540 deerhta
998 473 1167 557 significant
1184 472 1357 562 Hebraeis,

211 584 334 660 graecus
353 562 499 644 interpres
525 559 748 642 justificationes
770 561 973 642 (δικαιώματα)
996 558 1100 620 vertit:
1134 569 1218 632 ntpn
1244 566 1357 620 autem

210 661 244 705 tn
264 639 416 722 Scriptura
440 652 522 700 sacra
546 638 728 698 ceremonias
753 635 817 698 sere
835 635 1019 718 significant,
1049 632 1155 714 quibus
1179 654 1211 695 se
1229 634 1261 692 in
1282 634 1371 712 Dei

212 717 320 781 cultum
346 713 481 788 etlrdci
508 714 700 786 confessione
722 711 878 774 exercebat
903 709 1039 802 populus.
1079 711 1220 786 Quamvis
1244 721 1358 770 autern

210 790 385 875 hypocritae
410 790 442 850 in
467 801 551 872 parte
575 791 629 852 ista
654 790 740 851 valde
763 787 872 850 curiosi
897 799 958 848 srnt
977 797 1007 848 et
1026 787 1119 862 anxii,
1150 786 1223 848 nihil
1241 798 1357 848 tamen

214 891 279 932 cum
299 867 438 928 Zacharia
458 876 490 926 et
504 866 657 928 Elisabeth
675 866 769 930 sirnile
789 863 909 926 babent
945 865 1021 926 Nam
1039 863 1147 928 sinceri
1166 862 1225 924 Dei
1245 863 1357 926 culto-

211 965 269 1020 res,
289 943 388 1025 qirales
409 953 494 1004 erant
512 943 543 1004 bi
563 944 634 1020 duo,
652 963 714 1004 non
733 941 881 1022 arripiunt
892 941 983 1002 nudas
994 941 1177 1002 ceremonias
1187 952 1219 1002 et
1230 939 1359 1016 inanes,

212 1021 264 1084 sed
283 1021 315 1080 in
332 1020 488 1081 veritatem
507 1019 615 1082 intenti
632 1019 825 1110 spiritualiter
844 1035 893 1080 eas
907 1011 1073 1086 observant.
1111 1016 1225 1110 Imperi
1245 1027 1371 1090 autem,

214 1109 246 1160 et
262 1097 353 1158 iocati
372 1095 523 1174 homines,
552 1097 667 1157 etiamst
691 1092 805 1158 assidue
824 1093 855 1154 in
876 1093 1003 1155 externis
1022 1095 1199 1156 ceremoniis
1222 1113 1255 1153 se
1276 1093 1356 1154 sati-

213 1183 301 1260 gent,
320 1171 389 1264 quia
407 1183 506 1236 umen
527 1191 576 1236 eas
594 1171 715 1234 minime
736 1170 912 1248 observant,
935 1169 1062 1249 qualiter
1081 1181 1257 1252 praeceptae
1277 1179 1359 1230 sunt

213 1247 401 1324 aDnmrno,
431 1247 508 1387 nib}
528 1269 615 1332 quam
633 1247 739 1310 ludunt
758 1266 888 1328 operam.
926 1245 963 1308 In
982 1265 1109 1320 summa,
1140 1246 1256 1306 duobus
1282 1247 1358 1306 istis

212 1325 313 1388 verbis
332 1323 485 1407 complexu
520 1336 565 1388 est
583 1325 677 1388 Lucas
696 1336 789 1387 totam
808 1322 852 1384 Le
875 1342 931 1383 em.
969 1323 1081 1386 Verum
1100 1322 1124 1384 si
1137 1321 1223 1383 inLe
1246 1342 1357 1382 eser-

93 1421 98 1428 ·
212 1397 307 1464 sanda
337 1403 397 1464 irre
420 1399 614 1464 rebensiblles
645 1401 767 1464 luerunt
790 1343 944 1462 Zaciarias
977 1410 1009 1461 et
1031 1398 1201 1472 Elisabeth,
1248 1397 1358 1458 'bristi

213 1478 308 1564 gratia
338 1423 417 1540 nihii
437 1477 590 1544 habebant
611 1491 700 1560 opus:
731 1476 820 1559 plena
847 1475 926 1538 enirn
950 1475 1039 1561 Legis
1064 1474 1232 1536 observatio
1254 1475 1357 1534 vitam

213 1555 348 1632 suffert,
377 1555 487 1620 stubi
512 1553 593 1616 nulla
618 1565 664 1617 cst
688 1553 752 1616 eins
775 1553 986 1637 transgressio,
1016 1551 1219 1618 cessatetiam
1238 1563 1357 1612 reatus.

85 1629 110 1672 '·
211 1631 414 1714 Respondes,
433 1631 532 1716 elogia
552 1629 605 1694 ista
635 1630 747 1712 ¹quibus
766 1639 826 1691 taor
843 1629 1001 1712 magnifice
1020 1640 1165 1690 ornantur
1182 1628 1258 1688 servi
1276 1627 1371 1705 Dei,

213 1729 281 1771 cum
300 1707 476 1788 exceptione
495 1673 635 1769 sumenda
656 1727 727 1769 esse.
766 1707 918 1786 Reputare
935 1705 1192 1780 enirnconrenit,v
1214 1705 1357 1766 uomodo

214 1794 284 1876 agat
302 1805 369 1848 curn
387 1781 548 1858 illisDens,
567 1803 676 1866 nempe
692 1781 853 1860 secundum
872 1781 977 1844 foedus
997 1780 1082 1874 quod
1098 1801 1163 1844 cum
1182 1727 1239 1841 iliis
1283 1781 1371 1860 epi-¹

211 1873 272 1944 gut:
302 1859 384 1922 cuius
402 1857 529 1942 primtun
548 1871 637 1942 caput
661 1870 707 1922 cst
729 1858 865 1944 gratuita‘
875 1857 1099 1933 reconciliatio,
1124 1869 1156 1918 et
1194 1803 1358 1917 cotidiana

213 1936 318 2013 venis,
345 1955 403 2015 qua
427 1933 486 1998 illis
504 1943 632 2028 peccata
654 1936 793 2028 ignoscit
831 1934 904 1998 Iusti
923 1953 998 2018 ergo
1018 1946 1050 1994 et
1073 1934 1185 2015 irrepre
1208 1933 1360 1996 ensibiles

214 2021 390 2090 censerem,
441 2032 561 2074 uoniam
579 2023 643 2074 tota
660 2024 721 2074 vata
740 2023 878 2086 testatur,
902 2011 1102 2076 costitutitiac
1121 2011 1254 2072 addictos
1275 2031 1360 2086 esse,

214 2075 342 2173 ecgnice
362 2088 422 2150 ins
447 2088 470 2149 is
489 2088 549 2149 Dei
568 2089 722 2166 timorem,
749 2089 819 2150 dum
840 2081 986 2172 quoddain
1008 2097 1052 2148 est
1069 2087 1230 2148 sanctitatis
1249 2107 1359 2148 exent-

215 2165 293 2250 plar.
332 2163 395 2226 Sed
412 2184 504 2245 quum
522 2187 540 2228 a
559 2166 747 2257 perfectione
767 2164 859 2249 longe
878 2164 968 2226 distet
986 2163 1068 2257 pium
1087 2185 1189 2225 eorum
1209 2164 1361 2240 studium,

215 2261 279 2304 uon
298 2251 400 2324 potest
415 2241 481 2306 sine
499 2261 587 2304 veura
606 2241 724 2326 placere
743 2240 822 2302 Deo.
862 2237 974 2317 Quare'
989 2240 1116 2316 ιωιῑιὶα,
1144 2261 1221 2320 quae
1238 2239 1272 2300 in
1293 2240 1361 2302 illis

215 2315 367 2396 laudatur,
385 2337 402 2380 a
419 2319 551 2402 gratuita
566 2317 628 2381 Dei
647 2317 832 2402 indulgentia
850 2317 977 2400 pendet,
996 2336 1054 2410 qua
1073 2317 1107 2378 lit
1125 2329 1159 2377 ut
1177 2315 1259 2397 qnod
1279 2317 1359 2378 reli-

153 2440 155 2454 .
217 2416 307 2478 quum
327 2405 373 2457 est
395 2395 429 2460 in
451 2395 523 2478 ipsis
540 2394 703 2460 iniustitiae
722 2417 784 2456 non
802 2395 843 2456 im
865 2405 937 2456 utet.
976 2393 1028 2454 Suc
1053 2413 1203 2476 exponere
1227 2413 1360 2456 necesse

216 2482 263 2533 est
281 2471 422 2553 quicquid
440 2471 479 2534 de
497 2471 649 2535 bominum
669 2473 778 2534 iustitia
796 2471 829 2532 in
845 2415 1009 2552 beripturis
1029 2469 1169 2546 habetur,
1191 2480 1226 2532 ut
1244 2471 1360 2532 remis-

216 2549 333 2610 sionem
351 2559 541 2630 peccatorum
560 2569 624 2612 nou
642 2561 766 2624 evertat,
785 2548 833 2610 eui
851 2567 915 2608 non
934 2546 1175 2623 aliterinnititur,
1195 2567 1283 2626 quarn
1297 2569 1361 2609 suo

216 2624 411 2688 fundamento
435 2625 610 2688 aedificium
656 2627 720 2702 Qui
747 2623 921 2708 sinpliciter
945 2635 1098 2704 exponunt
1123 2623 1298 2700 Zachariam
1325 2636 1360 2686 et

173 2749 177 2752 -
216 2701 371 2763 Elisabeth
390 2701 449 2764 fide
466 2701 559 2766 iustos
579 2703 683 2784 fuisse,
714 2701 783 2784 (pria
806 2701 896 2784 gratis
915 2699 985 2760 Deo
1009 2710 1135 2783 propter
1153 2700 1360 2762 Mediatorem

206 2777 399 2859 placuerint,
428 2779 460 2841 in
483 2778 611 2840 alienum
634 2799 750 2840 sensum
774 2789 823 2839 tor
844 2786 917 2838 uent
934 2776 1032 2836 Lucae
1056 2777 1155 2838 verba.
1200 2775 1297 2850 Quod
1319 2779 1361 2839 ad

217 2875 282 2916 rem
311 2856 404 2937 ipsam
427 2856 574 2936 pertinet,
605 2875 643 2918 nc
665 2873 703 2917 ut
727 2852 801 2916 nihil
846 2853 944 2926 cunt,
970 2873 1069 2934 neque
1093 2863 1198 2915 totum.
1240 2853 1362 2917 Fateor

240 2932 339 2992 uidem
358 2929 512 3008 iustitiam,
541 2951 617 3012 quae
636 2875 693 2992 iliis
712 2928 901 3004 adscribitur,
920 2949 983 2990 non
1007 2950 1132 3010 operum
1150 2931 1276 3006 merito,
1303 2933 1371 2994 sed?

220 2951 334 3070 basisti
353 3007 466 3090 gratIae
485 3019 636 3088 acceptam
655 3005 728 3070 ferri
748 3005 875 3068 dehere:
900 3005 1047 3068 Dominus
1066 3019 1183 3082 tamen,
1204 3007 1275 3087 quia
1297 3008 1363 3070 illis

187 3107 194 3128 t
220 3095 343 3176 peccata
361 3104 425 3145 non
443 3085 483 3146 im
506 3085 612 3160 norit,
637 3095 766 3146 sanctam
785 3082 905 3144 illorum
923 3083 1029 3160 vitam,
1047 3083 1119 3147 licet
1136 3082 1361 3166 imperfectam,

220 3161 349 3251 rustitius
369 3105 505 3222 titutodi
549 3173 612 3221 atus
631 3171 683 3222 est.
723 3160 906 3241 Papistarum
931 3171 1029 3237 autem
1051 3159 1174 3221 stultitia
1193 3159 1278 3220 nullo
1301 3183 1363 3223 ne-

244 3249 309 3300 ono
328 3235 488 3302 refellitur:
529 3238 578 3299 dei
597 3237 763 3300 institiaeo
809 3247 904 3297 onnnt
923 3237 1008 3312 bant,
1047 3237 1281 3298 uanacbariae
1301 3241 1364 3300 tri·

221 3257 335 3380 initur:
355 3333 442 3393 quam
460 3325 494 3376 ut
512 3326 625 3376 certum
645 3325 690 3376 cst
708 3312 745 3374 ab
764 3258 815 3375 iiia
834 3313 939 3390 lluere,
957 3311 999 3374 ita
1010 3330 1044 3374 su
1067 3313 1115 3375 iici
1136 3325 1167 3376 et
1175 3311 1219 3374 illi
1231 3313 1364 3376 subesse

224 3391 321 3530 decc&
338 3389 387 3480 vel
406 3389 540 3483 utyulgo
553 3391 664 3467 dicunt,
681 3388 878 3482 subordinari,
897 3403 931 3452 ut
949 3389 1028 3481 inter
1045 3411 1077 3452 se
1097 3411 1160 3452 non
1179 3391 1363 3484 confligant.

225 3467 297 3558 Quo
337 3477 426 3528 stram
449 3487 480 3529 ur
506 3489 582 3530 voce
600 3488 659 3531 una
682 3467 782 3528 fucum
802 3467 929 3542 sacrent,
957 3465 1097 3540 incolum
1117 3475 1169 3528 est
1208 3469 1371 3532 Insnfica·

223 3555 337 3620 hones,
361 3543 514 3624 inquiunt,
542 3557 686 3606 vocantur
704 3543 793 3628 Legis
812 3527 985 3682 praecepta:
998 3564 1091 3682 “etho
1112 3565 1167 3605 nos
1186 3543 1364 3609 iustificant.

196 3642 203 3654 ·
224 3620 319 3695 Quasi
337 3640 412 3683 vero
431 3642 573 3704 negemus
590 3640 690 3684 reram
709 3620 847 3682 iustitiam
866 3622 898 3681 in
930 3641 987 3705 ege
1009 3631 1054 3682 tra
1076 3621 1102 3698 i,
1130 3619 1178 3682 vel
1203 3643 1371 3700 causemur¹

224 3698 378 3764 dominae
398 3698 513 3780 culpam
534 3717 608 3774 esse,
626 3697 707 3778 quod
726 3719 787 3760 non
807 3697 954 3772 iustificat,
973 3719 1007 3760 ac
1026 3717 1089 3758 non
1108 3698 1207 3778 potius
1223 3698 1366 3760 incarne

224 3787 326 3836 nostra
351 3773 465 3836 infirma
484 3776 529 3835 sit
568 3777 652 3858 Ergo
676 3786 710 3835 ut
733 3773 845 3836 centies
870 3773 1010 3851 latentur,
1041 3775 1130 3834 vitam
1155 3774 1306 3837 contineri
1329 3777 1363 3836 in

225 3851 315 3935 Legis
335 3853 514 3934 praeceptis,
533 3851 608 3914 nihil
626 3863 725 3912 umen
741 3851 813 3912 inde
832 3851 869 3913 ad
884 3851 1021 3934 homines
1040 3850 1210 3942 perveniet,
1230 3852 1282 3930 qui
1304 3873 1365 3911 na-

208 3941 291 3990 ·tura
321 3949 439 4066 prorsus
470 3929 564 3990 aversi
588 3940 697 3990 sunta
723 3928 821 4020 Lege,
853 3939 885 3989 et
917 3927 974 3988 iam
1001 3927 1062 3989 Der
1088 3928 1202 4064 Spiritu
1225 3929 1366 4011 regeniti

226 4026 321 4086 procu
351 4003 449 4066 lamen
469 4006 563 4066 adbuc
582 4005 621 4066 ab
640 4006 756 4088 integra
777 4027 838 4066 crus
859 4005 1069 4065 observatione
1089 4025 1104 4066 a
1128 4016 1203 4066 sunt.
1255 4053 1257 4058 ,

302 4089 329 4149 7.
368 4083 431 4143 Nec
455 4099 518 4142 eret
540 4083 600 4142 illis
620 4083 727 4158 proles.
765 4081 915 4164 Singulari
942 4080 1001 4142 Dei
1025 4082 1151 4142 consilio
1173 4081 1283 4142 lactum
1305 4095 1368 4158 est,

226 4171 260 4220 ut
271 4160 399 4220 Ioannes
418 4172 537 4241 praeter
556 4181 741 4221 communem
760 4159 955 4240 usitatumque
974 4171 1096 4219 naturae
1115 4159 1251 4220 ordinem
1270 4159 1367 4239 geni-

227 4249 273 4298 tus
293 4238 338 4298 sit
377 4237 459 4298 Idem
480 4237 568 4298 etiam
588 4234 618 4296 in
639 4237 720 4296 Isaac
740 4234 848 4300 lactum
868 4246 925 4310 est,
944 4235 976 4295 in
1016 4257 1056 4296 uo
1075 4255 1173 4298 rarum
1192 4245 1224 4294 et
1241 4254 1367 4296 memo-

229 4313 322 4380 rabile
342 4315 455 4399 gratiae
473 4337 543 4382 suae
562 4313 713 4400 specimen
733 4313 822 4378 edere
846 4257 1096 4379 conscribens.
1134 4311 1368 4377 t‘uesar'ltttsa-
