2778 4838
161 271 201 334 §a
390 259 506 322 SECT.
526 256 608 320 xlv.
646 271 824 320 mnarum
843 271 885 316 rr
906 269 1087 319 arenosas.

162 442 223 486 me.
266 419 296 484 9.
317 415 383 484 Sed
405 415 522 484 lrustra
541 437 594 481 mc
617 414 742 495 colunt,
769 413 926 482 docentes
947 411 1126 492 doctrinas,
1146 421 1329 500 praecepta

163 525 335 591 hominurn.

244 704 384 774 Marte.
410 703 482 770 itt.
502 694 505 710 '
524 703 552 769 1.
586 702 629 766 Et
659 704 857 770 conveniunt
888 701 929 768 ad
969 721 1041 768 eum
1070 699 1252 780 Pharisaei,
1296 710 1328 764 ct

162 811 291 900 quidam
314 810 355 876 de
376 807 511 886 Scribis,
545 809 601 893 qni
622 813 778 870 venerant
800 801 1048 889 Hierosolymis.
1098 801 1129 868 2.
1163 801 1207 866 Et
1227 823 1326 888 quum

161 913 317 985 vidissent
351 909 507 997 quosdam
544 929 582 973 ex
616 905 783 993 discipulis
817 909 887 974 eius
912 899 1144 972 'communibus
1176 903 1327 970 manibus

161 1017 212 1100 (id
235 1027 291 1098 est,
310 1013 428 1094 illotis)
449 1011 548 1078 edere
565 1003 679 1097 panes,
700 1009 900 1077 incusabant.
941 1011 972 1076 3.
994 1011 1077 1100 Nam
1098 1008 1274 1090 Pharisaei,
1295 1019 1329 1074 et

163 1141 276 1190 omnes
302 1116 428 1194 ludaei,
468 1117 531 1181 nisi
559 1111 675 1180 crebro
703 1111 844 1181 laverint
871 1135 996 1194 manus,
1035 1135 1104 1180 non
1130 1115 1263 1199 capiunt
1284 1115 1329 1176 ci-

162 1223 255 1302 bum,
289 1229 436 1287 tenentes
455 1217 598 1283 instituta
619 1219 790 1282 maiorum:
829 1217 860 1282 t.
894 1217 936 1282 Et
958 1239 976 1282 a
996 1217 1071 1283 foro
1092 1217 1228 1292 reversi,
1256 1217 1330 1280 nisi

162 1328 223 1395 loti
241 1325 376 1402 luerint,
410 1339 479 1386 non
502 1319 690 1388 comedunt:
733 1328 766 1385 et
787 1319 849 1385 alia
870 1320 971 1388 multa
996 1305 1083 1400 sunt,
1116 1339 1198 1407 quae
1216 1337 1331 1384 susce·

162 1438 283 1519 perunt
313 1423 486 1502 servanda,
521 1443 638 1514 nempe
669 1422 811 1490 lotiones
846 1424 1053 1511 poculorum,
1085 1433 1118 1488 et
1147 1441 1332 1512 urceorum,

45 1525 50 1535 ⁸
164 1545 197 1600 et
217 1539 489 1604 aeramentorum,
531 1538 564 1593 et
584 1524 751 1594 lectorum.
813 1529 843 1594 5.
874 1529 1007 1596 Deinde
1031 1529 1330 1612 interrogantem

161 1636 326 1702 Pharisaei
355 1643 388 1698 et
408 1628 558 1708 Serihae,
588 1631 700 1717 Qaare
727 1627 877 1716 discipuli
897 1635 945 1697 tui
966 1653 1035 1698 non
1056 1628 1223 1696 ambulant
1243 1632 1330 1694 iuxta

161 1739 325 1802 seniorum
366 1733 588 1810 traditionem,
630 1729 689 1796 sed
728 1729 830 1798 illotis
868 1733 1015 1804 manibus
1052 1731 1154 1800 edunt
1190 1735 1331 1819 panem?

161 1839 191 1903 o.
218 1839 261 1902 ttt
288 1836 344 1902 ille
370 1832 574 1921 respondens
601 1833 679 1900 dixit
706 1836 767 1912 eis,
808 1835 900 1902 Bene
927 1839 1116 1904 vaticinatus
1138 1845 1187 1900 est
1209 1837 1330 1900 lesaias

61 1997 66 2021 ,
162 1936 324 2004 devehis
356 1936 550 2024 hypocritis,
591 1937 673 2001 sicut
698 1939 850 2024 scriptum
877 1949 940 2018 est,
980 1936 1126 2025 Populus
1153 1938 1208 2004 hie
1233 1937 1330 2006 labiis

159 2060 213 2104 mc
240 2038 393 2118 honorat,
428 2061 486 2106 cor
513 2049 620 2104 autem
650 2060 762 2134 aprum
789 2041 887 2130 longe
915 2052 964 2108 cst
990 2063 1008 2105 a
1033 2062 1093 2106 me.
1137 2043 1166 2107 7.
1196 2041 1331 2108 Frustra

161 2153 269 2208 antem
299 2163 350 2208 me
381 2142 509 2219 colunt,
552 2139 709 2208 docentes
737 2143 914 2226 doctrinas,
955 2154 1129 2231 praecepta
1153 2143 1328 2210 hominurn.

159 2247 191 2310 8.
217 2247 298 2310 Nam
328 2248 446 2311 omisso
474 2257 650 2332 praecepto
676 2245 756 2324 Dei,
794 2251 913 2314 tenetis
938 2247 1201 2313 constitutionem
1228 2247 1331 2314 homi·

52 2349 58 2360 '
161 2367 257 2426 num,
288 2371 459 2416 urceorum
486 2347 674 2416 ablutiones
697 2361 729 2416 et
750 2349 955 2437 poculorum,
985 2347 1112 2437 aliaque
1140 2349 1190 2416 his
1212 2351 1329 2416 similia

159 2452 266 2522 tacitis
293 2452 402 2520 multa.
443 2455 474 2518 9.
503 2453 545 2518 Et
569 2449 700 2520 dicebat
727 2452 805 2534 illis,
840 2455 932 2520 Bene
959 2455 1091 2534 reiicitis
1117 2465 1328 2540 praeceptum

40 2572 47 2584 ¹
158 2555 241 2635 Dei,
270 2567 306 2623 ut
339 2537 616 2624 constitutionem
633 2566 770 2621 vestram
803 2541 960 2622 servetis*
1009 2555 1059 2622 to.
1090 2557 1204 2623 Moses
1243 2561 1328 2623 enim

160 2657 256 2738 ttrite
284 2659 421 2728 Honora
444 2673 569 2746 patrem
591 2668 679 2723 tuum
703 2666 735 2722 et
755 2669 887 2739 matrem
908 2671 1009 2728 tuam:
1052 2671 1097 2738 ct,
1139 2661 1209 2748 Qui
1229 2659 1329 2726 male·

126 2789 129 2808 ·
160 2760 276 2827 dixerit
297 2765 381 2847 patri
401 2761 455 2825 vel
477 2765 586 2840 matri,
618 2769 722 2826 morte
749 2764 913 2828 moriatur.
957 2765 1006 2828 11.
1042 2765 1112 2828 Vos
1143 2775 1251 2828 autem
1281 2762 1329 2829 di·

162 2866 248 2943 eitis,
274 2863 309 2929 st
332 2864 451 2931 dixerit
471 2863 569 2930 homo
591 2864 675 2952 patri
695 2863 750 2930 vel
770 2867 876 2944 matri,
898 2862 1034 2933 Corhan
1055 2864 1162 2954 (quod
1187 2876 1246 2944 est,
1267 2865 1327 2934 do·

158 2969 251 3044 num)
283 2965 500 3052 quodcunque
533 2988 571 3030 ex
598 2988 650 3031 me
678 2976 741 3044 est,
772 2963 833 3031 tihi
853 2967 1009 3054 proderit.
1077 2970 1127 3034 12.
1168 2969 1212 3033 Et
1241 2967 1327 3036 ultra

159 3055 229 3131 aton
255 3065 356 3129 sinitis
384 3089 457 3134 eum
486 3055 656 3155 q‘uicquam
684 3066 793 3135 lacere
820 3073 904 3157 patri
939 3091 999 3137 suo
1026 3069 1081 3136 rel
1111 3073 1206 3137 matri
1238 3093 1326 3140 suae.

160 3165 210 3230 13.
244 3167 369 3232 irritum
396 3165 552 3232 facientes
582 3170 717 3236 verbum
744 3173 810 3238 Dei
851 3195 910 3260 per
941 3174 1148 3241 traditionem
1178 3188 1326 3257 vestram,

160 3286 258 3354 quam
279 3267 475 3336 tradidistisr
497 3281 530 3336 et
549 3269 664 3338 similia
687 3273 871 3343 huiusmodi
891 3274 991 3344 multa
1012 3277 1123 3345 tacitis

234 3537 338 3598 Matth.
363 3542 390 3605 1.
439 3534 592 3600 Accedent
619 3539 662 3600 erl
689 3539 795 3602 lesem.
844 3541 923 3618 Quia
952 3543 999 3604 hic
1030 3542 1133 3604 vitium
1165 3546 1324 3636 corrigitur

158 3635 223 3675 non
242 3614 337 3675 minus
357 3613 475 3674 noxium
496 3637 582 3696 quam
601 3618 739 3700 vulgare,
764 3618 847 3679 locus
874 3632 917 3680 est
942 3618 1100 3680 observatu
1126 3621 1321 3704 dignissimus.

158 3691 311 3765 Videmus,
332 3701 439 3770 quanta
459 3691 490 3752 in
510 3693 625 3753 ratione
645 3694 785 3754 eomodo
806 3693 925 3756 colendi
940 3696 999 3756 Dei
1018 3696 1057 3758 sit
1075 3697 1227 3758 hominum
1247 3720 1321 3790 pro-

156 3770 265 3829 tervia:
284 3787 380 3829 novos
399 3767 477 3827 enirn
498 3767 591 3830 cultus
609 3769 733 3830 subinde
748 3771 933 3854 confingunt,
953 3783 983 3834 et
1002 3791 1062 3852 quo
1084 3775 1208 3854 quisque
1226 3776 1323 3836 raderi

158 3845 223 3904 rnlt
239 3843 419 3924 sapientior,
450 3865 534 3909 saum
559 3865 682 3906 acumen
702 3847 733 3906 in
762 3846 816 3908 hac
835 3860 919 3928 parte
941 3861 1078 3910 ostentat.
1116 3849 1189 3909 Non
1211 3849 1250 3911 de
1271 3873 1323 3912 cx-

151 3920 267 3982 traneis
287 3920 406 4056 lopuor,
425 3919 476 3982 scd
497 3921 534 3981 de
556 3920 624 4000 ipsis
636 3921 785 3984 Ecclesiae
804 3925 980 4000 domesticis,
1001 3947 1074 4008 quos
1085 3924 1167 3986 Deus
1181 3928 1319 4063 peculia·

156 3994 230 4060 riter
249 3996 306 4058 hoc
348 4015 441 4056 onore
458 3995 597 4088 dignatus
619 4007 674 4072 est,
692 4010 726 4057 ut
741 3998 861 4090 pietatis
879 4003 1012 4094 regulam
1031 4021 1085 4064 ore
1105 4021 1160 4062 suo
1201 4004 1318 4064 ictatana

149 4069 293 4131 habeant,
332 4072 526 4150 Praescnpsrt
544 4072 641 4148 Deus,
671 4073 796 4153 qualiter
815 4096 831 4136 a
850 4077 937 4139 nohas
958 4079 1017 4140 coli
1040 4077 1129 4155 velit,
1158 4100 1194 4170 ac
1214 4081 1319 4159 perle-

33 4191 39 4203 ,
82 4155 88 4169 “
155 4153 232 4204 ctam
251 4148 433 4208 sanctitatem
452 4147 535 4232 Lege
553 4169 604 4209 sua
625 4150 792 4231 complexus
812 4163 864 4213 est
903 4154 988 4216 Bona
1007 4175 1085 4246 pars,
1105 4175 1188 4236 quast
1207 4177 1255 4216 res
1273 4156 1316 4216 le·

45 4347 48 4361 ‚
155 4307 285 4356 tamenta
305 4297 372 4358 hinc
393 4299 461 4359 inde
481 4299 537 4359 sihi
557 4302 683 4366 arcessit,
725 4304 787 4378 Qui
807 4308 1039 4390 auctoritate,po

154 4219 197 4280 ris
216 4220 254 4280 sit
274 4233 305 4281 et
323 4223 438 4299 frivola,
458 4224 661 4304 ohscqniDco
674 4246 834 4289 acserrare
851 4232 1099 4369 quodpraecepit,
1118 4231 1210 4292 mrrlta
1231 4231 1314 4293 addi·

1064 4318 1126 4383 ent,
1146 4321 1313 4370 commenta

154 4391 203 4430 sna
225 4371 254 4431 in
275 4373 352 4435 hune
364 4374 452 4434 finem
464 4375 638 4468 obtrudunt,
658 4380 740 4462 quasi
760 4381 869 4463 aliquid
890 4383 1019 4448 haheant
1038 4384 1198 4466 perfectius
1218 4383 1311 4450 rerho
