2756 4838
752 49 764 80 ⁸
871 71 877 86 ι

269 247 437 326 (suanos
477 247 656 331 derogantis
676 247 779 310 Iacobi
800 259 830 310 et
849 249 994 330 loannis.)
1149 257 1205 320 181

56 411 104 532 ger
120 396 268 478 Apostolis
288 361 446 459 ridendum
467 413 520 476 est,
544 419 631 538 gnam
650 403 801 484 regendae
822 401 972 462 Ecclesiae
992 421 1060 462 snae
1081 401 1204 463 formam
1238 379 1247 388 N

82 473 189 534 ominus
208 473 376 534 instituerit.
417 478 544 552 Quoda
584 478 674 538 verba
695 501 708 538 s
731 490 824 554 ectat,
848 477 900 539 ubi
920 478 1086 539 Matthaeus
1106 479 1205 553 babet,
1291 488 1299 510 ⁸

54 573 125 626 rages
140 571 274 610 manere
289 567 456 626 metens
474 557 506 614 sn
524 575 591 627 ens,
624 557 702 634 apud
740 577 823 616 neam
845 556 872 616 le
896 556 970 631 itur,
996 557 1095 615 vocor-i
1122 553 1204 616 bene-

49 629 126 706 ficos,
145 628 248 687 eodeni
261 648 359 702 sensu,
378 631 436 690 acsi
448 631 572 705 diceret,
591 651 689 690 rerum
710 633 826 711 copiam
845 654 861 692 a
898 651 968 692 uere
988 631 1117 713 regibus,
1137 651 1203 692 eos·
1257 695 1259 703 ,

55 725 103 839 pue
126 705 238 787 magnis
264 703 370 785 opibus
397 706 527 786 pollere,
556 719 589 768 ut
612 708 744 769 munifici
770 720 800 768 et
825 707 961 770 liberales
990 728 1054 770 esse
1075 708 1204 788 possint.

53 779 61 813 ·'
78 780 172 841 ametsi
192 779 272 840 enim
290 801 376 864 reges
396 783 530 862 potentia
550 805 600 846 sna
620 785 712 867 magis
722 784 862 868 gandent,
882 806 945 846 eain
968 807 1004 845 ue
1017 785 1126 845 terrori
1139 803 1203 846 esse

38 857 162 932 malunt,
182 877 268 936 qnam
288 855 319 916 ln
339 859 442 940 populi
462 879 608 922 consensu
629 862 777 921 fundatam
799 883 872 936 esse,
893 807 1007 922 laudeni
1023 873 1123 920 tamen
1139 883 1203 920 inu-

54 931 209 994 nifieentiae
233 945 387 1014 appetunt
432 938 518 997 Unde
545 949 576 998 et
601 957 710 999 nomen
735 937 846 999 hahent
869 939 901 997 in
926 938 1028 1018 lingua
1053 935 1204 997 hebraica:

53 1030 139 1076 matta
159 1017 239 1077 enim
258 1030 404 1080 vocantur
422 1041 439 1082 a
459 1021 624 1104 largiendo,
646 1022 713 1100 quia
732 1039 796 1082 uon
816 1022 903 1082 aliurn
920 1023 951 1081 in
964 1022 1051 1082 linem
1062 1020 1118 1080 illis
1130 1040 1204 1111 pen·

54 1093 151 1184 duntus
162 1093 318 1230 vectiggilia
332 1107 362 1156 et
373 1095 493 1172 tributa,
513 1097 568 1158 nisi
588 1109 620 1158 ut
639 1099 676 1160 ad
696 1111 826 1179 sumptus
846 1099 969 1160 honoris
986 1097 1139 1178 splendori
1151 1116 1204 1156 ne·

55 1189 183 1229 cessarios
207 1191 241 1230 sn
277 1181 363 1232 crant.

86 1237 91 1246 ’
118 1251 165 1310 26.
201 1247 275 1307 Nori
299 1251 341 1307 itii
364 1252 419 1307 wis
444 1252 519 1308 tiam
542 1271 600 1310 uos.
645 1252 715 1312 Non
742 1249 863 1310 dubium
889 1261 947 1324 est,
971 1249 1043 1328 quin
1070 1244 1204 1306 Christus

53 1321 157 1382 stultam
181 1322 424 1420 imaginationem
448 1326 647 1410 perstringat,
677 1349 735 1408 qua
766 1327 886 1389 videbat
909 1323 1071 1406 Apostolos
1096 1323 1203 1401 decipi
1247 1331 1252 1342 “

53 1397 147 1474 Stulte,
166 1398 274 1478 inquit,
295 1413 325 1461 et
366 1421 500 1484 erperam
519 1423 645 1486 regnum
665 1404 749 1464 vobis
769 1403 889 1484 lingitis,
909 1423 924 1462 a
945 1421 1005 1481 quo
1023 1419 1080 1482 ego
1094 1398 1203 1458 abhor-

51 1495 105 1534 reo.
141 1475 223 1558 Ergo
244 1477 268 1538 si
288 1422 405 1538 fidelem
425 1499 547 1559 operam
565 1480 638 1540 mihi
657 1479 829 1560 impendere
842 1477 957 1560 cupitis,
976 1475 1031 1535 alia
1043 1475 1128 1536 vobis
1140 1495 1202 1534 me-

52 1551 156 1612 ditanda
177 1563 223 1612 est
241 1553 334 1627 ratio,
358 1565 393 1614 ut
416 1555 550 1616 certatim
576 1557 697 1647 quisque
718 1567 849 1634 ,restrum
870 1553 985 1615 studeat
1003 1551 1065 1611 aliis
1085 1552 1204 1613 servire.

52 1627 199 1688 Caeterum
219 1629 382 1720 improprie
399 1630 540 1711 loquitur,
558 1633 723 1694 ministrum
736 1631 800 1693 fieri
810 1631 925 1704 iubens,
945 1629 994 1708 qui
1006 1647 1128 1720 magnus
1141 1647 1203 1718 esse

51 1703 134 1764 volet:
153 1725 251 1785 neque
273 1725 353 1766 enim
372 1705 484 1787 patitur
503 1708 635 1784 ambitio,
655 1721 688 1768 ut
705 1730 736 1770 se
758 1708 821 1788 quis
841 1706 979 1768 iratribus
996 1705 1121 1778 addicat,
1141 1723 1201 1764 inio

50 1779 181 1842 subiiciat.
221 1781 378 1844 serviliter
397 1784 516 1864 quidem
535 1783 664 1845 blandiri
684 1785 789 1860 fateor,
810 1785 860 1863 qui
873 1784 909 1858 ad
922 1784 1051 1842 honores
1064 1802 1093 1842 as
1117 1779 1215 1852 itant,-

50 1857 94 1916 sed
112 1858 184 1918 nihil
202 1857 259 1919 illis
279 1858 380 1950 minus.
394 1861 578 1952 propositum
599 1875 643 1922 est
662 1883 748 1942 quam
768 1861 887 1923 servire.
918 1859 979 1918 Sed
996 1877 1079 1918 mens
1091 1801 1203 1918 basisti

54 1931 166 1994 obscura
178 1948 309 1996 nonest:
331 1957 397 2028 spina
418 1959 498 1998 enini
517 1959 642 2018 quisque
660 1939 690 1998 in
712 1959 842 1999 amorem
852 1938 897 1998 sui
907 1936 1029 2016 rapitur,
1049 1933 1107 1994 alio
1124 1933 1203 1995 bime
1302 1997 1306 2006 ,

53 2007 181 2071 allectum
202 2011 355 2072 transferri
375 2011 486 2074 debere
506 2015 694 2094 pronuntiat,
718 2015 777 2076 acsi
802 2014 930 2088 diceret,
954 2011 1001 2072 Sit
1026 2012 1097 2070 haec
1116 2011 1203 2070 unica

51 2097 135 2178 vestra
159 2109 204 2146 ina
249 2089 349 2162 itudo,
373 2090 545 2151 excellentia
566 2103 597 2152 et
616 2092 759 2172 dignitas,
784 2091 922 2152 iratribus
941 2109 995 2150 vos
1014 2086 1203 2150 submittere:

51 2173 81 2221 sit
98 2175 183 2226 etiam
224 2164 250 2224 ic
269 2165 421 2244 primatus,
440 2167 572 2226 omnium
592 2187 654 2227 esse
674 2189 783 2234 servos.

114 2245 161 2306 28„
209 2240 293 2301 Siout
305 2241 395 2319 filius
418 2239 549 2301 domim
598 2243 742 2322 Exemplo
763 2259 825 2302 'suu
858 2239 990 2301 Christus
1020 2236 1203 2327 superiorem

52 2313 205 2377 doctrinam
225 2315 394 2376 confirmat:
416 2317 482 2397 qnia
502 2317 580 2376 ultro
600 2319 677 2379 servi
691 2338 846 2396 personam
857 2314 1001 2390 induerit,
1021 2334 1055 2372 ac
1065 2334 1096 2372 se
1107 2334 1216 2394 ipsum¹

51 2392 230 2467 exinanierit,
255 2392 341 2451 sicuti
361 2393 449 2452 etiam
468 2391 577 2452 Paulus
597 2396 687 2454 docet
706 2391 798 2472 (Phil.
817 2401 847 2466 2,
867 2391 921 2468 7.).
959 2389 1059 2448 Porro
1084 2400 1118 2448 ut
1143 2388 1203 2448 ett-

50 2465 99 2528 rins
118 2465 240 2548 probet,
259 2479 399 2557 quantuni
420 2469 457 2528 ab
478 2467 632 2530 altitudine
652 2468 791 2544 abluerit,
811 2488 863 2529 eos
875 2467 911 2526 ad
923 2476 1050 2526 mortem
1062 2485 1142 2528 suam
1154 2485 1202 2524 re·
1294 2467 1302 2478 ⁴

49 2555 144 2619 vocat,
165 2543 371 2618 scribraret,
399 2543 479 2619 Quia
504 2565 556 2604 ros
580 2544 652 2606 mihi
671 2545 787 2605 bonore
808 2542 956 2624 proximos
976 2537 1088 2621 delegi,
1113 2561 1203 2620 prava

51 2619 165 2681 ambitio
186 2620 221 2680 ad
242 2621 427 2703 regnandum
445 2619 597 2696 sollicitat,
624 2639 682 2703 ego
703 2641 773 2683 vero
792 2621 846 2691 (ad
865 2618 946 2677 cuius
967 2615 1129 2697 exemplum
1150 2636 1202 2676 vos

49 2695 169 2757 formare
187 2696 276 2758 dmm
297 2697 442 2776 decebat)
461 2716 524 2756 non
545 2697 611 2758 veni
630 2711 663 2758 ut
680 2717 728 2758 me
749 2695 886 2768 efferam,
912 2694 960 2754 vel
980 2693 1135 2773 quicquain
1154 2713 1203 2751 re-

50 2771 121 2854 gium
140 2773 212 2834 mibi
232 2793 383 2864 usurpem:
403 2772 475 2853 quin
494 2774 594 2854 potius
613 2795 754 2834 unacum
773 2770 902 2866 ignobili
913 2782 944 2832 et
953 2779 1126 2859 contempto
1135 2787 1203 2858 ear-

50 2849 89 2907 nis
106 2848 208 2910 habitu
227 2871 321 2910 crucis
340 2850 349 2909 i
372 2849 532 2910 nominiam
548 2849 671 2930 suscepi.
701 2851 810 2931 Siquis
823 2847 952 2924 obiiciat,
973 2845 1122 2906 Christum
1134 2845 1202 2905 ideo

51 2923 131 2986 luisse
142 2925 296 2986 multatum
307 2947 323 2986 a
362 2940 436 3001 stre,
447 2938 480 2986 ut
491 2947 591 2988 coram
603 2947 639 2988 eo
650 2927 808 2988 flectantur
819 2945 908 2986 oinnc
921 2945 1010 3016 genu,
1020 2923 1051 2981 in
1062 2933 1202 3057 promptu

52 3012 91 3060 est
107 3002 230 3076 solutio,
256 3003 336 3082 qnod
356 3024 435 3063 nnnc
455 3003 526 3064 dicit
545 3004 582 3063 ad
601 3015 716 3085 tempus
736 3001 945 3064 humiliationis
965 3000 1087 3059 relerre.
1117 2999 1140 3088 ,Ι
1163 3018 1201 3058 eo

53 3079 121 3155 apud
130 3079 241 3141 Lucam
260 3081 386 3154 additur,
405 3081 446 3140 sie
465 3092 609 3142 versatum
629 3101 691 3142 esse
710 3079 789 3141 luter
809 3099 871 3154 eos,
890 3076 947 3138 acsi
965 3085 1041 3137 esset
1055 3075 1202 3135 minister:

53 3172 108 3212 non
128 3157 208 3235 quod
226 3155 317 3216 fuerit
335 3156 392 3216 illis
411 3156 460 3217 vel
478 3157 587 3237 specie,
606 3157 652 3217 vel
673 3157 770 3232 titulo,
789 3154 837 3216 vel
852 3175 886 3214 re
902 3152 912 3213 i
935 3175 965 3213 sa
977 3151 1102 3212 inferior
1114 3152 1201 3229 ι(Μι-
1221 3189 1225 3194 -
1259 3191 1262 3204 .

52 3229 134 3309 gbter
153 3233 232 3294 enim
253 3245 284 3292 et
301 3231 448 3294 Dominus
467 3233 589 3316 agnosci
608 3252 725 3312 semper
743 3232 850 3308 voluit)
881 3177 933 3291 sed
953 3229 1021 3309 quia
1035 3247 1069 3288 ex
1080 3225 1202 3288 coelesti

52 3304 138 3385 gloria
157 3308 194 3370 ad
211 3321 324 3370 mutarn
343 3309 595 3371 mansuetudinem
616 3309 775 3384 descendit,
794 3321 828 3369 ut
846 3275 976 3368 ierendis
996 3303 1202 3395 eoruminhr-

52 3380 192 3446 nitatibus
210 3385 352 3446 subesset
389 3387 436 3446 Ad
456 3387 529 3446 haec
549 3385 690 3446 memoria
704 3386 865 3447 tenendum
878 3395 932 3458 est,
951 3394 1202 3462 comparationem

54 3455 95 3518 bic
114 3460 176 3520 lieri
194 3461 313 3522 maioris
334 3474 365 3523 et
383 3461 515 3536 minoris,
533 3461 619 3521 sicuti
639 3461 715 3553 appd
735 3464 879 3523 Ioannem
899 3465 962 3538 (13,
980 3461 1060 3536 td),
1080 3457 1113 3546 Si
1133 3475 1203 3536 ego,

53 3535 98 3668 gui
115 3535 256 3620 Magister
275 3557 338 3597 snm
357 3559 392 3598 ae
410 3538 572 3614 Dominus,
596 3537 681 3600 vobis
701 3538 758 3599 lavi
778 3537 885 3620 pedes,
910 3535 1003 3594 multo
1030 3553 1123 3614 magis
1143 3531 1201 3590 boc

72 3609 157 3673 ebetis
177 3614 226 3674 alii
245 3614 308 3674 aliis
328 3625 486 3694 praestare.
1133 3681 1141 3696 ·

127 3687 164 3748 Ut
176 3689 229 3752 ‘det
246 3694 375 3752 omnium
392 3713 475 3752 mmm
492 3688 721 3768 sumptim.
760 3691 866 3752 Mortis
892 3695 945 3767 (ut
964 3686 1104 3774 diximus)
1131 3682 1202 3774 idco

54 3759 124 3824 lacta
148 3777 191 3828 est
216 3788 233 3827 a
254 3767 375 3828 Christo
400 3767 530 3841 mentio,
556 3778 589 3826 ut
613 3765 771 3847 discipulos
791 3788 807 3827 a
827 3785 966 3847 perverso
986 3781 1072 3844 regni
1091 3770 1203 3849 'terrem

53 3834 186 3919 figmento
206 3843 398 3906 abstraheret.
437 3845 554 3903 Interea
581 3854 649 3923 apte
672 3844 803 3923 sciteque
829 3843 871 3903 ris
892 3852 923 3902 et
942 3839 1051 3900 liumus
1072 3855 1133 3894 eins
1153 3853 1204 3894 ei-

54 3915 192 3996 primitur,
210 3921 280 3981 dum
299 3919 483 3984 sitammam
500 3920 627 3999 pretium
638 3930 756 3981 nostrae
768 3916 978 3998 redemptionis
990 3933 1052 3974 esse
1063 3911 1204 4002 affirmata

55 3991 124 4052 unde
134 3997 274 4084 seqnitpr,
294 3995 381 4058 nobis
437 3996 555 4056 atuitam
577 4017 638 4056 esse
658 3996 932 4064 reconciliationem
948 4011 1013 4052 cum
1023 3989 1103 4066 Deo,
1123 4009 1203 4050 cuius

55 4085 112 4126 non
129 4070 197 4132 alibi
218 4089 304 4164 qnam
323 4073 394 4134 inC
416 4070 480 4134 risti
499 4083 594 4132 morte
613 4073 740 4164 pretium
759 4072 915 4152 reperitur.
949 4069 1052 4147 ltaque
1069 4065 1126 4156 hac
1146 4083 1205 4156 una

55 4161 124 4204 voce
142 4161 291 4226 evertitur,
311 4151 451 4232 quiequid
471 4147 508 4208 de
527 4149 635 4229 putidis
655 4150 713 4209 suis
733 4145 979 4210 satisfactionibus
999 4142 1203 4233 garmarita·-

57 4217 150 4352 gistae.
194 4225 290 4288 Porro
323 4249 412 4308 quum
443 4245 498 4286 uos
523 4225 579 4286 sihi
612 4238 710 4286 rnorte
734 4247 785 4285 sna
809 4224 841 4282 in
866 4221 1013 4302 peculium
1040 4225 1207 4298 acquisierit

82 4293 192 4376 hristus,
212 4303 286 4363 adeo
307 4304 464 4364 immensae
486 4300 547 4362 eius
563 4300 676 4384 gloriae
690 4299 763 4362 nibil
775 4296 981 4380 deiogatbaec
993 4297 1029 4358 de
1040 4317 1096 4378 qua
1108 4294 1201 4385 loqui-

55 4378 99 4430 tur
118 4375 286 4455 submissio,
314 4391 346 4440 ut
366 4401 429 4461 cam
450 4378 572 4440 maxime
592 4376 725 4437 illustret.
765 4377 879 4437 Multos
898 4375 984 4456 ponit
1002 4395 1064 4434 non
1086 4373 1205 4432 desimte

353 4605 363 4634 l
